[{"TEO": {"quote": {"05/11/2021": {"value": "4.7300", "Market Cap": "2.037B", "Beta (5Y Monthly)": "0.89", "PE Ratio (TTM)": "N/A", "EPS (TTM)": "-0.1400", "Earnings Date": "N/A", "Forward Dividend & Yield": "0.37 (7.94%)", "Ex-Dividend Date": "Nov 20, 2020", "1y Target Est": "11.06"}}, "fin": {"TTM": {"Duration": "TTM", "Total Revenue": "301,596,000", "Cost of Revenue": "134,043,000", "Gross Profit": "167,553,000", "Operating Expense": "139,242,000", "Operating Income": "28,311,000", "Net Non Operating Interest Income Expense": "-12,906,000", "Other Income Expense": "-12,258,000", "Pretax Income": "3,147,000", "Tax Provision": "8,251,000", "Net Income Common Stockholders": "-5,715,000", "Diluted NI Available to Com Stockholders": "-5,715,000", "Basic EPS": "-", "Diluted EPS": "-", "Basic Average Shares": "-", "Diluted Average Shares": "-", "Total Operating Income as Reported": "20,294,000", "Rent Expense Supplemental": "-", "Total Expenses": "273,285,000", "Net Income from Continuing & Discontinued Operation": "-5,715,000", "Normalized Income": "3,212,800", "Interest Income": "-", "Interest Expense": "15,723,000", "Net Interest Income": "-12,906,000", "EBIT": "18,870,000", "EBITDA": "101,464,000", "Reconciled Cost of Revenue": "134,043,000", "Reconciled Depreciation": "82,594,000", "Net Income from Continuing Operation Net Minority Interest": "-5,715,000", "Total Unusual Items Excluding Goodwill": "-12,754,000", "Total Unusual Items": "-12,754,000", "Normalized EBITDA": "114,218,000", "Tax Rate for Calcs": "0", "Tax Effect of Unusual Items": "-3,826,200"}, "12/31/2020": {"Duration": "12/31/2020", "Total Revenue": "301,596,000", "Cost of Revenue": "134,043,000", "Gross Profit": "167,553,000", "Operating Expense": "139,242,000", "Operating Income": "28,311,000", "Net Non Operating Interest Income Expense": "-12,906,000", "Other Income Expense": "-12,258,000", "Pretax Income": "3,147,000", "Tax Provision": "8,251,000", "Net Income Common Stockholders": "-5,715,000", "Diluted NI Available to Com Stockholders": "-5,715,000", "Basic EPS": "-13.27", "Diluted EPS": "-13.27", "Basic Average Shares": "430,738", "Diluted Average Shares": "430,738", "Total Operating Income as Reported": "20,294,000", "Rent Expense Supplemental": "-", "Total Expenses": "273,285,000", "Net Income from Continuing & Discontinued Operation": "-5,715,000", "Normalized Income": "3,212,800", "Interest Income": "-", "Interest Expense": "15,723,000", "Net Interest Income": "-12,906,000", "EBIT": "18,870,000", "EBITDA": "-", "Reconciled Cost of Revenue": "134,043,000", "Reconciled Depreciation": "82,594,000", "Net Income from Continuing Operation Net Minority Interest": "-5,715,000", "Total Unusual Items Excluding Goodwill": "-12,754,000", "Total Unusual Items": "-12,754,000", "Normalized EBITDA": "114,218,000", "Tax Rate for Calcs": "0", "Tax Effect of Unusual Items": "-3,826,200"}, "12/31/2019": {"Duration": "12/31/2019", "Total Revenue": "237,024,000", "Cost of Revenue": "109,438,000", "Gross Profit": "127,586,000", "Operating Expense": "105,070,000", "Operating Income": "22,516,000", "Net Non Operating Interest Income Expense": "-12,101,000", "Other Income Expense": "-133,000", "Pretax Income": "10,282,000", "Tax Provision": "14,170,000", "Net Income Common Stockholders": "-4,396,000", "Diluted NI Available to Com Stockholders": "-4,396,000", "Basic EPS": "-10.21", "Diluted EPS": "-10.21", "Basic Average Shares": "430,738", "Diluted Average Shares": "430,738", "Total Operating Income as Reported": "15,795,000", "Rent Expense Supplemental": "1,992,000", "Total Expenses": "214,508,000", "Net Income from Continuing & Discontinued Operation": "-4,396,000", "Normalized Income": "885,500", "Interest Income": "2,842,000", "Interest Expense": "12,520,000", "Net Interest Income": "-12,101,000", "EBIT": "22,802,000", "EBITDA": "-", "Reconciled Cost of Revenue": "109,438,000", "Reconciled Depreciation": "58,725,000", "Net Income from Continuing Operation Net Minority Interest": "-4,396,000", "Total Unusual Items Excluding Goodwill": "-7,545,000", "Total Unusual Items": "-7,545,000", "Normalized EBITDA": "89,072,000", "Tax Rate for Calcs": "0", "Tax Effect of Unusual Items": "-2,263,500"}, "12/31/2018": {"Duration": "12/31/2018", "Total Revenue": "168,046,000", "Cost of Revenue": "73,657,000", "Gross Profit": "94,389,000", "Operating Expense": "71,251,000", "Operating Income": "23,138,000", "Net Non Operating Interest Income Expense": "-3,114,000", "Other Income Expense": "-17,326,000", "Pretax Income": "2,698,000", "Tax Provision": "-2,838,000", "Net Income Common Stockholders": "5,294,000", "Diluted NI Available to Com Stockholders": "5,294,000", "Basic EPS": "12.29", "Diluted EPS": "12.29", "Basic Average Shares": "430,738", "Diluted Average Shares": "430,738", "Total Operating Income as Reported": "21,257,000", "Rent Expense Supplemental": "3,321,000", "Total Expenses": "144,908,000", "Net Income from Continuing & Discontinued Operation": "5,294,000", "Normalized Income": "26,969,500", "Interest Income": "1,898,000", "Interest Expense": "5,146,000", "Net Interest Income": "-3,114,000", "EBIT": "7,844,000", "EBITDA": "-", "Reconciled Cost of Revenue": "75,747,000", "Reconciled Depreciation": "33,021,000", "Net Income from Continuing Operation Net Minority Interest": "5,294,000", "Total Unusual Items Excluding Goodwill": "-30,965,000", "Total Unusual Items": "-30,965,000", "Normalized EBITDA": "73,920,000", "Tax Rate for Calcs": "0", "Tax Effect of Unusual Items": "-9,289,500"}}, "bs": {"12/31/2020": {"Duration": "12/31/2020", "Total Assets": "752,054,000", "Total Liabilities Net Minority Interest": "363,199,000", "Total Equity Gross Minority Interest": "388,855,000", "Total Capitalization": "541,054,000", "Common Stock Equity": "382,456,000", "Capital Lease Obligations": "10,302,000", "Net Tangible Assets": "26,522,000", "Working Capital": "-52,787,000", "Invested Capital": "582,656,000", "Tangible Book Value": "26,522,000", "Total Debt": "210,502,000", "Net Debt": "181,673,000", "Share Issued": "2,153,688", "Ordinary Shares Number": "2,153,688", "Treasury Shares Number": "-"}, "12/31/2019": {"Duration": "12/31/2019", "Total Assets": "578,150,000", "Total Liabilities Net Minority Interest": "268,304,000", "Total Equity Gross Minority Interest": "309,846,000", "Total Capitalization": "421,780,000", "Common Stock Equity": "305,078,000", "Capital Lease Obligations": "6,311,000", "Net Tangible Assets": "37,329,000", "Working Capital": "-35,203,000", "Invested Capital": "456,699,000", "Tangible Book Value": "37,329,000", "Total Debt": "157,932,000", "Net Debt": "126,039,000", "Share Issued": "2,153,688", "Ordinary Shares Number": "2,153,688", "Treasury Shares Number": "-"}, "12/31/2018": {"Duration": "12/31/2018", "Total Assets": "371,738,000", "Total Liabilities Net Minority Interest": "142,825,000", "Total Equity Gross Minority Interest": "228,913,000", "Total Capitalization": "284,954,000", "Common Stock Equity": "225,686,000", "Capital Lease Obligations": "-", "Net Tangible Assets": "45,367,000", "Working Capital": "-19,958,000", "Invested Capital": "304,898,000", "Tangible Book Value": "45,367,000", "Total Debt": "79,212,000", "Net Debt": "72,321,000", "Share Issued": "2,168,909", "Ordinary Shares Number": "2,153,688", "Treasury Shares Number": "15,221"}}, "cf": {"TTM": {"Duration": "TTM", "Operating Cash Flow": "-", "Investing Cash Flow": "-", "Financing Cash Flow": "-", "End Cash Position": "-", "Capital Expenditure": "-", "Issuance of Debt": "-", "Repayment of Debt": "-", "Free Cash Flow": "-"}, "12/31/2019": {"Duration": "12/31/2019", "Operating Cash Flow": "81,933,000", "Investing Cash Flow": "-44,790,000", "Financing Cash Flow": "-25,043,000", "End Cash Position": "25,582,000", "Capital Expenditure": "-50,798,000", "Issuance of Debt": "58,507,000", "Repayment of Debt": "-40,129,000", "Free Cash Flow": "31,135,000"}, "12/31/2018": {"Duration": "12/31/2018", "Operating Cash Flow": "42,426,000", "Investing Cash Flow": "-31,285,000", "Financing Cash Flow": "-14,597,000", "End Cash Position": "6,891,000", "Capital Expenditure": "-42,480,000", "Issuance of Debt": "27,769,000", "Repayment of Debt": "-4,512,000", "Free Cash Flow": "-54,000"}}}}, {"WIFI": {"quote": {"05/11/2021": {"value": "13.98", "Market Cap": "625.843M", "Beta (5Y Monthly)": "N/A", "PE Ratio (TTM)": "N/A", "EPS (TTM)": "-0.42", "Earnings Date": "Aug 02, 2021 - Aug 06, 2021", "Forward Dividend & Yield": "N/A (N/A)", "Ex-Dividend Date": "N/A", "1y Target Est": "14.00"}}, "fin": {"TTM": {"Duration": "TTM", "Total Revenue": "237,416", "Cost of Revenue": "114,784", "Gross Profit": "122,632", "Operating Expense": "131,749", "Operating Income": "-9,117", "Net Non Operating Interest Income Expense": "-8,416", "Other Income Expense": "-50", "Pretax Income": "-17,583", "Tax Provision": "157", "Net Income Common Stockholders": "-17,093", "Diluted NI Available to Com Stockholders": "-17,093", "Basic EPS": "-", "Diluted EPS": "-", "Basic Average Shares": "-", "Diluted Average Shares": "-", "Total Operating Income as Reported": "-9,117", "Total Expenses": "246,533", "Net Income from Continuing & Discontinued Operation": "-17,093", "Normalized Income": "-17,093", "Interest Income": "588", "Interest Expense": "9,004", "Net Interest Income": "-8,416", "EBIT": "-8,579", "EBITDA": "74,022", "Reconciled Cost of Revenue": "36,471", "Reconciled Depreciation": "82,601", "Net Income from Continuing Operation Net Minority Interest": "-17,093", "Normalized EBITDA": "74,022", "Tax Rate for Calcs": "0", "Tax Effect of Unusual Items": "0"}, "12/31/2020": {"Duration": "12/31/2020", "Total Revenue": "237,416", "Cost of Revenue": "114,784", "Gross Profit": "122,632", "Operating Expense": "131,749", "Operating Income": "-9,117", "Net Non Operating Interest Income Expense": "-8,416", "Other Income Expense": "-50", "Pretax Income": "-17,583", "Tax Provision": "157", "Net Income Common Stockholders": "-17,093", "Diluted NI Available to Com Stockholders": "-17,093", "Basic EPS": "-0.38", "Diluted EPS": "-0.38", "Basic Average Shares": "44,440", "Diluted Average Shares": "44,440", "Total Operating Income as Reported": "-9,117", "Total Expenses": "246,533", "Net Income from Continuing & Discontinued Operation": "-17,093", "Normalized Income": "-17,093", "Interest Income": "588", "Interest Expense": "9,004", "Net Interest Income": "-8,416", "EBIT": "-8,579", "EBITDA": "-", "Reconciled Cost of Revenue": "36,471", "Reconciled Depreciation": "82,601", "Net Income from Continuing Operation Net Minority Interest": "-17,093", "Normalized EBITDA": "74,022", "Tax Rate for Calcs": "0", "Tax Effect of Unusual Items": "0"}, "12/31/2019": {"Duration": "12/31/2019", "Total Revenue": "263,790", "Cost of Revenue": "176,640", "Gross Profit": "87,150", "Operating Expense": "90,854", "Operating Income": "-3,704", "Net Non Operating Interest Income Expense": "-6,601", "Other Income Expense": "-", "Pretax Income": "-10,305", "Tax Provision": "-28", "Net Income Common Stockholders": "-10,296", "Diluted NI Available to Com Stockholders": "-10,296", "Basic EPS": "-0.23", "Diluted EPS": "-0.23", "Basic Average Shares": "43,977", "Diluted Average Shares": "43,977", "Total Operating Income as Reported": "-3,704", "Total Expenses": "267,494", "Net Income from Continuing & Discontinued Operation": "-10,296", "Normalized Income": "-10,296", "Interest Income": "2,017", "Interest Expense": "8,618", "Net Interest Income": "-6,601", "EBIT": "-1,687", "EBITDA": "-", "Reconciled Cost of Revenue": "105,778", "Reconciled Depreciation": "75,433", "Net Income from Continuing Operation Net Minority Interest": "-10,296", "Normalized EBITDA": "73,746", "Tax Rate for Calcs": "0", "Tax Effect of Unusual Items": "0"}, "12/31/2018": {"Duration": "12/31/2018", "Total Revenue": "250,821", "Cost of Revenue": "165,787", "Gross Profit": "85,034", "Operating Expense": "88,031", "Operating Income": "-2,997", "Net Non Operating Interest Income Expense": "-1,887", "Other Income Expense": "-", "Pretax Income": "-4,884", "Tax Provision": "-5,153", "Net Income Common Stockholders": "-1,220", "Diluted NI Available to Com Stockholders": "-1,220", "Basic EPS": "-0.03", "Diluted EPS": "-0.03", "Basic Average Shares": "42,066", "Diluted Average Shares": "42,066", "Total Operating Income as Reported": "-2,997", "Total Expenses": "253,818", "Net Income from Continuing & Discontinued Operation": "-1,220", "Normalized Income": "-1,220", "Interest Income": "-", "Interest Expense": "1,887", "Net Interest Income": "-1,887", "EBIT": "-2,997", "EBITDA": "-", "Reconciled Cost of Revenue": "86,950", "Reconciled Depreciation": "82,547", "Net Income from Continuing Operation Net Minority Interest": "-1,220", "Normalized EBITDA": "79,550", "Tax Rate for Calcs": "0", "Tax Effect of Unusual Items": "0"}}, "bs": {"12/31/2020": {"Duration": "12/31/2020", "Total Assets": "576,479", "Total Liabilities Net Minority Interest": "494,558", "Total Equity Gross Minority Interest": "81,921", "Total Capitalization": "253,222", "Common Stock Equity": "81,527", "Capital Lease Obligations": "17,692", "Net Tangible Assets": "12,296", "Working Capital": "-71,063", "Invested Capital": "254,095", "Tangible Book Value": "12,296", "Total Debt": "190,260", "Net Debt": "136,457", "Share Issued": "44,631", "Ordinary Shares Number": "44,631"}, "12/31/2019": {"Duration": "12/31/2019", "Total Assets": "600,467", "Total Liabilities Net Minority Interest": "506,986", "Total Equity Gross Minority Interest": "93,481", "Total Capitalization": "255,046", "Common Stock Equity": "92,243", "Capital Lease Obligations": "23,345", "Net Tangible Assets": "18,724", "Working Capital": "-36,200", "Invested Capital": "257,351", "Tangible Book Value": "18,724", "Total Debt": "188,453", "Net Debt": "124,707", "Share Issued": "44,224", "Ordinary Shares Number": "44,224"}, "12/31/2018": {"Duration": "12/31/2018", "Total Assets": "602,900", "Total Liabilities Net Minority Interest": "472,778", "Total Equity Gross Minority Interest": "130,122", "Total Capitalization": "279,581", "Common Stock Equity": "127,911", "Capital Lease Obligations": "11,523", "Net Tangible Assets": "49,119", "Working Capital": "28,802", "Invested Capital": "279,581", "Tangible Book Value": "49,119", "Total Debt": "163,193", "Net Debt": "2,258", "Share Issued": "42,669", "Ordinary Shares Number": "42,669"}}, "cf": {"TTM": {"Duration": "TTM", "Operating Cash Flow": "72,548", "Investing Cash Flow": "-70,629", "Financing Cash Flow": "-6,309", "End Cash Position": "36,111", "Income Tax Paid Supplemental Data": "287", "Interest Paid Supplemental Data": "853", "Capital Expenditure": "-106,262", "Issuance of Debt": "100,000", "Repayment of Debt": "-105,025", "Repurchase of Capital Stock": "0", "Free Cash Flow": "-33,714"}, "12/31/2020": {"Duration": "12/31/2020", "Operating Cash Flow": "72,548", "Investing Cash Flow": "-70,629", "Financing Cash Flow": "-6,309", "End Cash Position": "36,111", "Income Tax Paid Supplemental Data": "287", "Interest Paid Supplemental Data": "853", "Capital Expenditure": "-106,262", "Issuance of Debt": "100,000", "Repayment of Debt": "-105,025", "Repurchase of Capital Stock": "0", "Free Cash Flow": "-33,714"}, "12/31/2019": {"Duration": "12/31/2019", "Operating Cash Flow": "108,710", "Investing Cash Flow": "-173,280", "Financing Cash Flow": "-44,428", "End Cash Position": "40,401", "Income Tax Paid Supplemental Data": "-", "Interest Paid Supplemental Data": "154", "Capital Expenditure": "-133,696", "Issuance of Debt": "3,500", "Repayment of Debt": "-7,386", "Repurchase of Capital Stock": "-747", "Free Cash Flow": "-24,986"}, "12/31/2018": {"Duration": "12/31/2018", "Operating Cash Flow": "93,321", "Investing Cash Flow": "-133,354", "Financing Cash Flow": "162,825", "End Cash Position": "149,412", "Income Tax Paid Supplemental Data": "565", "Interest Paid Supplemental Data": "0", "Capital Expenditure": "-108,730", "Issuance of Debt": "210,716", "Repayment of Debt": "-22,056", "Repurchase of Capital Stock": "-", "Free Cash Flow": "-15,409"}}}}, {"CCI": {"quote": {"05/11/2021": {"value": "182.17", "Market Cap": "78.732B", "Beta (5Y Monthly)": "0.37", "PE Ratio (TTM)": "86.95", "EPS (TTM)": "2.10", "Earnings Date": "Jul 27, 2021 - Aug 02, 2021", "Forward Dividend & Yield": "5.32 (2.90%)", "Ex-Dividend Date": "Mar 12, 2021", "1y Target Est": "193.94"}}, "fin": {"TTM": {"Duration": "TTM", "Total Revenue": "5,837,000", "Cost of Revenue": "1,991,000", "Gross Profit": "3,846,000", "Operating Expense": "2,168,000", "Operating Income": "1,678,000", "Net Non Operating Interest Income Expense": "-668,000", "Other Income Expense": "-47,000", "Pretax Income": "963,000", "Tax Provision": "21,000", "Net Income Common Stockholders": "829,000", "Diluted NI Available to Com Stockholders": "829,000", "Basic EPS": "-", "Diluted EPS": "-", "Basic Average Shares": "-", "Diluted Average Shares": "-", "Total Operating Income as Reported": "1,638,000", "Total Expenses": "4,159,000", "Net Income from Continuing & Discontinued Operation": "942,000", "Normalized Income": "983,084", "Interest Income": "6,000", "Interest Expense": "656,000", "Net Interest Income": "-668,000", "EBIT": "1,619,000", "EBITDA": "3,185,000", "Reconciled Cost of Revenue": "1,991,000", "Reconciled Depreciation": "1,566,000", "Net Income from Continuing Operation Net Minority Interest": "942,000", "Total Unusual Items Excluding Goodwill": "-42,000", "Total Unusual Items": "-42,000", "Normalized EBITDA": "3,227,000", "Tax Rate for Calcs": "0", "Tax Effect of Unusual Items": "-915.8879"}, "12/31/2020": {"Duration": "12/31/2020", "Total Revenue": "5,840,000", "Cost of Revenue": "1,969,000", "Gross Profit": "3,871,000", "Operating Expense": "1,924,000", "Operating Income": "1,947,000", "Net Non Operating Interest Income Expense": "-687,000", "Other Income Expense": "-184,000", "Pretax Income": "1,076,000", "Tax Provision": "20,000", "Net Income Common Stockholders": "999,000", "Diluted NI Available to Com Stockholders": "999,000", "Basic EPS": "-", "Diluted EPS": "-", "Basic Average Shares": "-", "Diluted Average Shares": "-", "Total Operating Income as Reported": "1,863,000", "Total Expenses": "3,893,000", "Net Income from Continuing & Discontinued Operation": "1,056,000", "Normalized Income": "1,231,673", "Interest Income": "2,000", "Interest Expense": "666,000", "Net Interest Income": "-687,000", "EBIT": "1,742,000", "EBITDA": "-", "Reconciled Cost of Revenue": "1,969,000", "Reconciled Depreciation": "1,608,000", "Net Income from Continuing Operation Net Minority Interest": "1,056,000", "Total Unusual Items Excluding Goodwill": "-179,000", "Total Unusual Items": "-179,000", "Normalized EBITDA": "3,529,000", "Tax Rate for Calcs": "0", "Tax Effect of Unusual Items": "-3,327"}, "12/31/2019": {"Duration": "12/31/2019", "Total Revenue": "5,763,000", "Cost of Revenue": "1,986,000", "Gross Profit": "3,777,000", "Operating Expense": "2,186,000", "Operating Income": "1,591,000", "Net Non Operating Interest Income Expense": "-677,000", "Other Income Expense": "-33,000", "Pretax Income": "881,000", "Tax Provision": "21,000", "Net Income Common Stockholders": "747,000", "Diluted NI Available to Com Stockholders": "747,000", "Basic EPS": "1.80", "Diluted EPS": "1.80", "Basic Average Shares": "416,000", "Diluted Average Shares": "418,000", "Total Operating Income as Reported": "1,559,000", "Total Expenses": "4,172,000", "Net Income from Continuing & Discontinued Operation": "860,000", "Normalized Income": "893,190", "Interest Income": "6,000", "Interest Expense": "662,000", "Net Interest Income": "-677,000", "EBIT": "1,543,000", "EBITDA": "-", "Reconciled Cost of Revenue": "1,986,000", "Reconciled Depreciation": "1,572,000", "Net Income from Continuing Operation Net Minority Interest": "860,000", "Total Unusual Items Excluding Goodwill": "-34,000", "Total Unusual Items": "-34,000", "Normalized EBITDA": "3,149,000", "Tax Rate for Calcs": "0", "Tax Effect of Unusual Items": "-810.4427"}, "12/31/2018": {"Duration": "12/31/2018", "Total Revenue": "5,423,000", "Cost of Revenue": "1,847,000", "Gross Profit": "3,576,000", "Operating Expense": "2,091,000", "Operating Income": "1,485,000", "Net Non Operating Interest Income Expense": "-637,000", "Other Income Expense": "-158,000", "Pretax Income": "690,000", "Tax Provision": "19,000", "Net Income Common Stockholders": "558,000", "Diluted NI Available to Com Stockholders": "558,000", "Basic EPS": "1.35", "Diluted EPS": "1.34", "Basic Average Shares": "413,000", "Diluted Average Shares": "415,000", "Total Operating Income as Reported": "1,432,000", "Total Expenses": "3,938,000", "Net Income from Continuing & Discontinued Operation": "671,000", "Normalized Income": "825,622", "Interest Income": "5,000", "Interest Expense": "620,000", "Net Interest Income": "-637,000", "EBIT": "1,310,000", "EBITDA": "-", "Reconciled Cost of Revenue": "1,847,000", "Reconciled Depreciation": "1,528,000", "Net Income from Continuing Operation Net Minority Interest": "671,000", "Total Unusual Items Excluding Goodwill": "-159,000", "Total Unusual Items": "-159,000", "Normalized EBITDA": "2,997,000", "Tax Rate for Calcs": "0", "Tax Effect of Unusual Items": "-4,378"}}, "bs": {"12/31/2020": {"Duration": "12/31/2020", "Total Assets": "38,768,000", "Total Liabilities Net Minority Interest": "29,307,000", "Total Equity Gross Minority Interest": "9,461,000", "Total Capitalization": "28,612,000", "Preferred Stock Equity": "-", "Common Stock Equity": "9,461,000", "Capital Lease Obligations": "6,137,000", "Net Tangible Assets": "-5,050,000", "Working Capital": "-865,000", "Invested Capital": "28,741,000", "Tangible Book Value": "-5,050,000", "Total Debt": "25,417,000", "Net Debt": "19,048,000", "Share Issued": "431,000", "Ordinary Shares Number": "431,000", "Preferred Shares Number": "2,000"}, "12/31/2019": {"Duration": "12/31/2019", "Total Assets": "32,621,000", "Total Liabilities Net Minority Interest": "20,775,000", "Total Equity Gross Minority Interest": "11,846,000", "Total Capitalization": "28,159,000", "Preferred Stock Equity": "-", "Common Stock Equity": "11,846,000", "Capital Lease Obligations": "5,810,000", "Net Tangible Assets": "-3,848,000", "Working Capital": "-139,000", "Invested Capital": "28,270,000", "Tangible Book Value": "-3,848,000", "Total Debt": "16,424,000", "Net Debt": "16,101,000", "Share Issued": "416,000", "Ordinary Shares Number": "416,000", "Preferred Shares Number": "2,000"}, "12/31/2018": {"Duration": "12/31/2018", "Total Assets": "32,785,000", "Total Liabilities Net Minority Interest": "20,751,000", "Total Equity Gross Minority Interest": "12,034,000", "Total Capitalization": "28,609,000", "Preferred Stock Equity": "-", "Common Stock Equity": "12,034,000", "Capital Lease Obligations": "-", "Net Tangible Assets": "-3,560,000", "Working Capital": "-188,000", "Invested Capital": "28,716,000", "Tangible Book Value": "-3,560,000", "Total Debt": "16,682,000", "Net Debt": "16,405,000", "Share Issued": "415,000", "Ordinary Shares Number": "415,000", "Preferred Shares Number": "2,000"}}, "cf": {"TTM": {"Duration": "TTM", "Operating Cash Flow": "2,618,000", "Investing Cash Flow": "-2,064,000", "Financing Cash Flow": "-682,000", "Cash Flow from Discontinued Operation": "-", "End Cash Position": "325,000", "Income Tax Paid Supplemental Data": "19,000", "Interest Paid Supplemental Data": "653,000", "Capital Expenditure": "-2,038,000", "Issuance of Capital Stock": "0", "Issuance of Debt": "4,009,000", "Repayment of Debt": "-2,630,000", "Repurchase of Capital Stock": "-44,000", "Free Cash Flow": "580,000"}, "12/31/2020": {"Duration": "12/31/2020", "Operating Cash Flow": "3,055,000", "Investing Cash Flow": "-1,741,000", "Financing Cash Flow": "-1,271,000", "Cash Flow from Discontinued Operation": "-", "End Cash Position": "381,000", "Income Tax Paid Supplemental Data": "19,000", "Interest Paid Supplemental Data": "653,000", "Capital Expenditure": "-1,624,000", "Issuance of Capital Stock": "0", "Issuance of Debt": "6,163,000", "Repayment of Debt": "-5,260,000", "Repurchase of Capital Stock": "-76,000", "Free Cash Flow": "1,431,000"}, "12/31/2019": {"Duration": "12/31/2019", "Operating Cash Flow": "2,698,000", "Investing Cash Flow": "-2,081,000", "Financing Cash Flow": "-692,000", "Cash Flow from Discontinued Operation": "-", "End Cash Position": "338,000", "Income Tax Paid Supplemental Data": "16,000", "Interest Paid Supplemental Data": "661,000", "Capital Expenditure": "-2,057,000", "Issuance of Capital Stock": "0", "Issuance of Debt": "4,004,000", "Repayment of Debt": "-2,758,000", "Repurchase of Capital Stock": "-44,000", "Free Cash Flow": "641,000"}, "12/31/2018": {"Duration": "12/31/2018", "Operating Cash Flow": "2,502,000", "Investing Cash Flow": "-1,795,000", "Financing Cash Flow": "-733,000", "Cash Flow from Discontinued Operation": "-", "End Cash Position": "413,000", "Income Tax Paid Supplemental Data": "17,000", "Interest Paid Supplemental Data": "619,000", "Capital Expenditure": "-1,741,000", "Issuance of Capital Stock": "841,000", "Issuance of Debt": "4,562,000", "Repayment of Debt": "-4,176,000", "Repurchase of Capital Stock": "-34,000", "Free Cash Flow": "761,000"}}}}, {"VG": {"quote": {"03/20/2021": {"value": "12.06", "Market Cap": "3.005B", "Beta (5Y Monthly)": "0.58", "PE Ratio (TTM)": "N/A", "EPS (TTM)": "-0.15", "Earnings Date": "May 05, 2021 - May 10, 2021", "Forward Dividend & Yield": "N/A (N/A)", "Ex-Dividend Date": "N/A", "1y Target Est": "15.36"}}, "fin": {"TTM": {"Duration": "TTM", "Total Revenue": "1,189,346", "Cost of Revenue": "511,084", "Gross Profit": "678,262", "Operating Expense": "671,499", "Operating Income": "6,763", "Net Non Operating Interest Income Expense": "-32,821", "Other Income Expense": "-50", "Pretax Income": "-26,108", "Tax Provision": "-6,626", "Net Income Common Stockholders": "-19,482", "Diluted NI Available to Com Stockholders": "-19,482", "Basic EPS": "-", "Diluted EPS": "-", "Basic Average Shares": "-", "Diluted Average Shares": "-", "Total Operating Income as Reported": "6,763", "Total Expenses": "1,182,583", "Net Income from Continuing & Discontinued Operation": "-19,482", "Normalized Income": "-19,482", "Interest Income": "-", "Interest Expense": "32,821", "Net Interest Income": "-32,821", "EBIT": "6,713", "EBITDA": "92,969", "Reconciled Cost of Revenue": "511,084", "Reconciled Depreciation": "86,256", "Net Income from Continuing Operation Net Minority Interest": "-19,482", "Normalized EBITDA": "92,969", "Tax Rate for Calcs": "0", "Tax Effect of Unusual Items": "0"}, "12/31/2020": {"Duration": "12/31/2020", "Total Revenue": "1,247,934", "Cost of Revenue": "553,523", "Gross Profit": "694,411", "Operating Expense": "694,560", "Operating Income": "-149", "Net Non Operating Interest Income Expense": "-32,160", "Other Income Expense": "314", "Pretax Income": "-31,995", "Tax Provision": "4,217", "Net Income Common Stockholders": "-36,212", "Diluted NI Available to Com Stockholders": "-36,212", "Basic EPS": "-0.15", "Diluted EPS": "-0.15", "Basic Average Shares": "246,082", "Diluted Average Shares": "246,082", "Total Operating Income as Reported": "-149", "Total Expenses": "1,248,083", "Net Income from Continuing & Discontinued Operation": "-36,212", "Normalized Income": "-36,212", "Interest Income": "-", "Interest Expense": "30,566", "Net Interest Income": "-32,160", "EBIT": "-1,429", "EBITDA": "-", "Reconciled Cost of Revenue": "553,523", "Reconciled Depreciation": "88,917", "Net Income from Continuing Operation Net Minority Interest": "-36,212", "Normalized EBITDA": "87,488", "Tax Rate for Calcs": "0", "Tax Effect of Unusual Items": "0"}, "12/31/2019": {"Duration": "12/31/2019", "Total Revenue": "1,189,346", "Cost of Revenue": "511,084", "Gross Profit": "678,262", "Operating Expense": "671,499", "Operating Income": "6,763", "Net Non Operating Interest Income Expense": "-32,821", "Other Income Expense": "-50", "Pretax Income": "-26,108", "Tax Provision": "-6,626", "Net Income Common Stockholders": "-19,482", "Diluted NI Available to Com Stockholders": "-19,482", "Basic EPS": "-0.08", "Diluted EPS": "-0.08", "Basic Average Shares": "242,018", "Diluted Average Shares": "242,018", "Total Operating Income as Reported": "6,763", "Total Expenses": "1,182,583", "Net Income from Continuing & Discontinued Operation": "-19,482", "Normalized Income": "-19,482", "Interest Income": "-", "Interest Expense": "32,821", "Net Interest Income": "-32,821", "EBIT": "6,713", "EBITDA": "-", "Reconciled Cost of Revenue": "511,084", "Reconciled Depreciation": "86,256", "Net Income from Continuing Operation Net Minority Interest": "-19,482", "Normalized EBITDA": "92,969", "Tax Rate for Calcs": "0", "Tax Effect of Unusual Items": "0"}, "12/31/2018": {"Duration": "12/31/2018", "Total Revenue": "1,048,782", "Cost of Revenue": "426,995", "Gross Profit": "621,787", "Operating Expense": "569,876", "Operating Income": "51,911", "Net Non Operating Interest Income Expense": "-15,068", "Other Income Expense": "-318", "Pretax Income": "36,525", "Tax Provision": "797", "Net Income Common Stockholders": "35,728", "Diluted NI Available to Com Stockholders": "35,728", "Basic EPS": "0.15", "Diluted EPS": "0.14", "Basic Average Shares": "237,499", "Diluted Average Shares": "248,892", "Total Operating Income as Reported": "51,911", "Total Expenses": "996,871", "Net Income from Continuing & Discontinued Operation": "35,728", "Normalized Income": "35,728", "Interest Income": "-", "Interest Expense": "15,068", "Net Interest Income": "-15,068", "EBIT": "51,593", "EBITDA": "-", "Reconciled Cost of Revenue": "427,074", "Reconciled Depreciation": "70,901", "Net Income from Continuing Operation Net Minority Interest": "35,728", "Normalized EBITDA": "122,573", "Tax Rate for Calcs": "0", "Tax Effect of Unusual Items": "0"}}, "bs": {"12/31/2020": {"Duration": "12/31/2020", "Total Assets": "1,395,836", "Total Liabilities Net Minority Interest": "793,062", "Total Equity Gross Minority Interest": "602,774", "Total Capitalization": "1,109,058", "Common Stock Equity": "602,774", "Capital Lease Obligations": "42,573", "Net Tangible Assets": "-306,459", "Working Capital": "-36,700", "Invested Capital": "1,109,058", "Tangible Book Value": "-306,459", "Total Debt": "548,857", "Net Debt": "463,206", "Share Issued": "323,815", "Ordinary Shares Number": "248,974", "Treasury Shares Number": "74,841"}, "12/31/2019": {"Duration": "12/31/2019", "Total Assets": "1,364,700", "Total Liabilities Net Minority Interest": "797,638", "Total Equity Gross Minority Interest": "567,062", "Total Capitalization": "1,064,220", "Common Stock Equity": "567,062", "Capital Lease Obligations": "58,199", "Net Tangible Assets": "-326,113", "Working Capital": "-78,828", "Invested Capital": "1,064,220", "Tangible Book Value": "-326,113", "Total Debt": "555,357", "Net Debt": "473,538", "Share Issued": "315,808", "Ordinary Shares Number": "242,849", "Treasury Shares Number": "72,959"}, "12/31/2018": {"Duration": "12/31/2018", "Total Assets": "1,259,488", "Total Liabilities Net Minority Interest": "723,720", "Total Equity Gross Minority Interest": "535,768", "Total Capitalization": "1,044,996", "Common Stock Equity": "535,768", "Capital Lease Obligations": "-", "Net Tangible Assets": "-380,072", "Working Capital": "-76,325", "Invested Capital": "1,054,996", "Tangible Book Value": "-380,072", "Total Debt": "519,228", "Net Debt": "514,171", "Share Issued": "309,736", "Ordinary Shares Number": "239,743", "Treasury Shares Number": "69,993"}}, "cf": {"TTM": {"Duration": "TTM", "Operating Cash Flow": "92,926", "Investing Cash Flow": "-52,079", "Financing Cash Flow": "-21,921", "End Cash Position": "25,635", "Income Tax Paid Supplemental Data": "4,365", "Interest Paid Supplemental Data": "23,006", "Capital Expenditure": "-49,079", "Issuance of Debt": "489,000", "Repayment of Debt": "-443,500", "Repurchase of Capital Stock": "-10,000", "Free Cash Flow": "43,847"}, "12/31/2020": {"Duration": "12/31/2020", "Operating Cash Flow": "83,880", "Investing Cash Flow": "-52,723", "Financing Cash Flow": "-10,850", "End Cash Position": "44,997", "Income Tax Paid Supplemental Data": "-", "Interest Paid Supplemental Data": "-", "Capital Expenditure": "-52,723", "Issuance of Debt": "75,000", "Repayment of Debt": "-80,000", "Repurchase of Capital Stock": "0", "Free Cash Flow": "31,157"}, "12/31/2019": {"Duration": "12/31/2019", "Operating Cash Flow": "92,926", "Investing Cash Flow": "-52,079", "Financing Cash Flow": "-21,921", "End Cash Position": "25,635", "Income Tax Paid Supplemental Data": "4,365", "Interest Paid Supplemental Data": "23,006", "Capital Expenditure": "-49,079", "Issuance of Debt": "489,000", "Repayment of Debt": "-443,500", "Repurchase of Capital Stock": "-10,000", "Free Cash Flow": "43,847"}, "12/31/2018": {"Duration": "12/31/2018", "Operating Cash Flow": "123,205", "Investing Cash Flow": "-407,230", "Financing Cash Flow": "258,212", "End Cash Position": "7,104", "Income Tax Paid Supplemental Data": "6,644", "Interest Paid Supplemental Data": "14,278", "Capital Expenditure": "-26,746", "Issuance of Debt": "607,000", "Repayment of Debt": "-320,328", "Repurchase of Capital Stock": "0", "Free Cash Flow": "96,459"}}}}, {"LVLT": {"quote": {"03/20/2021": {"value": "", "Net Assets": "N/A", "Beta (5Y Monthly)": "N/A", "Yield": "N/A", "5y Average Return": "N/A", "Holdings Turnover": "N/A", "Last Dividend": "N/A", "Average for Category": "N/A", "Inception Date": "N/A"}}, "fin": {}, "bs": {}, "cf": {}}}, {"SBAC": {"quote": {"03/20/2021": {"value": "266.07", "Market Cap": "29.087B", "Beta (5Y Monthly)": "0.17", "PE Ratio (TTM)": "1,267.00", "EPS (TTM)": "0.21", "Earnings Date": "Apr 26, 2021 - May 03, 2021", "Forward Dividend & Yield": "2.32 (0.87%)", "Ex-Dividend Date": "Mar 09, 2021", "1y Target Est": "319.56"}}, "fin": {"TTM": {"Duration": "TTM", "Total Revenue": "2,014,645", "Cost of Revenue": "493,031", "Gross Profit": "1,521,614", "Operating Expense": "889,795", "Operating Income": "631,819", "Net Non Operating Interest Income Expense": "-410,195", "Other Income Expense": "-34,735", "Pretax Income": "186,889", "Tax Provision": "-37,140", "Net Income Common Stockholders": "146,991", "Diluted NI Available to Com Stockholders": "146,991", "Basic EPS": "-", "Diluted EPS": "-", "Basic Average Shares": "-", "Diluted Average Shares": "-", "Total Operating Income as Reported": "583,488", "Total Expenses": "1,382,826", "Net Income from Continuing & Discontinued Operation": "146,991", "Normalized Income": "185,440", "Interest Income": "5,500", "Interest Expense": "393,229", "Net Interest Income": "-410,195", "EBIT": "580,118", "EBITDA": "1,277,196", "Reconciled Cost of Revenue": "493,031", "Reconciled Depreciation": "708,619", "Net Income from Continuing Operation Net Minority Interest": "146,991", "Total Unusual Items Excluding Goodwill": "-48,788", "Total Unusual Items": "-48,788", "Normalized EBITDA": "1,325,984", "Tax Rate for Calcs": "0", "Tax Effect of Unusual Items": "-10,339"}, "12/31/2020": {"Duration": "12/31/2020", "Total Revenue": "2,083,138", "Cost of Revenue": "476,528", "Gross Profit": "1,606,610", "Operating Expense": "917,326", "Operating Income": "689,284", "Net Non Operating Interest Income Expense": "-409,821", "Other Income Expense": "-297,212", "Pretax Income": "-17,749", "Tax Provision": "-41,796", "Net Income Common Stockholders": "24,104", "Diluted NI Available to Com Stockholders": "24,104", "Basic EPS": "-", "Diluted EPS": "-", "Basic Average Shares": "-", "Diluted Average Shares": "-", "Total Operating Income as Reported": "633,694", "Total Expenses": "1,393,854", "Net Income from Continuing & Discontinued Operation": "24,104", "Normalized Income": "78,893", "Interest Income": "2,981", "Interest Expense": "392,744", "Net Interest Income": "-409,821", "EBIT": "374,995", "EBITDA": "-", "Reconciled Cost of Revenue": "476,528", "Reconciled Depreciation": "721,970", "Net Income from Continuing Operation Net Minority Interest": "24,104", "Total Unusual Items Excluding Goodwill": "-75,053", "Total Unusual Items": "-75,053", "Normalized EBITDA": "1,172,018", "Tax Rate for Calcs": "0", "Tax Effect of Unusual Items": "-20,264"}, "12/31/2019": {"Duration": "12/31/2019", "Total Revenue": "2,014,645", "Cost of Revenue": "493,031", "Gross Profit": "1,521,614", "Operating Expense": "889,795", "Operating Income": "631,819", "Net Non Operating Interest Income Expense": "-410,195", "Other Income Expense": "-34,735", "Pretax Income": "186,889", "Tax Provision": "39,605", "Net Income Common Stockholders": "146,991", "Diluted NI Available to Com Stockholders": "146,991", "Basic EPS": "1.30", "Diluted EPS": "1.28", "Basic Average Shares": "112,809", "Diluted Average Shares": "114,693", "Total Operating Income as Reported": "583,488", "Total Expenses": "1,382,826", "Net Income from Continuing & Discontinued Operation": "146,991", "Normalized Income": "185,440", "Interest Income": "5,500", "Interest Expense": "393,229", "Net Interest Income": "-410,195", "EBIT": "580,118", "EBITDA": "-", "Reconciled Cost of Revenue": "493,031", "Reconciled Depreciation": "697,078", "Net Income from Continuing Operation Net Minority Interest": "146,991", "Total Unusual Items Excluding Goodwill": "-48,788", "Total Unusual Items": "-48,788", "Normalized EBITDA": "1,325,984", "Tax Rate for Calcs": "0", "Tax Effect of Unusual Items": "-10,339"}, "12/31/2018": {"Duration": "12/31/2018", "Total Revenue": "1,865,695", "Cost of Revenue": "468,795", "Gross Profit": "1,396,900", "Operating Expense": "814,639", "Operating Income": "582,261", "Net Non Operating Interest Income Expense": "-392,415", "Other Income Expense": "-138,162", "Pretax Income": "51,684", "Tax Provision": "4,233", "Net Income Common Stockholders": "47,451", "Diluted NI Available to Com Stockholders": "47,451", "Basic EPS": "0.41", "Diluted EPS": "0.41", "Basic Average Shares": "114,909", "Diluted Average Shares": "116,515", "Total Operating Income as Reported": "544,166", "Total Expenses": "1,283,434", "Net Income from Continuing & Discontinued Operation": "47,451", "Normalized Income": "95,686", "Interest Income": "6,731", "Interest Expense": "378,857", "Net Interest Income": "-392,415", "EBIT": "430,541", "EBITDA": "-", "Reconciled Cost of Revenue": "468,795", "Reconciled Depreciation": "672,113", "Net Income from Continuing Operation Net Minority Interest": "47,451", "Total Unusual Items Excluding Goodwill": "-52,538", "Total Unusual Items": "-52,538", "Normalized EBITDA": "1,155,192", "Tax Rate for Calcs": "0", "Tax Effect of Unusual Items": "-4,303"}}, "bs": {"12/31/2020": {"Duration": "12/31/2020", "Total Assets": "9,158,018", "Total Liabilities Net Minority Interest": "13,982,400", "Total Equity Gross Minority Interest": "-4,824,382", "Total Capitalization": "6,247,414", "Common Stock Equity": "-4,824,382", "Capital Lease Obligations": "2,330,400", "Net Tangible Assets": "-7,980,532", "Working Capital": "-141,811", "Invested Capital": "6,271,414", "Tangible Book Value": "-7,980,532", "Total Debt": "13,426,196", "Net Debt": "10,787,236", "Share Issued": "109,819", "Ordinary Shares Number": "109,819"}, "12/31/2019": {"Duration": "12/31/2019", "Total Assets": "9,759,941", "Total Liabilities Net Minority Interest": "13,426,948", "Total Equity Gross Minority Interest": "-3,667,007", "Total Capitalization": "6,145,328", "Common Stock Equity": "-3,667,007", "Capital Lease Obligations": "2,526,415", "Net Tangible Assets": "-7,293,780", "Working Capital": "-714,022", "Invested Capital": "6,667,418", "Tangible Book Value": "-7,293,780", "Total Debt": "12,860,840", "Net Debt": "10,226,116", "Share Issued": "111,775", "Ordinary Shares Number": "111,775"}, "12/31/2018": {"Duration": "12/31/2018", "Total Assets": "7,213,707", "Total Liabilities Net Minority Interest": "10,590,530", "Total Equity Gross Minority Interest": "-3,376,823", "Total Capitalization": "5,620,002", "Common Stock Equity": "-3,376,823", "Capital Lease Obligations": "-", "Net Tangible Assets": "-6,708,288", "Working Capital": "-832,425", "Invested Capital": "6,561,730", "Tangible Book Value": "-6,708,288", "Total Debt": "9,938,553", "Net Debt": "9,795,109", "Share Issued": "112,433", "Ordinary Shares Number": "112,433"}}, "cf": {"TTM": {"Duration": "TTM", "Operating Cash Flow": "970,045", "Investing Cash Flow": "-947,158", "Financing Cash Flow": "52,398", "End Cash Position": "141,120", "Income Tax Paid Supplemental Data": "21,598", "Interest Paid Supplemental Data": "386,615", "Capital Expenditure": "-154,236", "Issuance of Debt": "1,907,458", "Repayment of Debt": "-1,534,000", "Repurchase of Capital Stock": "-466,982", "Free Cash Flow": "815,809"}, "12/31/2020": {"Duration": "12/31/2020", "Operating Cash Flow": "1,126,033", "Investing Cash Flow": "-446,366", "Financing Cash Flow": "-469,017", "End Cash Position": "342,808", "Income Tax Paid Supplemental Data": "20,275", "Interest Paid Supplemental Data": "351,886", "Capital Expenditure": "-128,566", "Issuance of Debt": "3,710,379", "Repayment of Debt": "-2,988,143", "Repurchase of Capital Stock": "-859,335", "Free Cash Flow": "997,467"}, "12/31/2019": {"Duration": "12/31/2019", "Operating Cash Flow": "970,045", "Investing Cash Flow": "-947,158", "Financing Cash Flow": "-62,314", "End Cash Position": "141,120", "Income Tax Paid Supplemental Data": "21,598", "Interest Paid Supplemental Data": "386,615", "Capital Expenditure": "-154,236", "Issuance of Debt": "1,907,458", "Repayment of Debt": "-1,534,000", "Repurchase of Capital Stock": "-466,982", "Free Cash Flow": "815,809"}, "12/31/2018": {"Duration": "12/31/2018", "Operating Cash Flow": "850,618", "Investing Cash Flow": "-618,347", "Financing Cash Flow": "-148,537", "End Cash Position": "178,300", "Income Tax Paid Supplemental Data": "21,645", "Interest Paid Supplemental Data": "376,628", "Capital Expenditure": "-149,812", "Issuance of Debt": "4,128,684", "Repayment of Debt": "-3,537,000", "Repurchase of Capital Stock": "-795,581", "Free Cash Flow": "700,806"}}}}, {"IDT": {"quote": {"03/20/2021": {"value": "22.35", "Market Cap": "574.96M", "Beta (5Y Monthly)": "1.21", "PE Ratio (TTM)": "13.50", "EPS (TTM)": "1.65", "Earnings Date": "Jun 02, 2021 - Jun 07, 2021", "Forward Dividend & Yield": "N/A (N/A)", "Ex-Dividend Date": "Jun 18, 2018", "1y Target Est": "N/A"}}, "fin": {"TTM": {"Duration": "TTM", "Total Revenue": "1,341,553", "Cost of Revenue": "1,096,370", "Gross Profit": "245,183", "Operating Expense": "240,041", "Operating Income": "5,142", "Net Non Operating Interest Income Expense": "829", "Other Income Expense": "-2,783", "Pretax Income": "3,188", "Tax Provision": "2,439", "Net Income Common Stockholders": "1,511", "Diluted NI Available to Com Stockholders": "1,511", "Basic EPS": "-", "Diluted EPS": "-", "Basic Average Shares": "-", "Diluted Average Shares": "-", "Total Operating Income as Reported": "2,543", "Total Expenses": "1,336,411", "Net Income from Continuing & Discontinued Operation": "1,511", "Normalized Income": "2,989", "Interest Income": "829", "Net Interest Income": "829", "EBIT": "5,142", "EBITDA": "26,611", "Reconciled Cost of Revenue": "1,096,370", "Reconciled Depreciation": "21,469", "Net Income from Continuing Operation Net Minority Interest": "1,511", "Total Unusual Items Excluding Goodwill": "-2,024", "Total Unusual Items": "-2,024", "Normalized EBITDA": "28,635", "Tax Rate for Calcs": "0", "Tax Effect of Unusual Items": "-546.48"}, "7/31/2020": {"Duration": "7/31/2020", "Total Revenue": "1,345,769", "Cost of Revenue": "1,084,009", "Gross Profit": "261,760", "Operating Expense": "239,740", "Operating Income": "22,020", "Net Non Operating Interest Income Expense": "1,043", "Other Income Expense": "-5,345", "Pretax Income": "17,718", "Tax Provision": "-3,700", "Net Income Common Stockholders": "21,430", "Diluted NI Available to Com Stockholders": "21,430", "Basic EPS": "0.82", "Diluted EPS": "0.81", "Basic Average Shares": "26,278", "Diluted Average Shares": "26,441", "Total Operating Income as Reported": "17,942", "Total Expenses": "1,323,749", "Net Income from Continuing & Discontinued Operation": "21,430", "Normalized Income": "25,365", "Interest Income": "1,043", "Net Interest Income": "1,043", "EBIT": "22,020", "EBITDA": "-", "Reconciled Cost of Revenue": "1,084,009", "Reconciled Depreciation": "20,406", "Net Income from Continuing Operation Net Minority Interest": "21,430", "Total Unusual Items Excluding Goodwill": "-5,390", "Total Unusual Items": "-5,390", "Normalized EBITDA": "47,816", "Tax Rate for Calcs": "0", "Tax Effect of Unusual Items": "-1,455"}, "7/31/2019": {"Duration": "7/31/2019", "Total Revenue": "1,409,172", "Cost of Revenue": "1,174,015", "Gross Profit": "235,157", "Operating Expense": "234,724", "Operating Income": "433", "Net Non Operating Interest Income Expense": "776", "Other Income Expense": "-756", "Pretax Income": "453", "Tax Provision": "123", "Net Income Common Stockholders": "134", "Diluted NI Available to Com Stockholders": "134", "Basic EPS": "0.01", "Diluted EPS": "0.01", "Basic Average Shares": "25,293", "Diluted Average Shares": "25,308", "Total Operating Income as Reported": "-1,005", "Total Expenses": "1,408,739", "Net Income from Continuing & Discontinued Operation": "134", "Normalized Income": "392.6093", "Interest Income": "776", "Net Interest Income": "776", "EBIT": "433", "EBITDA": "-", "Reconciled Cost of Revenue": "1,174,015", "Reconciled Depreciation": "22,632", "Net Income from Continuing Operation Net Minority Interest": "134", "Total Unusual Items Excluding Goodwill": "-355", "Total Unusual Items": "-355", "Normalized EBITDA": "23,420", "Tax Rate for Calcs": "0", "Tax Effect of Unusual Items": "-96.3907"}, "7/31/2018": {"Duration": "7/31/2018", "Total Revenue": "1,547,495", "Cost of Revenue": "1,306,037", "Gross Profit": "241,458", "Operating Expense": "228,450", "Operating Income": "13,008", "Net Non Operating Interest Income Expense": "1,071", "Other Income Expense": "-5,978", "Pretax Income": "8,101", "Tax Provision": "2,902", "Net Income Common Stockholders": "4,208", "Diluted NI Available to Com Stockholders": "4,208", "Basic EPS": "0.17", "Diluted EPS": "0.17", "Basic Average Shares": "24,655", "Diluted Average Shares": "24,718", "Total Operating Income as Reported": "8,378", "Total Expenses": "1,534,487", "Net Income from Continuing & Discontinued Operation": "4,208", "Normalized Income": "8,546", "Interest Income": "1,071", "Net Interest Income": "1,071", "EBIT": "13,008", "EBITDA": "-", "Reconciled Cost of Revenue": "1,306,037", "Reconciled Depreciation": "22,801", "Net Income from Continuing Operation Net Minority Interest": "4,208", "Total Unusual Items Excluding Goodwill": "-6,759", "Total Unusual Items": "-6,759", "Normalized EBITDA": "42,568", "Tax Rate for Calcs": "0", "Tax Effect of Unusual Items": "-2,421"}}, "bs": {"7/31/2020": {"Duration": "7/31/2020", "Total Assets": "404,750", "Total Liabilities Net Minority Interest": "333,611", "Total Equity Gross Minority Interest": "71,139", "Total Capitalization": "74,772", "Common Stock Equity": "74,772", "Capital Lease Obligations": "7,353", "Net Tangible Assets": "57,955", "Working Capital": "-2,738", "Invested Capital": "74,772", "Tangible Book Value": "57,955", "Total Debt": "7,353", "Share Issued": "27,535", "Ordinary Shares Number": "25,919", "Treasury Shares Number": "3,314"}, "7/31/2019": {"Duration": "7/31/2019", "Total Assets": "443,703", "Total Liabilities Net Minority Interest": "390,146", "Total Equity Gross Minority Interest": "53,557", "Total Capitalization": "56,244", "Common Stock Equity": "56,244", "Capital Lease Obligations": "-", "Net Tangible Assets": "40,839", "Working Capital": "-20,609", "Invested Capital": "56,244", "Tangible Book Value": "40,839", "Total Debt": "-", "Share Issued": "27,377", "Ordinary Shares Number": "26,469", "Treasury Shares Number": "2,606"}, "7/31/2018": {"Duration": "7/31/2018", "Total Assets": "399,597", "Total Liabilities Net Minority Interest": "368,294", "Total Equity Gross Minority Interest": "31,303", "Total Capitalization": "30,664", "Common Stock Equity": "30,664", "Capital Lease Obligations": "-", "Net Tangible Assets": "19,349", "Working Capital": "-38,103", "Invested Capital": "30,664", "Tangible Book Value": "19,349", "Total Debt": "-", "Share Issued": "27,168", "Ordinary Shares Number": "24,446", "Treasury Shares Number": "4,420"}}, "cf": {"TTM": {"Duration": "TTM", "Operating Cash Flow": "-32,860", "Investing Cash Flow": "-35,010", "Financing Cash Flow": "-1,683", "End Cash Position": "172,621", "Income Tax Paid Supplemental Data": "-", "Interest Paid Supplemental Data": "-", "Capital Expenditure": "-16,818", "Issuance of Capital Stock": "0", "Issuance of Debt": "11,429", "Repayment of Debt": "-11,429", "Repurchase of Capital Stock": "-478", "Free Cash Flow": "-49,678"}, "7/31/2020": {"Duration": "7/31/2020", "Operating Cash Flow": "-29,591", "Investing Cash Flow": "-32,463", "Financing Cash Flow": "-5,650", "End Cash Position": "201,222", "Income Tax Paid Supplemental Data": "60", "Interest Paid Supplemental Data": "388", "Capital Expenditure": "-16,041", "Issuance of Capital Stock": "0", "Issuance of Debt": "11,429", "Repayment of Debt": "-11,429", "Repurchase of Capital Stock": "-4,482", "Free Cash Flow": "-45,632"}, "7/31/2019": {"Duration": "7/31/2019", "Operating Cash Flow": "85,137", "Investing Cash Flow": "-26,171", "Financing Cash Flow": "7,216", "End Cash Position": "257,199", "Income Tax Paid Supplemental Data": "46", "Interest Paid Supplemental Data": "186", "Capital Expenditure": "-18,681", "Issuance of Capital Stock": "13,272", "Issuance of Debt": "3,000", "Repayment of Debt": "-3,000", "Repurchase of Capital Stock": "-3,882", "Free Cash Flow": "66,456"}, "7/31/2018": {"Duration": "7/31/2018", "Operating Cash Flow": "6,894", "Investing Cash Flow": "-1,641", "Financing Cash Flow": "-26,561", "End Cash Position": "73,981", "Income Tax Paid Supplemental Data": "192", "Interest Paid Supplemental Data": "94", "Capital Expenditure": "-20,567", "Issuance of Capital Stock": "0", "Issuance of Debt": "22,320", "Repayment of Debt": "-22,320", "Repurchase of Capital Stock": "-2,293", "Free Cash Flow": "-13,673"}}}}, {"IRDM": {"quote": {"03/20/2021": {"value": "38.83", "Market Cap": "5.214B", "Beta (5Y Monthly)": "1.18", "PE Ratio (TTM)": "N/A", "EPS (TTM)": "-0.42", "Earnings Date": "Apr 26, 2021 - Apr 30, 2021", "Forward Dividend & Yield": "N/A (N/A)", "Ex-Dividend Date": "N/A", "1y Target Est": "39.00"}}, "fin": {"TTM": {"Duration": "TTM", "Total Revenue": "583,439", "Cost of Revenue": "142,693", "Gross Profit": "440,746", "Operating Expense": "405,263", "Operating Income": "35,483", "Net Non Operating Interest Income Expense": "-94,271", "Other Income Expense": "-30,176", "Pretax Income": "-88,964", "Tax Provision": "-32,910", "Net Income Common Stockholders": "-56,054", "Average Dilution Earnings": "-", "Diluted NI Available to Com Stockholders": "-56,054", "Basic EPS": "-", "Diluted EPS": "-", "Basic Average Shares": "-", "Diluted Average Shares": "-", "Total Operating Income as Reported": "35,483", "Total Expenses": "547,956", "Net Income from Continuing & Discontinued Operation": "-56,054", "Normalized Income": "-37,022", "Interest Expense": "94,271", "Net Interest Income": "-94,271", "EBIT": "5,307", "EBITDA": "308,481", "Reconciled Cost of Revenue": "142,693", "Reconciled Depreciation": "303,174", "Net Income from Continuing Operation Net Minority Interest": "-56,054", "Total Unusual Items Excluding Goodwill": "-30,209", "Total Unusual Items": "-30,209", "Normalized EBITDA": "338,690", "Tax Rate for Calcs": "0", "Tax Effect of Unusual Items": "-11,177"}, "12/31/2020": {"Duration": "12/31/2020", "Total Revenue": "583,439", "Cost of Revenue": "142,693", "Gross Profit": "440,746", "Operating Expense": "405,263", "Operating Income": "35,483", "Net Non Operating Interest Income Expense": "-94,271", "Other Income Expense": "-30,176", "Pretax Income": "-88,964", "Tax Provision": "-32,910", "Net Income Common Stockholders": "-56,054", "Average Dilution Earnings": "-", "Diluted NI Available to Com Stockholders": "-56,054", "Basic EPS": "-0.42", "Diluted EPS": "-0.42", "Basic Average Shares": "133,491", "Diluted Average Shares": "133,491", "Total Operating Income as Reported": "35,483", "Total Expenses": "547,956", "Net Income from Continuing & Discontinued Operation": "-56,054", "Normalized Income": "-37,022", "Interest Expense": "94,271", "Net Interest Income": "-94,271", "EBIT": "5,307", "EBITDA": "-", "Reconciled Cost of Revenue": "142,693", "Reconciled Depreciation": "303,174", "Net Income from Continuing Operation Net Minority Interest": "-56,054", "Total Unusual Items Excluding Goodwill": "-30,209", "Total Unusual Items": "-30,209", "Normalized EBITDA": "338,690", "Tax Rate for Calcs": "0", "Tax Effect of Unusual Items": "-11,177"}, "12/31/2019": {"Duration": "12/31/2019", "Total Revenue": "560,444", "Cost of Revenue": "145,144", "Gross Profit": "415,300", "Operating Expense": "405,180", "Operating Income": "10,120", "Net Non Operating Interest Income Expense": "-115,396", "Other Income Expense": "-112,843", "Pretax Income": "-218,119", "Tax Provision": "-56,120", "Net Income Common Stockholders": "-166,193", "Average Dilution Earnings": "0", "Diluted NI Available to Com Stockholders": "-166,193", "Basic EPS": "-1.26", "Diluted EPS": "-1.26", "Basic Average Shares": "131,632", "Diluted Average Shares": "131,632", "Total Operating Income as Reported": "10,120", "Total Expenses": "550,324", "Net Income from Continuing & Discontinued Operation": "-161,999", "Normalized Income": "-78,998", "Interest Expense": "-", "Net Interest Income": "-115,396", "EBIT": "10,120", "EBITDA": "-", "Reconciled Cost of Revenue": "145,144", "Reconciled Depreciation": "297,705", "Net Income from Continuing Operation Net Minority Interest": "-161,999", "Total Unusual Items Excluding Goodwill": "-111,710", "Total Unusual Items": "-111,710", "Normalized EBITDA": "419,535", "Tax Rate for Calcs": "0", "Tax Effect of Unusual Items": "-28,709"}, "12/31/2018": {"Duration": "12/31/2018", "Total Revenue": "523,008", "Cost of Revenue": "142,873", "Gross Profit": "380,135", "Operating Expense": "338,482", "Operating Income": "41,653", "Net Non Operating Interest Income Expense": "-62,441", "Other Income Expense": "139", "Pretax Income": "-20,649", "Tax Provision": "-7,265", "Net Income Common Stockholders": "-23,533", "Average Dilution Earnings": "0", "Diluted NI Available to Com Stockholders": "-23,533", "Basic EPS": "-0.21", "Diluted EPS": "-0.21", "Basic Average Shares": "112,200", "Diluted Average Shares": "112,200", "Total Operating Income as Reported": "41,653", "Total Expenses": "481,355", "Net Income from Continuing & Discontinued Operation": "-13,384", "Normalized Income": "-13,384", "Interest Expense": "-", "Net Interest Income": "-62,441", "EBIT": "41,653", "EBITDA": "-", "Reconciled Cost of Revenue": "142,873", "Reconciled Depreciation": "218,207", "Net Income from Continuing Operation Net Minority Interest": "-13,384", "Total Unusual Items Excluding Goodwill": "-", "Total Unusual Items": "-", "Normalized EBITDA": "259,860", "Tax Rate for Calcs": "0", "Tax Effect of Unusual Items": "0"}}, "bs": {"12/31/2020": {"Duration": "12/31/2020", "Total Assets": "3,360,949", "Total Liabilities Net Minority Interest": "1,941,510", "Total Equity Gross Minority Interest": "1,419,439", "Total Capitalization": "3,016,332", "Common Stock Equity": "1,419,439", "Net Tangible Assets": "1,373,935", "Working Capital": "234,749", "Invested Capital": "3,033,098", "Tangible Book Value": "1,373,935", "Total Debt": "1,613,659", "Net Debt": "1,376,481", "Share Issued": "134,056", "Ordinary Shares Number": "134,056", "Preferred Shares Number": "0.497"}, "12/31/2019": {"Duration": "12/31/2019", "Total Assets": "3,623,557", "Total Liabilities Net Minority Interest": "2,164,275", "Total Equity Gross Minority Interest": "1,459,282", "Total Capitalization": "3,224,777", "Common Stock Equity": "1,459,282", "Net Tangible Assets": "1,412,305", "Working Capital": "229,184", "Invested Capital": "3,235,652", "Tangible Book Value": "1,412,305", "Total Debt": "1,776,370", "Net Debt": "1,552,809", "Share Issued": "131,632", "Ordinary Shares Number": "131,632", "Preferred Shares Number": "0.497"}, "12/31/2018": {"Duration": "12/31/2018", "Total Assets": "4,014,271", "Total Liabilities Net Minority Interest": "2,412,694", "Total Equity Gross Minority Interest": "1,601,577", "Total Capitalization": "3,431,314", "Common Stock Equity": "1,601,577", "Net Tangible Assets": "1,553,037", "Working Capital": "127,665", "Invested Capital": "3,557,314", "Tangible Book Value": "1,553,037", "Total Debt": "1,955,737", "Net Debt": "1,682,385", "Share Issued": "112,200", "Ordinary Shares Number": "112,200", "Preferred Shares Number": "0.497"}}, "cf": {"TTM": {"Duration": "TTM", "Operating Cash Flow": "249,767", "Investing Cash Flow": "-46,470", "Financing Cash Flow": "-188,186", "End Cash Position": "237,178", "Income Tax Paid Supplemental Data": "-", "Interest Paid Supplemental Data": "98,714", "Capital Expenditure": "-38,689", "Issuance of Debt": "202,000", "Repayment of Debt": "-395,826", "Free Cash Flow": "211,078"}, "12/31/2020": {"Duration": "12/31/2020", "Operating Cash Flow": "249,767", "Investing Cash Flow": "-46,470", "Financing Cash Flow": "-188,186", "End Cash Position": "237,178", "Income Tax Paid Supplemental Data": "-", "Interest Paid Supplemental Data": "98,714", "Capital Expenditure": "-38,689", "Issuance of Debt": "202,000", "Repayment of Debt": "-395,826", "Free Cash Flow": "211,078"}, "12/31/2019": {"Duration": "12/31/2019", "Operating Cash Flow": "198,143", "Investing Cash Flow": "-127,819", "Financing Cash Flow": "-313,280", "End Cash Position": "223,561", "Income Tax Paid Supplemental Data": "-", "Interest Paid Supplemental Data": "119,464", "Capital Expenditure": "-117,819", "Issuance of Debt": "1,450,000", "Repayment of Debt": "-1,734,965", "Free Cash Flow": "80,324"}, "12/31/2018": {"Duration": "12/31/2018", "Operating Cash Flow": "263,709", "Investing Cash Flow": "-378,912", "Financing Cash Flow": "193,503", "End Cash Position": "465,287", "Income Tax Paid Supplemental Data": "931", "Interest Paid Supplemental Data": "101,816", "Capital Expenditure": "-391,390", "Issuance of Debt": "360,000", "Repayment of Debt": "-140,295", "Free Cash Flow": "-127,681"}}}}, {"CCOI": {"quote": {"03/20/2021": {"value": "64.40", "Market Cap": "3.064B", "Beta (5Y Monthly)": "0.10", "PE Ratio (TTM)": "495.38", "EPS (TTM)": "0.13", "Earnings Date": "May 05, 2021 - May 10, 2021", "Forward Dividend & Yield": "3.02 (4.69%)", "Ex-Dividend Date": "Mar 11, 2021", "1y Target Est": "67.20"}}, "fin": {"TTM": {"Duration": "TTM", "Total Revenue": "546,159", "Cost of Revenue": "219,801", "Gross Profit": "326,358", "Operating Expense": "227,160", "Operating Income": "99,198", "Net Non Operating Interest Income Expense": "-47,583", "Other Income Expense": "1,059", "Pretax Income": "52,674", "Tax Provision": "15,154", "Net Income Common Stockholders": "37,520", "Diluted NI Available to Com Stockholders": "37,520", "Basic EPS": "-", "Diluted EPS": "-", "Basic Average Shares": "-", "Diluted Average Shares": "-", "Total Operating Income as Reported": "100,257", "Total Expenses": "446,961", "Net Income from Continuing & Discontinued Operation": "37,520", "Normalized Income": "36,766", "Interest Income": "9,870", "Interest Expense": "57,453", "Net Interest Income": "-47,583", "EBIT": "110,127", "EBITDA": "190,374", "Reconciled Cost of Revenue": "219,801", "Reconciled Depreciation": "80,247", "Net Income from Continuing Operation Net Minority Interest": "37,520", "Total Unusual Items Excluding Goodwill": "1,059", "Total Unusual Items": "1,059", "Normalized EBITDA": "189,315", "Tax Rate for Calcs": "0", "Tax Effect of Unusual Items": "304.6681"}, "12/31/2020": {"Duration": "12/31/2020", "Total Revenue": "568,103", "Cost of Revenue": "219,157", "Gross Profit": "348,946", "Operating Expense": "241,953", "Operating Income": "106,993", "Net Non Operating Interest Income Expense": "-61,508", "Other Income Expense": "-35,173", "Pretax Income": "10,312", "Tax Provision": "4,096", "Net Income Common Stockholders": "6,216", "Diluted NI Available to Com Stockholders": "6,216", "Basic EPS": "0.14", "Diluted EPS": "0.13", "Basic Average Shares": "45,948", "Diluted Average Shares": "46,668", "Total Operating Income as Reported": "106,922", "Total Expenses": "461,110", "Net Income from Continuing & Discontinued Operation": "6,216", "Normalized Income": "27,418", "Interest Income": "978", "Interest Expense": "62,486", "Net Interest Income": "-61,508", "EBIT": "72,798", "EBITDA": "-", "Reconciled Cost of Revenue": "219,157", "Reconciled Depreciation": "83,477", "Net Income from Continuing Operation Net Minority Interest": "6,216", "Total Unusual Items Excluding Goodwill": "-35,173", "Total Unusual Items": "-35,173", "Normalized EBITDA": "191,448", "Tax Rate for Calcs": "0", "Tax Effect of Unusual Items": "-13,971"}, "12/31/2019": {"Duration": "12/31/2019", "Total Revenue": "546,159", "Cost of Revenue": "219,801", "Gross Profit": "326,358", "Operating Expense": "227,160", "Operating Income": "99,198", "Net Non Operating Interest Income Expense": "-47,583", "Other Income Expense": "1,059", "Pretax Income": "52,674", "Tax Provision": "15,154", "Net Income Common Stockholders": "37,520", "Diluted NI Available to Com Stockholders": "37,520", "Basic EPS": "0.82", "Diluted EPS": "0.81", "Basic Average Shares": "45,542", "Diluted Average Shares": "46,080", "Total Operating Income as Reported": "100,257", "Total Expenses": "446,961", "Net Income from Continuing & Discontinued Operation": "37,520", "Normalized Income": "36,766", "Interest Income": "9,870", "Interest Expense": "57,453", "Net Interest Income": "-47,583", "EBIT": "110,127", "EBITDA": "-", "Reconciled Cost of Revenue": "219,801", "Reconciled Depreciation": "80,247", "Net Income from Continuing Operation Net Minority Interest": "37,520", "Total Unusual Items Excluding Goodwill": "1,059", "Total Unusual Items": "1,059", "Normalized EBITDA": "189,315", "Tax Rate for Calcs": "0", "Tax Effect of Unusual Items": "304.6681"}, "12/31/2018": {"Duration": "12/31/2018", "Total Revenue": "520,193", "Cost of Revenue": "219,526", "Gross Profit": "300,667", "Operating Expense": "215,091", "Operating Income": "85,576", "Net Non Operating Interest Income Expense": "-45,176", "Other Income Expense": "982", "Pretax Income": "41,382", "Tax Provision": "12,715", "Net Income Common Stockholders": "28,667", "Diluted NI Available to Com Stockholders": "28,667", "Basic EPS": "0.63", "Diluted EPS": "0.63", "Basic Average Shares": "45,280", "Diluted Average Shares": "45,781", "Total Operating Income as Reported": "86,558", "Total Expenses": "434,617", "Net Income from Continuing & Discontinued Operation": "28,667", "Normalized Income": "27,987", "Interest Income": "5,880", "Interest Expense": "51,056", "Net Interest Income": "-45,176", "EBIT": "92,438", "EBITDA": "-", "Reconciled Cost of Revenue": "219,526", "Reconciled Depreciation": "81,233", "Net Income from Continuing Operation Net Minority Interest": "28,667", "Total Unusual Items Excluding Goodwill": "982", "Total Unusual Items": "982", "Normalized EBITDA": "172,689", "Tax Rate for Calcs": "0", "Tax Effect of Unusual Items": "301.7285"}}, "bs": {"12/31/2020": {"Duration": "12/31/2020", "Total Assets": "1,000,477", "Total Liabilities Net Minority Interest": "1,293,643", "Total Equity Gross Minority Interest": "-293,166", "Total Capitalization": "576,486", "Common Stock Equity": "-293,166", "Capital Lease Obligations": "341,609", "Net Tangible Assets": "-293,166", "Working Capital": "361,894", "Invested Capital": "576,486", "Tangible Book Value": "-293,166", "Total Debt": "1,211,261", "Net Debt": "498,351", "Share Issued": "47,214", "Ordinary Shares Number": "47,214"}, "12/31/2019": {"Duration": "12/31/2019", "Total Assets": "932,124", "Total Liabilities Net Minority Interest": "1,135,803", "Total Equity Gross Minority Interest": "-203,679", "Total Capitalization": "578,778", "Common Stock Equity": "-203,679", "Capital Lease Obligations": "266,580", "Net Tangible Assets": "-203,679", "Working Capital": "386,034", "Invested Capital": "578,778", "Tangible Book Value": "-203,679", "Total Debt": "1,049,037", "Net Debt": "383,035", "Share Issued": "46,840", "Ordinary Shares Number": "46,840"}, "12/31/2018": {"Duration": "12/31/2018", "Total Assets": "739,850", "Total Liabilities Net Minority Interest": "888,852", "Total Equity Gross Minority Interest": "-149,002", "Total Capitalization": "482,457", "Common Stock Equity": "-149,002", "Capital Lease Obligations": "163,780", "Net Tangible Assets": "-149,002", "Working Capital": "275,030", "Invested Capital": "482,457", "Tangible Book Value": "-149,002", "Total Debt": "795,239", "Net Debt": "355,366", "Share Issued": "46,336", "Ordinary Shares Number": "46,336"}}, "cf": {"TTM": {"Duration": "TTM", "Operating Cash Flow": "148,809", "Investing Cash Flow": "-46,958", "Financing Cash Flow": "22,020", "End Cash Position": "399,422", "Income Tax Paid Supplemental Data": "3,409", "Interest Paid Supplemental Data": "56,022", "Capital Expenditure": "-46,958", "Issuance of Debt": "152,134", "Repayment of Debt": "-9,097", "Repurchase of Capital Stock": "0", "Free Cash Flow": "101,851"}, "12/31/2020": {"Duration": "12/31/2020", "Operating Cash Flow": "140,320", "Investing Cash Flow": "-55,952", "Financing Cash Flow": "-116,002", "End Cash Position": "371,301", "Income Tax Paid Supplemental Data": "3,446", "Interest Paid Supplemental Data": "62,917", "Capital Expenditure": "-55,952", "Issuance of Debt": "240,285", "Repayment of Debt": "-213,215", "Repurchase of Capital Stock": "-4,495", "Free Cash Flow": "84,368"}, "12/31/2019": {"Duration": "12/31/2019", "Operating Cash Flow": "148,809", "Investing Cash Flow": "-46,958", "Financing Cash Flow": "22,020", "End Cash Position": "399,422", "Income Tax Paid Supplemental Data": "3,409", "Interest Paid Supplemental Data": "56,022", "Capital Expenditure": "-46,958", "Issuance of Debt": "152,134", "Repayment of Debt": "-9,097", "Repurchase of Capital Stock": "0", "Free Cash Flow": "101,851"}, "12/31/2018": {"Duration": "12/31/2018", "Operating Cash Flow": "133,921", "Investing Cash Flow": "-49,937", "Financing Cash Flow": "-52,545", "End Cash Position": "276,093", "Income Tax Paid Supplemental Data": "2,444", "Interest Paid Supplemental Data": "48,918", "Capital Expenditure": "-49,937", "Issuance of Debt": "69,861", "Repayment of Debt": "-10,286", "Repurchase of Capital Stock": "-6,564", "Free Cash Flow": "83,984"}}}}, {"STRP": {"quote": {"03/20/2021": {"value": "", "Net Assets": "N/A", "Beta (5Y Monthly)": "N/A", "Yield": "N/A", "5y Average Return": "N/A", "Holdings Turnover": "N/A", "Last Dividend": "N/A", "Average for Category": "N/A", "Inception Date": "N/A"}}, "fin": {}, "bs": {}, "cf": {}}}, {"TWER": {"quote": {"03/20/2021": {"value": "0.3520", "Market Cap": "138,830", "Beta (5Y Monthly)": "-3.18", "PE Ratio (TTM)": "N/A", "EPS (TTM)": "-25.8880", "Earnings Date": "Oct 08, 2019 - Oct 12, 2019", "Forward Dividend & Yield": "N/A (N/A)", "Ex-Dividend Date": "N/A", "1y Target Est": "2.00"}}, "fin": {"TTM": {"Duration": "TTM", "Total Revenue": "24,604", "Cost of Revenue": "20,712", "Gross Profit": "3,892", "Operating Expense": "7,509", "Operating Income": "-3,618", "Net Non Operating Interest Income Expense": "-6,930", "Pretax Income": "-10,547", "Tax Provision": "-336.598", "Net Income Common Stockholders": "-10,210", "Diluted NI Available to Com Stockholders": "-10,210", "Basic EPS": "-", "Diluted EPS": "-", "Basic Average Shares": "-", "Diluted Average Shares": "-", "Total Operating Income as Reported": "-3,618", "Total Expenses": "28,222", "Net Income from Continuing & Discontinued Operation": "-10,210", "Normalized Income": "-10,210", "Net Interest Income": "-6,930", "EBIT": "-3,618", "EBITDA": "2,820", "Reconciled Cost of Revenue": "20,712", "Reconciled Depreciation": "6,437", "Net Income from Continuing Operation Net Minority Interest": "-10,210", "Total Unusual Items Excluding Goodwill": "-", "Total Unusual Items": "-", "Normalized EBITDA": "2,820", "Tax Rate for Calcs": "0", "Tax Effect of Unusual Items": "0"}, "12/31/2018": {"Duration": "12/31/2018", "Total Revenue": "24,604", "Cost of Revenue": "20,712", "Gross Profit": "3,892", "Operating Expense": "7,509", "Operating Income": "-3,618", "Net Non Operating Interest Income Expense": "-6,930", "Pretax Income": "-10,547", "Tax Provision": "-336.598", "Net Income Common Stockholders": "-10,210", "Diluted NI Available to Com Stockholders": "-10,210", "Basic EPS": "-", "Diluted EPS": "-", "Basic Average Shares": "-", "Diluted Average Shares": "-", "Total Operating Income as Reported": "-3,618", "Total Expenses": "28,222", "Net Income from Continuing & Discontinued Operation": "-10,210", "Normalized Income": "-10,210", "Net Interest Income": "-6,930", "EBIT": "-3,618", "EBITDA": "-", "Reconciled Cost of Revenue": "20,712", "Reconciled Depreciation": "6,437", "Net Income from Continuing Operation Net Minority Interest": "-10,210", "Total Unusual Items Excluding Goodwill": "-", "Total Unusual Items": "-", "Normalized EBITDA": "2,820", "Tax Rate for Calcs": "0", "Tax Effect of Unusual Items": "0"}}, "bs": {"12/31/2018": {"Duration": "12/31/2018", "Total Assets": "18,419", "Total Liabilities Net Minority Interest": "42,859", "Total Equity Gross Minority Interest": "-24,440", "Total Capitalization": "-24,440", "Preferred Stock Equity": "0.002", "Common Stock Equity": "-24,440", "Capital Lease Obligations": "637.722", "Net Tangible Assets": "-27,078", "Working Capital": "-36,866", "Invested Capital": "14,259", "Tangible Book Value": "-27,078", "Total Debt": "39,337", "Net Debt": "34,526", "Share Issued": "394.409", "Ordinary Shares Number": "394.409"}}, "cf": {"TTM": {"Duration": "TTM", "Operating Cash Flow": "-1,787", "Investing Cash Flow": "-1,143", "Financing Cash Flow": "-465.992", "End Cash Position": "4,173", "Income Tax Paid Supplemental Data": "13.311", "Interest Paid Supplemental Data": "2,828", "Capital Expenditure": "-1,164", "Issuance of Capital Stock": "0", "Repayment of Debt": "-465.992", "Free Cash Flow": "-2,950"}, "12/31/2018": {"Duration": "12/31/2018", "Operating Cash Flow": "-1,787", "Investing Cash Flow": "-1,143", "Financing Cash Flow": "-465.992", "End Cash Position": "4,173", "Income Tax Paid Supplemental Data": "13.311", "Interest Paid Supplemental Data": "2,828", "Capital Expenditure": "-1,164", "Issuance of Capital Stock": "0", "Repayment of Debt": "-465.992", "Free Cash Flow": "-2,950"}}}}, {"WSTC": {"quote": {"05/11/2021": {"value": "", "Net Assets": "N/A", "Beta (5Y Monthly)": "N/A", "Yield": "N/A", "5y Average Return": "N/A", "Holdings Turnover": "N/A", "Last Dividend": "N/A", "Average for Category": "N/A", "Inception Date": "N/A"}}, "fin": {}, "bs": {}, "cf": {}}}, {"LMOS": {"quote": {"05/11/2021": {"value": "", "Net Assets": "N/A", "Beta (5Y Monthly)": "N/A", "Yield": "N/A", "5y Average Return": "N/A", "Holdings Turnover": "N/A", "Last Dividend": "N/A", "Average for Category": "N/A", "Inception Date": "N/A"}}, "fin": {}, "bs": {}, "cf": {}}}, {"DCM": {"quote": {"05/11/2021": {"value": "", "Net Assets": "N/A", "Beta (5Y Monthly)": "N/A", "Yield": "N/A", "5y Average Return": "N/A", "Holdings Turnover": "N/A", "Last Dividend": "N/A", "Average for Category": "N/A", "Inception Date": "N/A"}}, "fin": {}, "bs": {}, "cf": {}}}, {"EGHT": {"quote": {"05/11/2021": {"value": "25.18", "Market Cap": "2.706B", "Beta (5Y Monthly)": "1.10", "PE Ratio (TTM)": "N/A", "EPS (TTM)": "-1.63", "Earnings Date": "Jul 28, 2021 - Aug 02, 2021", "Forward Dividend & Yield": "N/A (N/A)", "Ex-Dividend Date": "N/A", "1y Target Est": "39.34"}}, "fin": {"TTM": {"Duration": "TTM", "Total Revenue": "490,985", "Cost of Revenue": "222,469", "Gross Profit": "268,516", "Operating Expense": "428,696", "Operating Income": "-160,180", "Other Income Expense": "-16,524", "Pretax Income": "-176,704", "Tax Provision": "793", "Net Income Common Stockholders": "-177,497", "Diluted NI Available to Com Stockholders": "-177,497", "Basic EPS": "-", "Diluted EPS": "-", "Basic Average Shares": "-", "Diluted Average Shares": "-", "Total Operating Income as Reported": "-160,180", "Total Expenses": "651,165", "Net Income from Continuing & Discontinued Operation": "-177,497", "Normalized Income": "-177,497", "EBIT": "-160,180", "EBITDA": "-116,983", "Reconciled Cost of Revenue": "222,469", "Reconciled Depreciation": "43,197", "Net Income from Continuing Operation Net Minority Interest": "-177,497", "Total Unusual Items Excluding Goodwill": "-", "Total Unusual Items": "-", "Normalized EBITDA": "-116,983", "Tax Rate for Calcs": "0", "Tax Effect of Unusual Items": "0"}, "3/31/2020": {"Duration": "3/31/2020", "Total Revenue": "446,237", "Cost of Revenue": "201,228", "Gross Profit": "245,009", "Operating Expense": "404,828", "Operating Income": "-159,819", "Other Income Expense": "-11,717", "Pretax Income": "-171,536", "Tax Provision": "832", "Net Income Common Stockholders": "-172,368", "Diluted NI Available to Com Stockholders": "-172,368", "Basic EPS": "-1.72", "Diluted EPS": "-1.72", "Basic Average Shares": "99,999", "Diluted Average Shares": "99,999", "Total Operating Income as Reported": "-159,819", "Total Expenses": "606,056", "Net Income from Continuing & Discontinued Operation": "-172,368", "Normalized Income": "-172,368", "EBIT": "-159,819", "EBITDA": "-", "Reconciled Cost of Revenue": "201,228", "Reconciled Depreciation": "37,227", "Net Income from Continuing Operation Net Minority Interest": "-172,368", "Total Unusual Items Excluding Goodwill": "0", "Total Unusual Items": "0", "Normalized EBITDA": "-122,592", "Tax Rate for Calcs": "0", "Tax Effect of Unusual Items": "0"}, "3/31/2019": {"Duration": "3/31/2019", "Total Revenue": "352,586", "Cost of Revenue": "129,972", "Gross Profit": "222,614", "Operating Expense": "313,602", "Operating Income": "-90,988", "Other Income Expense": "2,818", "Pretax Income": "-88,170", "Tax Provision": "569", "Net Income Common Stockholders": "-88,739", "Diluted NI Available to Com Stockholders": "-88,739", "Basic EPS": "-0.94", "Diluted EPS": "-0.94", "Basic Average Shares": "94,533", "Diluted Average Shares": "94,533", "Total Operating Income as Reported": "-90,988", "Total Expenses": "443,574", "Net Income from Continuing & Discontinued Operation": "-88,739", "Normalized Income": "-88,739", "EBIT": "-90,988", "EBITDA": "-", "Reconciled Cost of Revenue": "129,972", "Reconciled Depreciation": "24,671", "Net Income from Continuing Operation Net Minority Interest": "-88,739", "Total Unusual Items Excluding Goodwill": "0", "Total Unusual Items": "0", "Normalized EBITDA": "-66,317", "Tax Rate for Calcs": "0", "Tax Effect of Unusual Items": "0"}, "3/31/2018": {"Duration": "3/31/2018", "Total Revenue": "296,500", "Cost of Revenue": "71,171", "Gross Profit": "225,329", "Operating Expense": "257,756", "Operating Income": "-32,427", "Other Income Expense": "-5,776", "Pretax Income": "-38,203", "Tax Provision": "66,294", "Net Income Common Stockholders": "-104,497", "Diluted NI Available to Com Stockholders": "-104,497", "Basic EPS": "-1.14", "Diluted EPS": "-1.14", "Basic Average Shares": "92,017", "Diluted Average Shares": "92,017", "Total Operating Income as Reported": "-41,896", "Total Expenses": "328,927", "Net Income from Continuing & Discontinued Operation": "-104,497", "Normalized Income": "-97,585", "EBIT": "-32,427", "EBITDA": "-", "Reconciled Cost of Revenue": "71,171", "Reconciled Depreciation": "15,717", "Net Income from Continuing Operation Net Minority Interest": "-104,497", "Total Unusual Items Excluding Goodwill": "-9,469", "Total Unusual Items": "-9,469", "Normalized EBITDA": "-7,241", "Tax Rate for Calcs": "0", "Tax Effect of Unusual Items": "-2,557"}}, "bs": {"3/31/2020": {"Duration": "3/31/2020", "Total Assets": "700,641", "Total Liabilities Net Minority Interest": "509,910", "Total Equity Gross Minority Interest": "190,731", "Total Capitalization": "482,268", "Common Stock Equity": "190,731", "Capital Lease Obligations": "98,327", "Net Tangible Assets": "38,430", "Working Capital": "153,737", "Invested Capital": "482,268", "Tangible Book Value": "38,430", "Total Debt": "389,864", "Net Debt": "154,143", "Share Issued": "103,179", "Ordinary Shares Number": "103,179"}, "3/31/2019": {"Duration": "3/31/2019", "Total Assets": "546,358", "Total Liabilities Net Minority Interest": "296,968", "Total Equity Gross Minority Interest": "249,390", "Total Capitalization": "465,425", "Common Stock Equity": "249,390", "Capital Lease Obligations": "-", "Net Tangible Assets": "198,016", "Working Capital": "322,686", "Invested Capital": "465,425", "Tangible Book Value": "198,016", "Total Debt": "216,035", "Net Debt": "-", "Share Issued": "96,120", "Ordinary Shares Number": "96,120"}, "3/31/2018": {"Duration": "3/31/2018", "Total Assets": "277,209", "Total Liabilities Net Minority Interest": "58,435", "Total Equity Gross Minority Interest": "218,774", "Total Capitalization": "218,774", "Common Stock Equity": "218,774", "Capital Lease Obligations": "-", "Net Tangible Assets": "166,762", "Working Capital": "122,335", "Invested Capital": "218,774", "Tangible Book Value": "166,762", "Total Debt": "-", "Net Debt": "-", "Share Issued": "92,847", "Ordinary Shares Number": "92,847"}}, "cf": {"TTM": {"Duration": "TTM", "Operating Cash Flow": "-62,458", "Investing Cash Flow": "-57,836", "Financing Cash Flow": "76,185", "End Cash Position": "137,127", "Income Tax Paid Supplemental Data": "979", "Interest Paid Supplemental Data": "1,812", "Capital Expenditure": "-66,259", "Issuance of Debt": "-675", "Repayment of Debt": "-158", "Repurchase of Capital Stock": "-", "Free Cash Flow": "-128,717"}, "3/31/2020": {"Duration": "3/31/2020", "Operating Cash Flow": "-93,905", "Investing Cash Flow": "-106,294", "Financing Cash Flow": "72,095", "End Cash Position": "156,411", "Income Tax Paid Supplemental Data": "934", "Interest Paid Supplemental Data": "1,553", "Capital Expenditure": "-67,407", "Issuance of Debt": "73,918", "Repayment of Debt": "-315", "Repurchase of Capital Stock": "-6,550", "Free Cash Flow": "-161,312"}, "3/31/2019": {"Duration": "3/31/2019", "Operating Cash Flow": "-14,868", "Investing Cash Flow": "10,872", "Financing Cash Flow": "249,238", "End Cash Position": "284,683", "Income Tax Paid Supplemental Data": "356", "Interest Paid Supplemental Data": "0", "Capital Expenditure": "-34,718", "Issuance of Debt": "279,532", "Repayment of Debt": "-949", "Repurchase of Capital Stock": "-7,823", "Free Cash Flow": "-49,586"}, "3/31/2018": {"Duration": "3/31/2018", "Operating Cash Flow": "22,041", "Investing Cash Flow": "-7,272", "Financing Cash Flow": "-16,440", "End Cash Position": "39,803", "Income Tax Paid Supplemental Data": "38", "Interest Paid Supplemental Data": "36", "Capital Expenditure": "-21,664", "Issuance of Debt": "-", "Repayment of Debt": "-1,079", "Repurchase of Capital Stock": "-22,440", "Free Cash Flow": "377"}}}}, {"GOGO": {"quote": {"05/11/2021": {"value": "11.61", "Market Cap": "1.273B", "Beta (5Y Monthly)": "1.24", "PE Ratio (TTM)": "N/A", "EPS (TTM)": "-2.08", "Earnings Date": "Aug 09, 2021 - Aug 13, 2021", "Forward Dividend & Yield": "N/A (N/A)", "Ex-Dividend Date": "N/A", "1y Target Est": "14.00"}}, "fin": {"TTM": {"Duration": "TTM", "Total Revenue": "269,718", "Cost of Revenue": "84,372", "Gross Profit": "185,346", "Operating Expense": "108,995", "Operating Income": "76,351", "Net Non Operating Interest Income Expense": "-125,065", "Other Income Expense": "9", "Pretax Income": "-48,705", "Tax Provision": "-146", "Net Income Common Stockholders": "-250,036", "Diluted NI Available to Com Stockholders": "-250,036", "Basic EPS": "-", "Diluted EPS": "-", "Basic Average Shares": "-", "Diluted Average Shares": "-", "Total Operating Income as Reported": "76,351", "Total Expenses": "193,367", "Net Income from Continuing & Discontinued Operation": "-250,036", "Normalized Income": "-48,559", "Interest Income": "722", "Interest Expense": "119,895", "Net Interest Income": "-125,065", "EBIT": "71,190", "EBITDA": "85,356", "Reconciled Cost of Revenue": "84,372", "Reconciled Depreciation": "14,166", "Net Income from Continuing Operation Net Minority Interest": "-48,559", "Total Unusual Items Excluding Goodwill": "0", "Total Unusual Items": "0", "Normalized EBITDA": "85,356", "Tax Rate for Calcs": "0", "Tax Effect of Unusual Items": "0"}, "12/31/2020": {"Duration": "12/31/2020", "Total Revenue": "269,718", "Cost of Revenue": "84,372", "Gross Profit": "185,346", "Operating Expense": "108,995", "Operating Income": "76,351", "Net Non Operating Interest Income Expense": "-125,065", "Other Income Expense": "9", "Pretax Income": "-48,705", "Tax Provision": "-146", "Net Income Common Stockholders": "-250,036", "Diluted NI Available to Com Stockholders": "-250,036", "Basic EPS": "-", "Diluted EPS": "-", "Basic Average Shares": "-", "Diluted Average Shares": "-", "Total Operating Income as Reported": "76,351", "Total Expenses": "193,367", "Net Income from Continuing & Discontinued Operation": "-250,036", "Normalized Income": "-48,559", "Interest Income": "722", "Interest Expense": "119,895", "Net Interest Income": "-125,065", "EBIT": "71,190", "EBITDA": "-", "Reconciled Cost of Revenue": "84,372", "Reconciled Depreciation": "14,166", "Net Income from Continuing Operation Net Minority Interest": "-48,559", "Total Unusual Items Excluding Goodwill": "0", "Total Unusual Items": "0", "Normalized EBITDA": "85,356", "Tax Rate for Calcs": "0", "Tax Effect of Unusual Items": "0"}, "12/31/2019": {"Duration": "12/31/2019", "Total Revenue": "835,726", "Cost of Revenue": "432,576", "Gross Profit": "403,150", "Operating Expense": "366,426", "Operating Income": "36,724", "Net Non Operating Interest Income Expense": "-126,362", "Other Income Expense": "-55,360", "Pretax Income": "-144,998", "Tax Provision": "1,006", "Net Income Common Stockholders": "-146,004", "Diluted NI Available to Com Stockholders": "-146,004", "Basic EPS": "-1.81", "Diluted EPS": "-1.81", "Basic Average Shares": "80,766", "Diluted Average Shares": "80,766", "Total Operating Income as Reported": "36,724", "Total Expenses": "799,002", "Net Income from Continuing & Discontinued Operation": "-146,004", "Normalized Income": "-103,692", "Interest Income": "5,228", "Interest Expense": "126,330", "Net Interest Income": "-126,362", "EBIT": "-18,668", "EBITDA": "-", "Reconciled Cost of Revenue": "432,576", "Reconciled Depreciation": "118,817", "Net Income from Continuing Operation Net Minority Interest": "-146,004", "Total Unusual Items Excluding Goodwill": "-57,962", "Total Unusual Items": "-57,962", "Normalized EBITDA": "158,111", "Tax Rate for Calcs": "0", "Tax Effect of Unusual Items": "-15,650"}, "12/31/2018": {"Duration": "12/31/2018", "Total Revenue": "893,764", "Cost of Revenue": "513,886", "Gross Profit": "379,878", "Operating Expense": "406,799", "Operating Income": "-26,921", "Net Non Operating Interest Income Expense": "-118,517", "Other Income Expense": "-19,886", "Pretax Income": "-165,324", "Tax Provision": "-3,293", "Net Income Common Stockholders": "-162,031", "Diluted NI Available to Com Stockholders": "-162,031", "Basic EPS": "-2.02", "Diluted EPS": "-2.02", "Basic Average Shares": "80,038", "Diluted Average Shares": "80,038", "Total Operating Income as Reported": "-26,921", "Total Expenses": "920,685", "Net Income from Continuing & Discontinued Operation": "-162,031", "Normalized Income": "-142,771", "Interest Income": "7,142", "Interest Expense": "100,274", "Net Interest Income": "-118,517", "EBIT": "-65,050", "EBITDA": "-", "Reconciled Cost of Revenue": "513,886", "Reconciled Depreciation": "133,617", "Net Income from Continuing Operation Net Minority Interest": "-162,031", "Total Unusual Items Excluding Goodwill": "-19,653", "Total Unusual Items": "-19,653", "Normalized EBITDA": "88,220", "Tax Rate for Calcs": "0", "Tax Effect of Unusual Items": "-393.06"}}, "bs": {"12/31/2020": {"Duration": "12/31/2020", "Total Assets": "673,588", "Total Liabilities Net Minority Interest": "1,314,702", "Total Equity Gross Minority Interest": "-641,114", "Total Capitalization": "186,854", "Common Stock Equity": "-641,114", "Capital Lease Obligations": "46,107", "Net Tangible Assets": "-693,787", "Working Capital": "74,091", "Invested Capital": "527,854", "Tangible Book Value": "-693,787", "Total Debt": "1,215,075", "Net Debt": "733,623", "Share Issued": "91,086", "Ordinary Shares Number": "85,990", "Treasury Shares Number": "5,096"}, "12/31/2019": {"Duration": "12/31/2019", "Total Assets": "1,214,700", "Total Liabilities Net Minority Interest": "1,613,590", "Total Equity Gross Minority Interest": "-398,890", "Total Capitalization": "702,358", "Common Stock Equity": "-398,890", "Capital Lease Obligations": "90,049", "Net Tangible Assets": "-475,369", "Working Capital": "172,183", "Invested Capital": "702,358", "Tangible Book Value": "-475,369", "Total Debt": "1,191,297", "Net Debt": "931,232", "Share Issued": "88,241", "Ordinary Shares Number": "88,241", "Treasury Shares Number": "-"}, "12/31/2018": {"Duration": "12/31/2018", "Total Assets": "1,265,096", "Total Liabilities Net Minority Interest": "1,533,857", "Total Equity Gross Minority Interest": "-268,761", "Total Capitalization": "756,132", "Common Stock Equity": "-268,761", "Capital Lease Obligations": "652", "Net Tangible Assets": "-352,252", "Working Capital": "285,839", "Invested Capital": "756,132", "Tangible Book Value": "-352,252", "Total Debt": "1,025,545", "Net Debt": "840,738", "Share Issued": "87,679", "Ordinary Shares Number": "87,561", "Treasury Shares Number": "118.118"}}, "cf": {"TTM": {"Duration": "TTM", "Operating Cash Flow": "-132,687", "Investing Cash Flow": "348,403", "Financing Cash Flow": "44,425", "End Cash Position": "435,870", "Income Tax Paid Supplemental Data": "401", "Interest Paid Supplemental Data": "106,051", "Capital Expenditure": "-8,990", "Issuance of Debt": "77,750", "Repayment of Debt": "-29,044", "Free Cash Flow": "-141,677"}, "12/31/2020": {"Duration": "12/31/2020", "Operating Cash Flow": "-132,687", "Investing Cash Flow": "348,403", "Financing Cash Flow": "44,425", "End Cash Position": "435,870", "Income Tax Paid Supplemental Data": "401", "Interest Paid Supplemental Data": "106,051", "Capital Expenditure": "-8,990", "Issuance of Debt": "77,750", "Repayment of Debt": "-29,044", "Free Cash Flow": "-141,677"}, "12/31/2019": {"Duration": "12/31/2019", "Operating Cash Flow": "64,061", "Investing Cash Flow": "-73,709", "Financing Cash Flow": "-3,543", "End Cash Position": "177,675", "Income Tax Paid Supplemental Data": "490", "Interest Paid Supplemental Data": "140,833", "Capital Expenditure": "-115,478", "Issuance of Debt": "920,683", "Repayment of Debt": "-901,575", "Free Cash Flow": "-51,417"}, "12/31/2018": {"Duration": "12/31/2018", "Operating Cash Flow": "-82,311", "Investing Cash Flow": "41,806", "Financing Cash Flow": "27,314", "End Cash Position": "191,116", "Income Tax Paid Supplemental Data": "401", "Interest Paid Supplemental Data": "101,489", "Capital Expenditure": "-131,663", "Issuance of Debt": "237,750", "Repayment of Debt": "-202,778", "Free Cash Flow": "-213,974"}}}}, {"IGLD": {"quote": {"05/11/2021": {"value": "21.04", "Net Assets": "9.14M", "NAV": "20.99", "PE Ratio (TTM)": "N/A", "Yield": "N/A", "YTD Daily Total Return": "N/A", "Beta (5Y Monthly)": "0.00", "Expense Ratio (net)": "0.85%", "Inception Date": "2021-03-02"}}, "fin": {}, "bs": {}, "cf": {}}}, {"GTT": {"quote": {"05/11/2021": {"value": "1.5001", "Market Cap": "88.235M", "Beta (5Y Monthly)": "1.38", "PE Ratio (TTM)": "N/A", "EPS (TTM)": "-2.8590", "Earnings Date": "May 08, 2020", "Forward Dividend & Yield": "N/A (N/A)", "Ex-Dividend Date": "N/A", "1y Target Est": "9.67"}}, "fin": {"TTM": {"Duration": "TTM", "Total Revenue": "1,702,300", "Cost of Revenue": "937,800", "Gross Profit": "764,500", "Operating Expense": "658,400", "Operating Income": "106,100", "Net Non Operating Interest Income Expense": "-195,300", "Other Income Expense": "-73,200", "Pretax Income": "-162,400", "Tax Provision": "-500", "Net Income Common Stockholders": "-161,900", "Diluted NI Available to Com Stockholders": "-161,900", "Basic EPS": "-", "Diluted EPS": "-", "Basic Average Shares": "-", "Diluted Average Shares": "-", "Total Operating Income as Reported": "93,800", "Total Expenses": "1,596,200", "Net Income from Continuing & Discontinued Operation": "-161,900", "Normalized Income": "-147,345", "Interest Expense": "195,300", "Net Interest Income": "-195,300", "EBIT": "32,900", "EBITDA": "286,400", "Reconciled Cost of Revenue": "937,800", "Reconciled Depreciation": "253,500", "Net Income from Continuing Operation Net Minority Interest": "-161,900", "Total Unusual Items Excluding Goodwill": "-14,600", "Total Unusual Items": "-14,600", "Normalized EBITDA": "301,000", "Tax Rate for Calcs": "0", "Tax Effect of Unusual Items": "-44.9507"}, "12/31/2019": {"Duration": "12/31/2019", "Total Revenue": "1,727,800", "Cost of Revenue": "941,900", "Gross Profit": "785,900", "Operating Expense": "649,600", "Operating Income": "136,300", "Net Non Operating Interest Income Expense": "-194,700", "Other Income Expense": "-44,300", "Pretax Income": "-102,700", "Tax Provision": "3,200", "Net Income Common Stockholders": "-105,900", "Diluted NI Available to Com Stockholders": "-105,900", "Basic EPS": "-1.88", "Diluted EPS": "-1.88", "Basic Average Shares": "56,265", "Diluted Average Shares": "56,265", "Total Operating Income as Reported": "123,300", "Total Expenses": "1,591,500", "Net Income from Continuing & Discontinued Operation": "-105,900", "Normalized Income": "-96,410", "Interest Expense": "194,700", "Net Interest Income": "-194,700", "EBIT": "92,000", "EBITDA": "-", "Reconciled Cost of Revenue": "941,900", "Reconciled Depreciation": "248,800", "Net Income from Continuing Operation Net Minority Interest": "-105,900", "Total Unusual Items Excluding Goodwill": "-13,000", "Total Unusual Items": "-13,000", "Normalized EBITDA": "353,800", "Tax Rate for Calcs": "0", "Tax Effect of Unusual Items": "-3,510"}, "12/31/2018": {"Duration": "12/31/2018", "Total Revenue": "1,490,800", "Cost of Revenue": "819,400", "Gross Profit": "671,400", "Operating Expense": "594,600", "Operating Income": "76,800", "Net Non Operating Interest Income Expense": "-146,900", "Other Income Expense": "-178,800", "Pretax Income": "-248,900", "Tax Provision": "-5,500", "Net Income Common Stockholders": "-243,400", "Diluted NI Available to Com Stockholders": "-243,400", "Basic EPS": "-4.80", "Diluted EPS": "-4.80", "Basic Average Shares": "50,718", "Diluted Average Shares": "50,718", "Total Operating Income as Reported": "39,700", "Total Expenses": "1,414,000", "Net Income from Continuing & Discontinued Operation": "-243,400", "Normalized Income": "-193,620", "Interest Expense": "146,900", "Net Interest Income": "-146,900", "EBIT": "-102,000", "EBITDA": "-", "Reconciled Cost of Revenue": "819,400", "Reconciled Depreciation": "211,400", "Net Income from Continuing Operation Net Minority Interest": "-243,400", "Total Unusual Items Excluding Goodwill": "-50,900", "Total Unusual Items": "-50,900", "Normalized EBITDA": "160,300", "Tax Rate for Calcs": "0", "Tax Effect of Unusual Items": "-1,120"}}, "bs": {"12/31/2019": {"Duration": "12/31/2019", "Total Assets": "4,757,700", "Total Liabilities Net Minority Interest": "4,466,600", "Total Equity Gross Minority Interest": "291,100", "Total Capitalization": "3,483,700", "Common Stock Equity": "291,100", "Capital Lease Obligations": "389,700", "Net Tangible Assets": "-1,968,200", "Working Capital": "-232,600", "Invested Capital": "3,513,900", "Tangible Book Value": "-1,968,200", "Total Debt": "3,612,500", "Net Debt": "3,181,000", "Share Issued": "56,686", "Ordinary Shares Number": "56,686"}, "12/31/2018": {"Duration": "12/31/2018", "Total Assets": "4,537,600", "Total Liabilities Net Minority Interest": "4,122,900", "Total Equity Gross Minority Interest": "414,700", "Total Capitalization": "3,566,300", "Common Stock Equity": "414,700", "Capital Lease Obligations": "41,800", "Net Tangible Assets": "-1,875,700", "Working Capital": "-167,800", "Invested Capital": "3,606,200", "Tangible Book Value": "-1,875,700", "Total Debt": "3,233,300", "Net Debt": "3,136,200", "Share Issued": "55,625", "Ordinary Shares Number": "55,625"}}, "cf": {"TTM": {"Duration": "TTM", "Operating Cash Flow": "132,500", "Investing Cash Flow": "-144,400", "Financing Cash Flow": "67,200", "End Cash Position": "106,000", "Income Tax Paid Supplemental Data": "-", "Interest Paid Supplemental Data": "176,600", "Capital Expenditure": "-92,300", "Issuance of Capital Stock": "-", "Issuance of Debt": "305,000", "Repayment of Debt": "-232,900", "Free Cash Flow": "40,200"}, "12/31/2019": {"Duration": "12/31/2019", "Operating Cash Flow": "107,100", "Investing Cash Flow": "-155,000", "Financing Cash Flow": "35,000", "End Cash Position": "41,800", "Income Tax Paid Supplemental Data": "1,300", "Interest Paid Supplemental Data": "176,600", "Capital Expenditure": "-102,400", "Issuance of Capital Stock": "0", "Issuance of Debt": "145,000", "Repayment of Debt": "-104,200", "Free Cash Flow": "4,700"}, "12/31/2018": {"Duration": "12/31/2018", "Operating Cash Flow": "82,400", "Investing Cash Flow": "-2,426,300", "Financing Cash Flow": "2,304,300", "End Cash Position": "55,300", "Income Tax Paid Supplemental Data": "5,300", "Interest Paid Supplemental Data": "158,800", "Capital Expenditure": "-77,800", "Issuance of Capital Stock": "424,500", "Issuance of Debt": "2,730,200", "Repayment of Debt": "-756,100", "Free Cash Flow": "4,600"}}}}, {"HCOM": {"quote": {"05/11/2021": {"value": "", "Net Assets": "N/A", "Beta (5Y Monthly)": "N/A", "Yield": "N/A", "5y Average Return": "N/A", "Holdings Turnover": "N/A", "Last Dividend": "N/A", "Average for Category": "N/A", "Inception Date": "N/A"}}, "fin": {}, "bs": {}, "cf": {}}}, {"ORBC": {"quote": {"05/11/2021": {"value": "11.20", "Market Cap": "891.082M", "Beta (5Y Monthly)": "1.57", "PE Ratio (TTM)": "N/A", "EPS (TTM)": "-0.48", "Earnings Date": "Jul 28, 2021 - Aug 02, 2021", "Forward Dividend & Yield": "N/A (N/A)", "Ex-Dividend Date": "N/A", "1y Target Est": "11.50"}}, "fin": {"TTM": {"Duration": "TTM", "Total Revenue": "268,668", "Cost of Revenue": "129,959", "Gross Profit": "138,709", "Operating Expense": "135,133", "Operating Income": "3,576", "Net Non Operating Interest Income Expense": "-19,422", "Other Income Expense": "-755", "Pretax Income": "-15,347", "Tax Provision": "4,602", "Net Income Common Stockholders": "-21,582", "Diluted NI Available to Com Stockholders": "-21,582", "Basic EPS": "-", "Diluted EPS": "-", "Basic Average Shares": "-", "Diluted Average Shares": "-", "Total Operating Income as Reported": "4,463", "Total Expenses": "265,092", "Net Income from Continuing & Discontinued Operation": "-21,563", "Normalized Income": "-20,963", "Interest Income": "1,750", "Interest Expense": "21,172", "Net Interest Income": "-19,422", "EBIT": "4,571", "EBITDA": "56,107", "Reconciled Cost of Revenue": "129,959", "Reconciled Depreciation": "51,536", "Net Income from Continuing Operation Net Minority Interest": "-21,563", "Total Unusual Items Excluding Goodwill": "-664", "Total Unusual Items": "-822", "Normalized EBITDA": "56,929", "Tax Rate for Calcs": "0", "Tax Effect of Unusual Items": "-221.94"}, "12/31/2020": {"Duration": "12/31/2020", "Total Revenue": "248,466", "Cost of Revenue": "114,726", "Gross Profit": "133,740", "Operating Expense": "133,632", "Operating Income": "108", "Net Non Operating Interest Income Expense": "-18,718", "Other Income Expense": "-13,559", "Pretax Income": "-32,169", "Tax Provision": "1,656", "Net Income Common Stockholders": "-33,940", "Diluted NI Available to Com Stockholders": "-33,940", "Basic EPS": "-", "Diluted EPS": "-", "Basic Average Shares": "-", "Diluted Average Shares": "-", "Total Operating Income as Reported": "-340", "Total Expenses": "248,358", "Net Income from Continuing & Discontinued Operation": "-33,940", "Normalized Income": "-25,041", "Interest Income": "1,239", "Interest Expense": "19,957", "Net Interest Income": "-18,718", "EBIT": "-12,212", "EBITDA": "-", "Reconciled Cost of Revenue": "114,726", "Reconciled Depreciation": "50,736", "Net Income from Continuing Operation Net Minority Interest": "-33,940", "Total Unusual Items Excluding Goodwill": "-12,190", "Total Unusual Items": "-12,190", "Normalized EBITDA": "50,714", "Tax Rate for Calcs": "0", "Tax Effect of Unusual Items": "-3,291"}, "12/31/2019": {"Duration": "12/31/2019", "Total Revenue": "272,013", "Cost of Revenue": "130,641", "Gross Profit": "141,372", "Operating Expense": "135,012", "Operating Income": "6,360", "Net Non Operating Interest Income Expense": "-19,192", "Other Income Expense": "-917", "Pretax Income": "-13,749", "Tax Provision": "4,383", "Net Income Common Stockholders": "-18,435", "Diluted NI Available to Com Stockholders": "-18,435", "Basic EPS": "-0.23", "Diluted EPS": "-0.23", "Basic Average Shares": "79,259", "Diluted Average Shares": "79,259", "Total Operating Income as Reported": "5,572", "Total Expenses": "265,653", "Net Income from Continuing & Discontinued Operation": "-18,423", "Normalized Income": "-17,848", "Interest Income": "1,957", "Interest Expense": "21,149", "Net Interest Income": "-19,192", "EBIT": "7,400", "EBITDA": "-", "Reconciled Cost of Revenue": "130,641", "Reconciled Depreciation": "50,702", "Net Income from Continuing Operation Net Minority Interest": "-18,423", "Total Unusual Items Excluding Goodwill": "-788", "Total Unusual Items": "-788", "Normalized EBITDA": "58,890", "Tax Rate for Calcs": "0", "Tax Effect of Unusual Items": "-212.76"}, "12/31/2018": {"Duration": "12/31/2018", "Total Revenue": "276,140", "Cost of Revenue": "146,628", "Gross Profit": "129,512", "Operating Expense": "130,077", "Operating Income": "-565", "Net Non Operating Interest Income Expense": "-19,137", "Other Income Expense": "-1,579", "Pretax Income": "-21,281", "Tax Provision": "4,658", "Net Income Common Stockholders": "-26,262", "Diluted NI Available to Com Stockholders": "-26,262", "Basic EPS": "-0.34", "Diluted EPS": "-0.34", "Basic Average Shares": "77,603", "Diluted Average Shares": "77,603", "Total Operating Income as Reported": "-2,189", "Total Expenses": "276,705", "Net Income from Continuing & Discontinued Operation": "-26,244", "Normalized Income": "-25,058", "Interest Income": "1,918", "Interest Expense": "21,055", "Net Interest Income": "-19,137", "EBIT": "-226", "EBITDA": "-", "Reconciled Cost of Revenue": "146,628", "Reconciled Depreciation": "49,684", "Net Income from Continuing Operation Net Minority Interest": "-26,244", "Total Unusual Items Excluding Goodwill": "-1,624", "Total Unusual Items": "-1,624", "Normalized EBITDA": "51,082", "Tax Rate for Calcs": "0", "Tax Effect of Unusual Items": "-438.48"}}, "bs": {"12/31/2020": {"Duration": "12/31/2020", "Total Assets": "510,845", "Total Liabilities Net Minority Interest": "301,430", "Total Equity Gross Minority Interest": "209,415", "Total Capitalization": "416,247", "Preferred Stock Equity": "406", "Common Stock Equity": "207,544", "Capital Lease Obligations": "2,736", "Net Tangible Assets": "-18,738", "Working Capital": "74,694", "Invested Capital": "425,841", "Tangible Book Value": "-19,144", "Total Debt": "221,033", "Net Debt": "177,913", "Share Issued": "78,224", "Ordinary Shares Number": "78,224", "Treasury Shares Number": "0"}, "12/31/2019": {"Duration": "12/31/2019", "Total Assets": "580,980", "Total Liabilities Net Minority Interest": "343,464", "Total Equity Gross Minority Interest": "237,516", "Total Capitalization": "484,168", "Preferred Stock Equity": "406", "Common Stock Equity": "235,804", "Capital Lease Obligations": "2,608", "Net Tangible Assets": "-3,199", "Working Capital": "115,199", "Invested Capital": "483,762", "Tangible Book Value": "-3,605", "Total Debt": "250,566", "Net Debt": "193,700", "Share Issued": "78,092", "Ordinary Shares Number": "78,062", "Treasury Shares Number": "29.99"}, "12/31/2018": {"Duration": "12/31/2018", "Total Assets": "586,459", "Total Liabilities Net Minority Interest": "328,601", "Total Equity Gross Minority Interest": "257,858", "Total Capitalization": "504,037", "Preferred Stock Equity": "394", "Common Stock Equity": "256,438", "Capital Lease Obligations": "-", "Net Tangible Assets": "4,439", "Working Capital": "104,068", "Invested Capital": "503,643", "Tangible Book Value": "4,045", "Total Debt": "247,205", "Net Debt": "193,439", "Share Issued": "79,008", "Ordinary Shares Number": "78,978", "Treasury Shares Number": "29.99"}}, "cf": {"TTM": {"Duration": "TTM", "Operating Cash Flow": "33,185", "Investing Cash Flow": "-21,269", "Financing Cash Flow": "-6,745", "End Cash Position": "51,065", "Income Tax Paid Supplemental Data": "7,476", "Interest Paid Supplemental Data": "20,000", "Capital Expenditure": "-21,269", "Issuance of Capital Stock": "0", "Issuance of Debt": "0", "Repayment of Debt": "0", "Repurchase of Capital Stock": "-11,971", "Free Cash Flow": "11,916"}, "12/31/2020": {"Duration": "12/31/2020", "Operating Cash Flow": "48,417", "Investing Cash Flow": "-19,539", "Financing Cash Flow": "-43,684", "End Cash Position": "40,384", "Income Tax Paid Supplemental Data": "5,826", "Interest Paid Supplemental Data": "23,937", "Capital Expenditure": "-19,539", "Issuance of Capital Stock": "0", "Issuance of Debt": "242,588", "Repayment of Debt": "-272,588", "Repurchase of Capital Stock": "-2,527", "Free Cash Flow": "28,878"}, "12/31/2019": {"Duration": "12/31/2019", "Operating Cash Flow": "30,084", "Investing Cash Flow": "-21,067", "Financing Cash Flow": "-8,368", "End Cash Position": "54,258", "Income Tax Paid Supplemental Data": "4,810", "Interest Paid Supplemental Data": "20,000", "Capital Expenditure": "-21,067", "Issuance of Capital Stock": "0", "Issuance of Debt": "0", "Repayment of Debt": "0", "Repurchase of Capital Stock": "-9,444", "Free Cash Flow": "9,017"}, "12/31/2018": {"Duration": "12/31/2018", "Operating Cash Flow": "11,454", "Investing Cash Flow": "-21,548", "Financing Cash Flow": "29,161", "End Cash Position": "53,766", "Income Tax Paid Supplemental Data": "5,532", "Interest Paid Supplemental Data": "20,036", "Capital Expenditure": "-22,198", "Issuance of Capital Stock": "27,967", "Issuance of Debt": "14,000", "Repayment of Debt": "-14,000", "Repurchase of Capital Stock": "-", "Free Cash Flow": "-10,744"}}}}, {"TLK": {"quote": {"05/11/2021": {"value": "22.49", "Market Cap": "21.924B", "Beta (5Y Monthly)": "0.36", "PE Ratio (TTM)": "17.30", "EPS (TTM)": "1.30", "Earnings Date": "N/A", "Forward Dividend & Yield": "0.79 (3.52%)", "Ex-Dividend Date": "Jul 09, 2020", "1y Target Est": "N/A"}}, "fin": {"TTM": {"Duration": "TTM", "Total Revenue": "133,068,000,000", "Cost of Revenue": "50,729,000,000", "Gross Profit": "82,339,000,000", "Operating Expense": "38,750,000,000", "Operating Income": "43,589,000,000", "Net Non Operating Interest Income Expense": "-4,776,000,000", "Other Income Expense": "-1,337,000,000", "Pretax Income": "37,476,000,000", "Tax Provision": "9,681,000,000", "Net Income Common Stockholders": "18,979,000,000", "Diluted NI Available to Com Stockholders": "18,979,000,000", "Basic EPS": "-", "Diluted EPS": "-", "Basic Average Shares": "-", "Diluted Average Shares": "-", "Total Operating Income as Reported": "44,037,000,000", "Rent Expense Supplemental": "3,840,000,000", "Total Expenses": "89,479,000,000", "Net Income from Continuing & Discontinued Operation": "18,979,000,000", "Normalized Income": "20,120,437,320", "Interest Income": "941,000,000", "Interest Expense": "5,717,000,000", "Net Interest Income": "-4,776,000,000", "EBIT": "43,193,000,000", "EBITDA": "72,857,000,000", "Reconciled Cost of Revenue": "50,729,000,000", "Reconciled Depreciation": "29,664,000,000", "Net Income from Continuing Operation Net Minority Interest": "18,979,000,000", "Total Unusual Items Excluding Goodwill": "-1,539,000,000", "Total Unusual Items": "-1,539,000,000", "Normalized EBITDA": "74,396,000,000", "Tax Rate for Calcs": "0", "Tax Effect of Unusual Items": "-397,562,680"}, "12/31/2019": {"Duration": "12/31/2019", "Total Revenue": "135,557,000,000", "Cost of Revenue": "55,542,000,000", "Gross Profit": "80,015,000,000", "Operating Expense": "36,827,000,000", "Operating Income": "43,188,000,000", "Net Non Operating Interest Income Expense": "-4,357,000,000", "Other Income Expense": "-532,000,000", "Pretax Income": "38,299,000,000", "Tax Provision": "10,439,000,000", "Net Income Common Stockholders": "19,068,000,000", "Diluted NI Available to Com Stockholders": "19,068,000,000", "Basic EPS": "18.84k", "Diluted EPS": "18.84k", "Basic Average Shares": "990,622", "Diluted Average Shares": "990,622", "Total Operating Income as Reported": "43,994,000,000", "Rent Expense Supplemental": "5,359,000,000", "Total Expenses": "92,369,000,000", "Net Income from Continuing & Discontinued Operation": "19,068,000,000", "Normalized Income": "19,985,294,446", "Interest Income": "1,095,000,000", "Interest Expense": "5,452,000,000", "Net Interest Income": "-4,357,000,000", "EBIT": "43,751,000,000", "EBITDA": "-", "Reconciled Cost of Revenue": "55,542,000,000", "Reconciled Depreciation": "27,204,000,000", "Net Income from Continuing Operation Net Minority Interest": "19,068,000,000", "Total Unusual Items Excluding Goodwill": "-1,261,000,000", "Total Unusual Items": "-1,261,000,000", "Normalized EBITDA": "72,216,000,000", "Tax Rate for Calcs": "0", "Tax Effect of Unusual Items": "-343,705,554"}, "12/31/2018": {"Duration": "12/31/2018", "Total Revenue": "130,788,000,000", "Cost of Revenue": "61,354,000,000", "Gross Profit": "69,434,000,000", "Operating Expense": "30,972,000,000", "Operating Income": "38,462,000,000", "Net Non Operating Interest Income Expense": "-2,509,000,000", "Other Income Expense": "124,000,000", "Pretax Income": "36,077,000,000", "Tax Provision": "9,366,000,000", "Net Income Common Stockholders": "17,802,000,000", "Diluted NI Available to Com Stockholders": "17,802,000,000", "Basic EPS": "18.20k", "Diluted EPS": "18.20k", "Basic Average Shares": "990,622", "Diluted Average Shares": "990,622", "Total Operating Income as Reported": "38,533,000,000", "Rent Expense Supplemental": "6,018,000,000", "Total Expenses": "92,326,000,000", "Net Income from Continuing & Discontinued Operation": "17,802,000,000", "Normalized Income": "17,749,432,408", "Interest Income": "1,014,000,000", "Interest Expense": "3,523,000,000", "Net Interest Income": "-2,509,000,000", "EBIT": "39,600,000,000", "EBITDA": "-", "Reconciled Cost of Revenue": "61,354,000,000", "Reconciled Depreciation": "21,442,000,000", "Net Income from Continuing Operation Net Minority Interest": "17,802,000,000", "Total Unusual Items Excluding Goodwill": "71,000,000", "Total Unusual Items": "71,000,000", "Normalized EBITDA": "60,971,000,000", "Tax Rate for Calcs": "0", "Tax Effect of Unusual Items": "18,432,408"}}, "bs": {"12/31/2019": {"Duration": "12/31/2019", "Total Assets": "235,057,000,000", "Total Liabilities Net Minority Interest": "117,833,000,000", "Total Equity Gross Minority Interest": "117,224,000,000", "Total Capitalization": "132,085,000,000", "Common Stock Equity": "99,796,000,000", "Capital Lease Obligations": "17,217,000,000", "Net Tangible Assets": "88,355,000,000", "Working Capital": "-20,432,000,000", "Invested Capital": "149,536,000,000", "Tangible Book Value": "88,355,000,000", "Total Debt": "66,957,000,000", "Net Debt": "31,499,000,000", "Share Issued": "99,062,217", "Ordinary Shares Number": "99,062,217", "Treasury Shares Number": "-"}, "12/31/2018": {"Duration": "12/31/2018", "Total Assets": "205,900,000,000", "Total Liabilities Net Minority Interest": "88,894,000,000", "Total Equity Gross Minority Interest": "117,006,000,000", "Total Capitalization": "130,144,000,000", "Common Stock Equity": "98,739,000,000", "Capital Lease Obligations": "3,145,000,000", "Net Tangible Assets": "92,416,000,000", "Working Capital": "-3,479,000,000", "Invested Capital": "139,676,000,000", "Tangible Book Value": "92,416,000,000", "Total Debt": "44,082,000,000", "Net Debt": "23,502,000,000", "Share Issued": "99,062,217", "Ordinary Shares Number": "99,062,217", "Treasury Shares Number": "-"}}, "cf": {"TTM": {"Duration": "TTM", "Cash Flows from Used in Operating Activities Direct": "65,435,000,000", "Operating Cash Flow": "-", "Investing Cash Flow": "-35,472,000,000", "Financing Cash Flow": "-18,806,000,000", "End Cash Position": "28,232,000,000", "Capital Expenditure": "-38,316,000,000", "Issuance of Capital Stock": "-", "Issuance of Debt": "17,930,000,000", "Repayment of Debt": "-30,428,000,000", "Free Cash Flow": "27,119,000,000"}, "12/31/2019": {"Duration": "12/31/2019", "Cash Flows from Used in Operating Activities Direct": "58,966,000,000", "Operating Cash Flow": "-", "Investing Cash Flow": "-35,875,000,000", "Financing Cash Flow": "-22,175,000,000", "End Cash Position": "18,241,000,000", "Capital Expenditure": "-37,310,000,000", "Issuance of Capital Stock": "-", "Issuance of Debt": "26,524,000,000", "Repayment of Debt": "-22,911,000,000", "Free Cash Flow": "21,656,000,000"}, "12/31/2018": {"Duration": "12/31/2018", "Cash Flows from Used in Operating Activities Direct": "45,671,000,000", "Operating Cash Flow": "-", "Investing Cash Flow": "-35,090,000,000", "Financing Cash Flow": "-18,458,000,000", "End Cash Position": "17,435,000,000", "Capital Expenditure": "-34,834,000,000", "Issuance of Capital Stock": "34,000,000", "Issuance of Debt": "35,364,000,000", "Repayment of Debt": "-27,113,000,000", "Free Cash Flow": "10,837,000,000"}}}}, {"MTSL": {"quote": {"05/11/2021": {"value": "2.5200", "Market Cap": "11.93M", "Beta (5Y Monthly)": "N/A", "PE Ratio (TTM)": "N/A", "EPS (TTM)": "-0.1130", "Earnings Date": "May 06, 2021", "Forward Dividend & Yield": "N/A (N/A)", "Ex-Dividend Date": "N/A", "1y Target Est": "N/A"}}, "fin": {"TTM": {"Duration": "TTM", "Total Revenue": "4,696", "Cost of Revenue": "1,742", "Gross Profit": "2,954", "Operating Expense": "3,103", "Operating Income": "-149", "Net Non Operating Interest Income Expense": "15", "Pretax Income": "-751", "Tax Provision": "-105", "Net Income Common Stockholders": "-576", "Diluted NI Available to Com Stockholders": "-576", "Basic EPS": "-", "Diluted EPS": "-", "Basic Average Shares": "-", "Diluted Average Shares": "-", "Total Operating Income as Reported": "-766", "Total Expenses": "4,845", "Net Income from Continuing & Discontinued Operation": "-576", "Normalized Income": "-646", "Net Interest Income": "15", "EBIT": "-149", "EBITDA": "-149", "Reconciled Cost of Revenue": "1,742", "Reconciled Depreciation": "-", "Net Income from Continuing Operation Net Minority Interest": "-646", "Total Unusual Items Excluding Goodwill": "-", "Total Unusual Items": "-", "Normalized EBITDA": "-149", "Tax Rate for Calcs": "0", "Tax Effect of Unusual Items": "0"}, "12/31/2019": {"Duration": "12/31/2019", "Total Revenue": "5,193", "Cost of Revenue": "1,857", "Gross Profit": "3,336", "Operating Expense": "3,506", "Operating Income": "-170", "Net Non Operating Interest Income Expense": "-18", "Pretax Income": "-188", "Tax Provision": "4", "Net Income Common Stockholders": "-135", "Diluted NI Available to Com Stockholders": "-135", "Basic EPS": "-0.03", "Diluted EPS": "-0.03", "Basic Average Shares": "5,013", "Diluted Average Shares": "5,013", "Total Operating Income as Reported": "-170", "Total Expenses": "5,363", "Net Income from Continuing & Discontinued Operation": "-135", "Normalized Income": "-192", "Net Interest Income": "-18", "EBIT": "-170", "EBITDA": "-", "Reconciled Cost of Revenue": "1,857", "Reconciled Depreciation": "79", "Net Income from Continuing Operation Net Minority Interest": "-192", "Total Unusual Items Excluding Goodwill": "-", "Total Unusual Items": "-", "Normalized EBITDA": "-91", "Tax Rate for Calcs": "0", "Tax Effect of Unusual Items": "0"}, "12/31/2018": {"Duration": "12/31/2018", "Total Revenue": "5,861", "Cost of Revenue": "2,149", "Gross Profit": "3,712", "Operating Expense": "4,535", "Operating Income": "-823", "Net Non Operating Interest Income Expense": "-17", "Pretax Income": "-840", "Tax Provision": "46", "Net Income Common Stockholders": "-1,170", "Diluted NI Available to Com Stockholders": "-1,170", "Basic EPS": "-0.34", "Diluted EPS": "-0.34", "Basic Average Shares": "3,435", "Diluted Average Shares": "3,435", "Total Operating Income as Reported": "-823", "Total Expenses": "6,684", "Net Income from Continuing & Discontinued Operation": "-1,170", "Normalized Income": "-886", "Net Interest Income": "-17", "EBIT": "-823", "EBITDA": "-", "Reconciled Cost of Revenue": "2,149", "Reconciled Depreciation": "82", "Net Income from Continuing Operation Net Minority Interest": "-886", "Total Unusual Items Excluding Goodwill": "-", "Total Unusual Items": "-", "Normalized EBITDA": "-741", "Tax Rate for Calcs": "0", "Tax Effect of Unusual Items": "0"}}, "bs": {"12/31/2019": {"Duration": "12/31/2019", "Total Assets": "8,043", "Total Liabilities Net Minority Interest": "4,938", "Total Equity Gross Minority Interest": "3,105", "Total Capitalization": "3,105", "Preferred Stock Equity": "16", "Common Stock Equity": "3,089", "Net Tangible Assets": "-120", "Working Capital": "159", "Invested Capital": "3,089", "Tangible Book Value": "-136", "Share Issued": "3,614", "Ordinary Shares Number": "3,612", "Treasury Shares Number": "1.8"}, "12/31/2018": {"Duration": "12/31/2018", "Total Assets": "7,487", "Total Liabilities Net Minority Interest": "5,084", "Total Equity Gross Minority Interest": "2,403", "Total Capitalization": "2,403", "Preferred Stock Equity": "10", "Common Stock Equity": "2,393", "Net Tangible Assets": "-1,097", "Working Capital": "-795", "Invested Capital": "2,393", "Tangible Book Value": "-1,107", "Share Issued": "3,296", "Ordinary Shares Number": "3,294", "Treasury Shares Number": "1.8"}}, "cf": {"TTM": {"Duration": "TTM", "Operating Cash Flow": "-", "Investing Cash Flow": "-", "Financing Cash Flow": "-", "End Cash Position": "-", "Income Tax Paid Supplemental Data": "-", "Capital Expenditure": "-", "Issuance of Capital Stock": "-", "Free Cash Flow": "-"}, "12/31/2019": {"Duration": "12/31/2019", "Operating Cash Flow": "-148", "Investing Cash Flow": "-60", "Financing Cash Flow": "790", "End Cash Position": "1,732", "Income Tax Paid Supplemental Data": "1", "Capital Expenditure": "-60", "Issuance of Capital Stock": "790", "Free Cash Flow": "-208"}, "12/31/2018": {"Duration": "12/31/2018", "Operating Cash Flow": "-1,541", "Investing Cash Flow": "-15", "Financing Cash Flow": "1,541", "End Cash Position": "1,150", "Income Tax Paid Supplemental Data": "1", "Capital Expenditure": "-14", "Issuance of Capital Stock": "1,541", "Free Cash Flow": "-1,555"}}}}, {"MSPC": {"quote": {"05/11/2021": {"value": "0.0010", "Market Cap": "389,217", "Beta (5Y Monthly)": "-37.32", "PE Ratio (TTM)": "N/A", "EPS (TTM)": "-0.0030", "Earnings Date": "Dec 06, 2018", "Forward Dividend & Yield": "N/A (N/A)", "Ex-Dividend Date": "N/A", "1y Target Est": "N/A"}}, "fin": {}, "bs": {}, "cf": {}}}, {"CABO": {"quote": {"05/11/2021": {"value": "1,743.00", "Market Cap": "10.518B", "Beta (5Y Monthly)": "0.51", "PE Ratio (TTM)": "34.62", "EPS (TTM)": "50.34", "Earnings Date": "Aug 04, 2021 - Aug 09, 2021", "Forward Dividend & Yield": "10.00 (0.57%)", "Ex-Dividend Date": "Feb 12, 2021", "1y Target Est": "2,068.71"}}, "fin": {"TTM": {"Duration": "TTM", "Total Revenue": "1,325,229", "Cost of Revenue": "418,704", "Gross Profit": "906,525", "Operating Expense": "520,821", "Operating Income": "385,704", "Net Non Operating Interest Income Expense": "-73,607", "Other Income Expense": "67,235", "Pretax Income": "379,332", "Tax Provision": "76,317", "Earnings from Equity Interest Net of Tax": "1,376", "Net Income Common Stockholders": "304,391", "Diluted NI Available to Com Stockholders": "304,391", "Basic EPS": "-", "Diluted EPS": "-", "Basic Average Shares": "-", "Diluted Average Shares": "-", "Total Operating Income as Reported": "469,350", "Total Expenses": "939,525", "Net Income from Continuing & Discontinued Operation": "304,391", "Normalized Income": "237,558", "Interest Expense": "73,607", "Net Interest Income": "-73,607", "EBIT": "452,939", "EBITDA": "718,597", "Reconciled Cost of Revenue": "418,704", "Reconciled Depreciation": "265,658", "Net Income from Continuing Operation Net Minority Interest": "304,391", "Total Unusual Items Excluding Goodwill": "83,646", "Total Unusual Items": "83,646", "Normalized EBITDA": "634,951", "Tax Rate for Calcs": "0", "Tax Effect of Unusual Items": "16,813"}, "12/31/2020": {"Duration": "12/31/2020", "Total Revenue": "1,325,229", "Cost of Revenue": "418,704", "Gross Profit": "906,525", "Operating Expense": "520,821", "Operating Income": "385,704", "Net Non Operating Interest Income Expense": "-73,607", "Other Income Expense": "67,235", "Pretax Income": "379,332", "Tax Provision": "76,317", "Earnings from Equity Interest Net of Tax": "1,376", "Net Income Common Stockholders": "304,391", "Diluted NI Available to Com Stockholders": "304,391", "Basic EPS": "-", "Diluted EPS": "-", "Basic Average Shares": "-", "Diluted Average Shares": "-", "Total Operating Income as Reported": "469,350", "Total Expenses": "939,525", "Net Income from Continuing & Discontinued Operation": "304,391", "Normalized Income": "237,558", "Interest Expense": "73,607", "Net Interest Income": "-73,607", "EBIT": "452,939", "EBITDA": "-", "Reconciled Cost of Revenue": "418,704", "Reconciled Depreciation": "265,658", "Net Income from Continuing Operation Net Minority Interest": "304,391", "Total Unusual Items Excluding Goodwill": "83,646", "Total Unusual Items": "83,646", "Normalized EBITDA": "634,951", "Tax Rate for Calcs": "0", "Tax Effect of Unusual Items": "16,813"}, "12/31/2019": {"Duration": "12/31/2019", "Total Revenue": "1,167,997", "Cost of Revenue": "388,552", "Gross Profit": "779,445", "Operating Expense": "461,807", "Operating Income": "317,638", "Net Non Operating Interest Income Expense": "-71,729", "Other Income Expense": "-12,094", "Pretax Income": "233,815", "Tax Provision": "55,233", "Earnings from Equity Interest Net of Tax": "-", "Net Income Common Stockholders": "178,582", "Diluted NI Available to Com Stockholders": "178,582", "Basic EPS": "31.45", "Diluted EPS": "31.12", "Basic Average Shares": "5,679", "Diluted Average Shares": "5,738", "Total Operating Income as Reported": "310,451", "Total Expenses": "850,359", "Net Income from Continuing & Discontinued Operation": "178,582", "Normalized Income": "184,073", "Interest Expense": "71,729", "Net Interest Income": "-71,729", "EBIT": "305,544", "EBITDA": "-", "Reconciled Cost of Revenue": "388,552", "Reconciled Depreciation": "216,687", "Net Income from Continuing Operation Net Minority Interest": "178,582", "Total Unusual Items Excluding Goodwill": "-7,187", "Total Unusual Items": "-7,187", "Normalized EBITDA": "529,418", "Tax Rate for Calcs": "0", "Tax Effect of Unusual Items": "-1,696"}, "12/31/2018": {"Duration": "12/31/2018", "Total Revenue": "1,072,295", "Cost of Revenue": "370,269", "Gross Profit": "702,026", "Operating Expense": "419,947", "Operating Income": "282,079", "Net Non Operating Interest Income Expense": "-60,415", "Other Income Expense": "-9,680", "Pretax Income": "211,984", "Tax Provision": "47,224", "Earnings from Equity Interest Net of Tax": "-", "Net Income Common Stockholders": "164,760", "Diluted NI Available to Com Stockholders": "164,760", "Basic EPS": "28.98", "Diluted EPS": "28.77", "Basic Average Shares": "5,684", "Diluted Average Shares": "5,726", "Total Operating Income as Reported": "267,912", "Total Expenses": "790,216", "Net Income from Continuing & Discontinued Operation": "164,760", "Normalized Income": "175,768", "Interest Expense": "60,415", "Net Interest Income": "-60,415", "EBIT": "272,399", "EBITDA": "-", "Reconciled Cost of Revenue": "370,269", "Reconciled Depreciation": "197,731", "Net Income from Continuing Operation Net Minority Interest": "164,760", "Total Unusual Items Excluding Goodwill": "-14,167", "Total Unusual Items": "-14,167", "Normalized EBITDA": "484,297", "Tax Rate for Calcs": "0", "Tax Effect of Unusual Items": "-3,159"}}, "bs": {"12/31/2020": {"Duration": "12/31/2020", "Total Assets": "4,488,338", "Total Liabilities Net Minority Interest": "2,993,039", "Total Equity Gross Minority Interest": "1,495,299", "Total Capitalization": "3,644,097", "Common Stock Equity": "1,495,299", "Capital Lease Obligations": "12,473", "Net Tangible Assets": "-213,442", "Working Capital": "451,231", "Invested Capital": "3,679,336", "Tangible Book Value": "-213,442", "Total Debt": "2,196,510", "Net Debt": "1,609,128", "Share Issued": "6,175", "Ordinary Shares Number": "6,028", "Treasury Shares Number": "147.695"}, "12/31/2019": {"Duration": "12/31/2019", "Total Assets": "3,151,831", "Total Liabilities Net Minority Interest": "2,310,262", "Total Equity Gross Minority Interest": "841,569", "Total Capitalization": "2,553,506", "Common Stock Equity": "841,569", "Capital Lease Obligations": "15,747", "Net Tangible Assets": "-900,409", "Working Capital": "-8,054", "Invested Capital": "2,588,216", "Tangible Book Value": "-900,409", "Total Debt": "1,762,394", "Net Debt": "1,621,376", "Share Issued": "5,888", "Ordinary Shares Number": "5,715", "Treasury Shares Number": "172.522"}, "12/31/2018": {"Duration": "12/31/2018", "Total Assets": "2,303,234", "Total Liabilities Net Minority Interest": "1,527,876", "Total Equity Gross Minority Interest": "775,358", "Total Capitalization": "1,917,414", "Common Stock Equity": "775,358", "Capital Lease Obligations": "-", "Net Tangible Assets": "-350,622", "Working Capital": "184,150", "Invested Capital": "1,942,728", "Tangible Book Value": "-350,622", "Total Debt": "1,167,370", "Net Debt": "903,257", "Share Issued": "5,888", "Ordinary Shares Number": "5,703", "Treasury Shares Number": "184.497"}}, "cf": {"TTM": {"Duration": "TTM", "Operating Cash Flow": "574,371", "Investing Cash Flow": "-954,913", "Financing Cash Flow": "830,180", "End Cash Position": "574,909", "Income Tax Paid Supplemental Data": "28,230", "Interest Paid Supplemental Data": "65,007", "Capital Expenditure": "-303,935", "Issuance of Capital Stock": "488,750", "Issuance of Debt": "1,050,000", "Repayment of Debt": "-612,028", "Repurchase of Capital Stock": "0", "Free Cash Flow": "270,436"}, "12/31/2020": {"Duration": "12/31/2020", "Operating Cash Flow": "574,371", "Investing Cash Flow": "-954,913", "Financing Cash Flow": "830,180", "End Cash Position": "574,909", "Income Tax Paid Supplemental Data": "28,230", "Interest Paid Supplemental Data": "65,007", "Capital Expenditure": "-303,935", "Issuance of Capital Stock": "488,750", "Issuance of Debt": "1,050,000", "Repayment of Debt": "-612,028", "Repurchase of Capital Stock": "0", "Free Cash Flow": "270,436"}, "12/31/2019": {"Duration": "12/31/2019", "Operating Cash Flow": "491,741", "Investing Cash Flow": "-1,134,242", "Financing Cash Flow": "503,659", "End Cash Position": "125,271", "Income Tax Paid Supplemental Data": "-", "Interest Paid Supplemental Data": "67,907", "Capital Expenditure": "-257,841", "Issuance of Capital Stock": "-", "Issuance of Debt": "1,275,000", "Repayment of Debt": "-702,880", "Repurchase of Capital Stock": "-5,073", "Free Cash Flow": "233,900"}, "12/31/2018": {"Duration": "12/31/2018", "Operating Cash Flow": "407,769", "Investing Cash Flow": "-214,295", "Financing Cash Flow": "-91,113", "End Cash Position": "264,113", "Income Tax Paid Supplemental Data": "1,811", "Interest Paid Supplemental Data": "56,412", "Capital Expenditure": "-215,761", "Issuance of Capital Stock": "-", "Issuance of Debt": "0", "Repayment of Debt": "-14,391", "Repurchase of Capital Stock": "-26,582", "Free Cash Flow": "192,008"}}}}, {"OOMA": {"quote": {"05/11/2021": {"value": "15.95", "Market Cap": "370.211M", "Beta (5Y Monthly)": "0.41", "PE Ratio (TTM)": "N/A", "EPS (TTM)": "-0.11", "Earnings Date": "May 26, 2021", "Forward Dividend & Yield": "N/A (N/A)", "Ex-Dividend Date": "N/A", "1y Target Est": "23.70"}}, "fin": {"TTM": {"Duration": "TTM", "Total Revenue": "168,947", "Cost of Revenue": "64,143", "Gross Profit": "104,804", "Operating Expense": "107,579", "Operating Income": "-2,775", "Net Non Operating Interest Income Expense": "419", "Pretax Income": "-2,356", "Tax Provision": "85", "Net Income Common Stockholders": "-2,441", "Diluted NI Available to Com Stockholders": "-2,441", "Basic EPS": "-", "Diluted EPS": "-", "Basic Average Shares": "-", "Diluted Average Shares": "-", "Total Operating Income as Reported": "-2,775", "Total Expenses": "171,722", "Net Income from Continuing & Discontinued Operation": "-2,441", "Normalized Income": "-2,441", "Interest Income": "419", "Net Interest Income": "419", "EBIT": "-2,775", "EBITDA": "1,406", "Reconciled Cost of Revenue": "64,143", "Reconciled Depreciation": "4,181", "Net Income from Continuing Operation Net Minority Interest": "-2,441", "Normalized EBITDA": "1,406", "Tax Rate for Calcs": "0", "Tax Effect of Unusual Items": "0"}, "1/31/2021": {"Duration": "1/31/2021", "Total Revenue": "168,947", "Cost of Revenue": "64,143", "Gross Profit": "104,804", "Operating Expense": "107,579", "Operating Income": "-2,775", "Net Non Operating Interest Income Expense": "419", "Pretax Income": "-2,356", "Tax Provision": "85", "Net Income Common Stockholders": "-2,441", "Diluted NI Available to Com Stockholders": "-2,441", "Basic EPS": "-", "Diluted EPS": "-", "Basic Average Shares": "-", "Diluted Average Shares": "-", "Total Operating Income as Reported": "-2,775", "Total Expenses": "171,722", "Net Income from Continuing & Discontinued Operation": "-2,441", "Normalized Income": "-2,441", "Interest Income": "419", "Net Interest Income": "419", "EBIT": "-2,775", "EBITDA": "-", "Reconciled Cost of Revenue": "64,143", "Reconciled Depreciation": "4,181", "Net Income from Continuing Operation Net Minority Interest": "-2,441", "Normalized EBITDA": "1,406", "Tax Rate for Calcs": "0", "Tax Effect of Unusual Items": "0"}, "1/31/2020": {"Duration": "1/31/2020", "Total Revenue": "151,593", "Cost of Revenue": "62,212", "Gross Profit": "89,381", "Operating Expense": "109,092", "Operating Income": "-19,711", "Net Non Operating Interest Income Expense": "780", "Pretax Income": "-18,931", "Tax Provision": "-130", "Net Income Common Stockholders": "-18,801", "Diluted NI Available to Com Stockholders": "-18,801", "Basic EPS": "-0.89", "Diluted EPS": "-0.89", "Basic Average Shares": "21,051", "Diluted Average Shares": "21,051", "Total Operating Income as Reported": "-19,711", "Total Expenses": "171,304", "Net Income from Continuing & Discontinued Operation": "-18,801", "Normalized Income": "-18,801", "Interest Income": "780", "Net Interest Income": "780", "EBIT": "-19,711", "EBITDA": "-", "Reconciled Cost of Revenue": "62,212", "Reconciled Depreciation": "3,575", "Net Income from Continuing Operation Net Minority Interest": "-18,801", "Normalized EBITDA": "-16,136", "Tax Rate for Calcs": "0", "Tax Effect of Unusual Items": "0"}, "1/31/2019": {"Duration": "1/31/2019", "Total Revenue": "129,231", "Cost of Revenue": "52,740", "Gross Profit": "76,491", "Operating Expense": "92,277", "Operating Income": "-15,786", "Net Non Operating Interest Income Expense": "830", "Pretax Income": "-14,956", "Tax Provision": "-384", "Net Income Common Stockholders": "-14,572", "Diluted NI Available to Com Stockholders": "-14,572", "Basic EPS": "-0.74", "Diluted EPS": "-0.74", "Basic Average Shares": "19,800", "Diluted Average Shares": "19,800", "Total Operating Income as Reported": "-15,786", "Total Expenses": "145,017", "Net Income from Continuing & Discontinued Operation": "-14,572", "Normalized Income": "-14,572", "Interest Income": "830", "Net Interest Income": "830", "EBIT": "-15,786", "EBITDA": "-", "Reconciled Cost of Revenue": "52,740", "Reconciled Depreciation": "3,009", "Net Income from Continuing Operation Net Minority Interest": "-14,572", "Normalized EBITDA": "-12,777", "Tax Rate for Calcs": "0", "Tax Effect of Unusual Items": "0"}}, "bs": {"1/31/2021": {"Duration": "1/31/2021", "Total Assets": "89,097", "Total Liabilities Net Minority Interest": "49,546", "Total Equity Gross Minority Interest": "39,551", "Total Capitalization": "39,551", "Common Stock Equity": "39,551", "Capital Lease Obligations": "2,815", "Net Tangible Assets": "29,774", "Working Capital": "9,338", "Invested Capital": "39,551", "Tangible Book Value": "29,774", "Total Debt": "2,815", "Share Issued": "22,700", "Ordinary Shares Number": "22,700"}, "1/31/2020": {"Duration": "1/31/2020", "Total Assets": "80,611", "Total Liabilities Net Minority Interest": "52,196", "Total Equity Gross Minority Interest": "28,415", "Total Capitalization": "28,415", "Common Stock Equity": "28,415", "Capital Lease Obligations": "8,413", "Net Tangible Assets": "17,333", "Working Capital": "1,144", "Invested Capital": "28,415", "Tangible Book Value": "17,333", "Total Debt": "8,413", "Share Issued": "21,700", "Ordinary Shares Number": "21,700"}, "1/31/2019": {"Duration": "1/31/2019", "Total Assets": "78,388", "Total Liabilities Net Minority Interest": "45,341", "Total Equity Gross Minority Interest": "33,047", "Total Capitalization": "33,047", "Common Stock Equity": "33,047", "Capital Lease Obligations": "4,552", "Net Tangible Assets": "26,514", "Working Capital": "17,191", "Invested Capital": "33,047", "Tangible Book Value": "26,514", "Total Debt": "4,552", "Share Issued": "20,300", "Ordinary Shares Number": "20,300"}}, "cf": {"TTM": {"Duration": "TTM", "Operating Cash Flow": "4,367", "Investing Cash Flow": "229", "Financing Cash Flow": "1,022", "End Cash Position": "17,298", "Income Tax Paid Supplemental Data": "-", "Interest Paid Supplemental Data": "-", "Capital Expenditure": "-3,160", "Issuance of Capital Stock": "2,905", "Repayment of Debt": "-", "Repurchase of Capital Stock": "-1,641", "Free Cash Flow": "1,207"}, "1/31/2021": {"Duration": "1/31/2021", "Operating Cash Flow": "4,367", "Investing Cash Flow": "229", "Financing Cash Flow": "1,022", "End Cash Position": "17,298", "Income Tax Paid Supplemental Data": "-", "Interest Paid Supplemental Data": "-", "Capital Expenditure": "-3,160", "Issuance of Capital Stock": "2,905", "Repayment of Debt": "-", "Repurchase of Capital Stock": "-1,641", "Free Cash Flow": "1,207"}, "1/31/2020": {"Duration": "1/31/2020", "Operating Cash Flow": "-7,564", "Investing Cash Flow": "2,866", "Financing Cash Flow": "1,008", "End Cash Position": "11,680", "Income Tax Paid Supplemental Data": "-", "Interest Paid Supplemental Data": "-", "Capital Expenditure": "-3,273", "Issuance of Capital Stock": "2,951", "Repayment of Debt": "-", "Repurchase of Capital Stock": "-1,523", "Free Cash Flow": "-10,837"}, "1/31/2019": {"Duration": "1/31/2019", "Operating Cash Flow": "-3,926", "Investing Cash Flow": "14,853", "Financing Cash Flow": "-40", "End Cash Position": "15,370", "Income Tax Paid Supplemental Data": "1", "Interest Paid Supplemental Data": "0", "Capital Expenditure": "-1,921", "Issuance of Capital Stock": "2,886", "Repayment of Debt": "0", "Repurchase of Capital Stock": "-2,926", "Free Cash Flow": "-5,847"}}}}, {"OIBR-C": {"quote": {"05/11/2021": {"value": "1.6100", "Market Cap": "2.017B", "Beta (5Y Monthly)": "1.89", "PE Ratio (TTM)": "N/A", "EPS (TTM)": "-1.6900", "Earnings Date": "N/A", "Forward Dividend & Yield": "N/A (N/A)", "Ex-Dividend Date": "Sep 30, 2013", "1y Target Est": "1.75"}}, "fin": {"TTM": {"Duration": "TTM", "Total Revenue": "20,587,691", "Cost of Revenue": "15,274,092", "Gross Profit": "5,313,599", "Operating Expense": "9,274,184", "Operating Income": "-3,960,585", "Net Non Operating Interest Income Expense": "-32,707,587", "Other Income Expense": "29,240,903", "Pretax Income": "-7,427,269", "Tax Provision": "-48,861", "Net Income Common Stockholders": "-17,699,241", "Diluted NI Available to Com Stockholders": "-7,317,401", "Basic EPS": "-", "Diluted EPS": "-", "Basic Average Shares": "-", "Diluted Average Shares": "-", "Total Operating Income as Reported": "-", "Rent Expense Supplemental": "-", "Total Expenses": "24,548,276", "Net Income from Continuing & Discontinued Operation": "-7,317,401", "Normalized Income": "-7,317,401", "Interest Income": "1,013,616", "Interest Expense": "5,338,730", "Net Interest Income": "-32,707,587", "EBIT": "-2,088,539", "EBITDA": "4,710,835", "Reconciled Cost of Revenue": "15,274,092", "Reconciled Depreciation": "6,799,374", "Net Income from Continuing Operation Net Minority Interest": "-7,317,401", "Total Unusual Items Excluding Goodwill": "-3,747,158", "Total Unusual Items": "-3,747,158", "Normalized EBITDA": "488,337", "Tax Rate for Calcs": "0", "Tax Effect of Unusual Items": "0"}, "12/31/2019": {"Duration": "12/31/2019", "Total Revenue": "20,136,183", "Cost of Revenue": "15,314,814", "Gross Profit": "4,821,369", "Operating Expense": "8,255,318", "Operating Income": "-3,433,949", "Net Non Operating Interest Income Expense": "-5,351,587", "Other Income Expense": "-301,552", "Pretax Income": "-9,087,088", "Tax Provision": "8,019", "Net Income Common Stockholders": "-9,000,434", "Diluted NI Available to Com Stockholders": "-9,000,434", "Basic EPS": "-7.55", "Diluted EPS": "-7.55", "Basic Average Shares": "1,188,812", "Diluted Average Shares": "1,188,812", "Total Operating Income as Reported": "-2,977,370", "Rent Expense Supplemental": "-", "Total Expenses": "23,570,132", "Net Income from Continuing & Discontinued Operation": "-9,000,434", "Normalized Income": "-8,801,410", "Interest Income": "2,092,623", "Interest Expense": "4,437,199", "Net Interest Income": "-5,351,587", "EBIT": "-4,649,889", "EBITDA": "-", "Reconciled Cost of Revenue": "15,314,814", "Reconciled Depreciation": "6,873,945", "Net Income from Continuing Operation Net Minority Interest": "-9,000,434", "Total Unusual Items Excluding Goodwill": "-301,552", "Total Unusual Items": "-301,552", "Normalized EBITDA": "2,525,608", "Tax Rate for Calcs": "0", "Tax Effect of Unusual Items": "-102,528"}, "12/31/2018": {"Duration": "12/31/2018", "Total Revenue": "22,060,014", "Cost of Revenue": "15,822,732", "Gross Profit": "6,237,282", "Operating Expense": "7,187,930", "Operating Income": "-950,648", "Net Non Operating Interest Income Expense": "-1,239,320", "Other Income Expense": "29,236,666", "Pretax Income": "27,046,698", "Tax Provision": "-347,139", "Net Income Common Stockholders": "27,369,422", "Diluted NI Available to Com Stockholders": "27,369,422", "Basic EPS": "50.81", "Diluted EPS": "50.81", "Basic Average Shares": "484,426", "Diluted Average Shares": "484,426", "Total Operating Income as Reported": "-5,268,000", "Rent Expense Supplemental": "4,200,000", "Total Expenses": "23,010,662", "Net Income from Continuing & Discontinued Operation": "27,369,422", "Normalized Income": "8,073,222", "Interest Income": "1,523,245", "Interest Expense": "2,228,179", "Net Interest Income": "-1,239,320", "EBIT": "29,274,877", "EBITDA": "-", "Reconciled Cost of Revenue": "15,822,732", "Reconciled Depreciation": "5,952,905", "Net Income from Continuing Operation Net Minority Interest": "27,369,422", "Total Unusual Items Excluding Goodwill": "29,236,666", "Total Unusual Items": "29,236,666", "Normalized EBITDA": "5,991,116", "Tax Rate for Calcs": "0", "Tax Effect of Unusual Items": "9,940,466"}}, "bs": {"12/31/2019": {"Duration": "12/31/2019", "Total Assets": "71,891,822", "Total Liabilities Net Minority Interest": "54,095,316", "Total Equity Gross Minority Interest": "17,796,506", "Total Capitalization": "35,550,687", "Preferred Stock Equity": "-", "Common Stock Equity": "17,650,326", "Capital Lease Obligations": "8,150,026", "Net Tangible Assets": "13,652,461", "Working Capital": "6,157,364", "Invested Capital": "35,877,075", "Tangible Book Value": "13,652,461", "Total Debt": "26,376,775", "Net Debt": "16,144,804", "Share Issued": "5,922,017", "Ordinary Shares Number": "5,920,175", "Treasury Shares Number": "1,842"}, "12/31/2018": {"Duration": "12/31/2018", "Total Assets": "67,247,601", "Total Liabilities Net Minority Interest": "38,048,105", "Total Equity Gross Minority Interest": "29,199,496", "Total Capitalization": "44,733,018", "Preferred Stock Equity": "4,094,909", "Common Stock Equity": "24,861,097", "Capital Lease Obligations": "-", "Net Tangible Assets": "20,930,564", "Working Capital": "11,073,414", "Invested Capital": "41,311,003", "Tangible Book Value": "16,835,655", "Total Debt": "16,449,906", "Net Debt": "12,064,577", "Share Issued": "2,455,973", "Ordinary Shares Number": "2,422,132", "Treasury Shares Number": "33,842"}}, "cf": {"TTM": {"Duration": "TTM", "Operating Cash Flow": "1,559,601", "Investing Cash Flow": "-3,383,533", "Financing Cash Flow": "2,616,615", "End Cash Position": "2,997,010", "Capital Expenditure": "-8,111,219", "Issuance of Capital Stock": "-", "Issuance of Debt": "-", "Repayment of Debt": "-9,435", "Repurchase of Capital Stock": "0", "Free Cash Flow": "-5,047,769"}, "12/31/2019": {"Duration": "12/31/2019", "Operating Cash Flow": "2,311,638", "Investing Cash Flow": "-6,850,678", "Financing Cash Flow": "2,235,656", "End Cash Position": "2,081,945", "Capital Expenditure": "-7,425,513", "Issuance of Capital Stock": "4,000,000", "Issuance of Debt": "-", "Repayment of Debt": "-1,623,097", "Repurchase of Capital Stock": "-2,572", "Free Cash Flow": "-5,113,875"}, "12/31/2018": {"Duration": "12/31/2018", "Operating Cash Flow": "2,862,536", "Investing Cash Flow": "-4,916,875", "Financing Cash Flow": "-424,344", "End Cash Position": "4,385,329", "Capital Expenditure": "-5,246,241", "Issuance of Capital Stock": "-", "Issuance of Debt": "-", "Repayment of Debt": "-161,884", "Repurchase of Capital Stock": "-", "Free Cash Flow": "-2,383,705"}}}}, {"WPCS": {"quote": {"05/11/2021": {"value": "", "Net Assets": "N/A", "Beta (5Y Monthly)": "N/A", "Yield": "N/A", "5y Average Return": "N/A", "Holdings Turnover": "N/A", "Last Dividend": "N/A", "Average for Category": "N/A", "Inception Date": "N/A"}}, "fin": {}, "bs": {}, "cf": {}}}, {"WWSG": {"quote": {"05/11/2021": {"value": "0.0600", "Market Cap": "79,321", "Beta (5Y Monthly)": "4.34", "PE Ratio (TTM)": "N/A", "EPS (TTM)": "-0.0080", "Earnings Date": "N/A", "Forward Dividend & Yield": "N/A (N/A)", "Ex-Dividend Date": "N/A", "1y Target Est": "N/A"}}, "fin": {}, "bs": {}, "cf": {}}}, {"VSST": {"quote": {"05/11/2021": {"value": "0.0280", "Market Cap": "675,889", "Beta (5Y Monthly)": "-0.99", "PE Ratio (TTM)": "N/A", "EPS (TTM)": "-0.0650", "Earnings Date": "N/A", "Forward Dividend & Yield": "N/A (N/A)", "Ex-Dividend Date": "N/A", "1y Target Est": "N/A"}}, "fin": {}, "bs": {}, "cf": {}}}, {"BCOM": {"fin": {}, "bs": {}, "cf": {}}}, {"BT": {"fin": {}, "bs": {}, "cf": {}}}, {"VLTC": {"fin": {}, "bs": {}, "cf": {}}}, {"GLOW": {"fin": {}, "bs": {}, "cf": {}}}, {"I": {"fin": {}, "bs": {}, "cf": {}}}, {"TI": {"fin": {}, "bs": {}, "cf": {}}}, {"TI-A": {"fin": {}, "bs": {}, "cf": {}}}]