[{"AMCX": {"quote": {"03/20/2021": {"value": "69.27", "Market Cap": "2.872B", "Beta (5Y Monthly)": "1.32", "PE Ratio (TTM)": "14.93", "EPS (TTM)": "4.64", "Earnings Date": "May 03, 2021 - May 07, 2021", "Forward Dividend & Yield": "N/A (N/A)", "Ex-Dividend Date": "N/A", "1y Target Est": "51.99"}}, "fin": {"TTM": {"Duration": "TTM", "Total Revenue": "3,010,475", "Cost of Revenue": "1,510,897", "Gross Profit": "1,499,578", "Operating Expense": "795,353", "Operating Income": "704,225", "Net Non Operating Interest Income Expense": "-130,655", "Other Income Expense": "-176,903", "Pretax Income": "396,667", "Tax Provision": "65,582", "Net Income Common Stockholders": "305,756", "Diluted NI Available to Com Stockholders": "305,756", "Basic EPS": "-", "Diluted EPS": "-", "Basic Average Shares": "-", "Diluted Average Shares": "-", "Total Operating Income as Reported": "553,384", "Total Expenses": "2,306,250", "Net Income from Continuing & Discontinued Operation": "305,756", "Normalized Income": "434,085", "Interest Income": "25,062", "Interest Expense": "155,717", "Net Interest Income": "-130,655", "EBIT": "552,384", "EBITDA": "1,649,698", "Reconciled Cost of Revenue": "517,355", "Reconciled Depreciation": "1,097,314", "Net Income from Continuing Operation Net Minority Interest": "305,756", "Total Unusual Items Excluding Goodwill": "-153,749", "Total Unusual Items": "-153,749", "Normalized EBITDA": "1,803,447", "Tax Rate for Calcs": "0", "Tax Effect of Unusual Items": "-25,420"}, "12/31/2020": {"Duration": "12/31/2020", "Total Revenue": "2,814,956", "Cost of Revenue": "1,401,591", "Gross Profit": "1,413,365", "Operating Expense": "813,426", "Operating Income": "599,939", "Net Non Operating Interest Income Expense": "-108,578", "Other Income Expense": "-88,982", "Pretax Income": "402,379", "Tax Provision": "145,391", "Net Income Common Stockholders": "239,979", "Diluted NI Available to Com Stockholders": "239,979", "Basic EPS": "-", "Diluted EPS": "-", "Basic Average Shares": "-", "Diluted Average Shares": "-", "Total Operating Income as Reported": "442,644", "Total Expenses": "2,215,017", "Net Income from Continuing & Discontinued Operation": "239,979", "Normalized Income": "342,296", "Interest Income": "30,032", "Interest Expense": "138,610", "Net Interest Income": "-108,578", "EBIT": "540,989", "EBITDA": "-", "Reconciled Cost of Revenue": "477,705", "Reconciled Depreciation": "1,028,492", "Net Income from Continuing Operation Net Minority Interest": "239,979", "Total Unusual Items Excluding Goodwill": "-160,203", "Total Unusual Items": "-160,203", "Normalized EBITDA": "1,729,684", "Tax Rate for Calcs": "0", "Tax Effect of Unusual Items": "-57,886"}, "12/31/2019": {"Duration": "12/31/2019", "Total Revenue": "3,060,321", "Cost of Revenue": "1,506,985", "Gross Profit": "1,553,336", "Operating Expense": "780,542", "Operating Income": "772,794", "Net Non Operating Interest Income Expense": "-133,091", "Other Income Expense": "-153,517", "Pretax Income": "486,186", "Tax Provision": "78,470", "Net Income Common Stockholders": "380,486", "Diluted NI Available to Com Stockholders": "380,486", "Basic EPS": "6.77", "Diluted EPS": "6.67", "Basic Average Shares": "56,205", "Diluted Average Shares": "57,037", "Total Operating Income as Reported": "625,277", "Total Expenses": "2,287,527", "Net Income from Continuing & Discontinued Operation": "380,486", "Normalized Income": "504,400", "Interest Income": "24,707", "Interest Expense": "157,798", "Net Interest Income": "-133,091", "EBIT": "643,984", "EBITDA": "-", "Reconciled Cost of Revenue": "532,150", "Reconciled Depreciation": "1,075,933", "Net Income from Continuing Operation Net Minority Interest": "380,486", "Total Unusual Items Excluding Goodwill": "-147,517", "Total Unusual Items": "-147,517", "Normalized EBITDA": "1,867,434", "Tax Rate for Calcs": "0", "Tax Effect of Unusual Items": "-23,603"}, "12/31/2018": {"Duration": "12/31/2018", "Total Revenue": "2,971,929", "Cost of Revenue": "1,445,949", "Gross Profit": "1,525,980", "Operating Expense": "748,738", "Operating Income": "777,242", "Net Non Operating Interest Income Expense": "-135,813", "Other Income Expense": "-21,156", "Pretax Income": "620,273", "Tax Provision": "156,306", "Net Income Common Stockholders": "446,187", "Diluted NI Available to Com Stockholders": "446,187", "Basic EPS": "7.68", "Diluted EPS": "7.57", "Basic Average Shares": "58,066", "Diluted Average Shares": "58,947", "Total Operating Income as Reported": "726,909", "Total Expenses": "2,194,687", "Net Income from Continuing & Discontinued Operation": "446,187", "Normalized Income": "483,937", "Interest Income": "19,180", "Interest Expense": "154,993", "Net Interest Income": "-135,813", "EBIT": "775,266", "EBITDA": "-", "Reconciled Cost of Revenue": "484,815", "Reconciled Depreciation": "1,052,415", "Net Income from Continuing Operation Net Minority Interest": "446,187", "Total Unusual Items Excluding Goodwill": "-50,333", "Total Unusual Items": "-50,333", "Normalized EBITDA": "1,878,014", "Tax Rate for Calcs": "0", "Tax Effect of Unusual Items": "-12,583"}}, "bs": {"12/31/2020": {"Duration": "12/31/2020", "Total Assets": "5,246,338", "Total Liabilities Net Minority Interest": "4,603,237", "Total Equity Gross Minority Interest": "643,101", "Total Capitalization": "3,391,112", "Common Stock Equity": "616,805", "Capital Lease Obligations": "226,759", "Net Tangible Assets": "-1,749,405", "Working Capital": "1,060,299", "Invested Capital": "3,466,112", "Tangible Book Value": "-1,749,405", "Total Debt": "3,076,066", "Net Debt": "1,960,781", "Share Issued": "76,052", "Ordinary Shares Number": "41,459", "Treasury Shares Number": "34,593"}, "12/31/2019": {"Duration": "12/31/2019", "Total Assets": "5,596,686", "Total Liabilities Net Minority Interest": "4,905,181", "Total Equity Gross Minority Interest": "691,505", "Total Capitalization": "3,705,760", "Common Stock Equity": "665,781", "Capital Lease Obligations": "245,006", "Net Tangible Assets": "-1,598,790", "Working Capital": "1,525,955", "Invested Capital": "3,762,010", "Tangible Book Value": "-1,598,790", "Total Debt": "3,341,235", "Net Debt": "2,280,059", "Share Issued": "75,370", "Ordinary Shares Number": "55,562", "Treasury Shares Number": "19,808"}, "12/31/2018": {"Duration": "12/31/2018", "Total Assets": "5,278,563", "Total Liabilities Net Minority Interest": "4,933,355", "Total Equity Gross Minority Interest": "345,208", "Total Capitalization": "3,404,901", "Common Stock Equity": "316,680", "Capital Lease Obligations": "26,517", "Net Tangible Assets": "-2,274,315", "Working Capital": "1,165,990", "Invested Capital": "3,426,235", "Tangible Book Value": "-2,274,315", "Total Debt": "3,136,072", "Net Debt": "2,554,669", "Share Issued": "74,740", "Ordinary Shares Number": "56,233", "Treasury Shares Number": "18,507"}}, "cf": {"TTM": {"Duration": "TTM", "Operating Cash Flow": "510,469", "Investing Cash Flow": "-73,228", "Financing Cash Flow": "-407,203", "End Cash Position": "713,720", "Income Tax Paid Supplemental Data": "-", "Interest Paid Supplemental Data": "-", "Capital Expenditure": "-82,467", "Issuance of Debt": "4,000", "Repayment of Debt": "-233,712", "Repurchase of Capital Stock": "-155,564", "Free Cash Flow": "428,002"}, "12/31/2020": {"Duration": "12/31/2020", "Operating Cash Flow": "748,736", "Investing Cash Flow": "-35,163", "Financing Cash Flow": "-647,998", "End Cash Position": "888,526", "Income Tax Paid Supplemental Data": "-", "Interest Paid Supplemental Data": "-", "Capital Expenditure": "-46,595", "Issuance of Debt": "6,000", "Repayment of Debt": "-265,511", "Repurchase of Capital Stock": "-356,701", "Free Cash Flow": "702,141"}, "12/31/2019": {"Duration": "12/31/2019", "Operating Cash Flow": "483,748", "Investing Cash Flow": "-89,707", "Financing Cash Flow": "-131,126", "End Cash Position": "816,170", "Income Tax Paid Supplemental Data": "139,994", "Interest Paid Supplemental Data": "151,501", "Capital Expenditure": "-91,604", "Issuance of Debt": "1,521", "Repayment of Debt": "-28,103", "Repurchase of Capital Stock": "-70,598", "Free Cash Flow": "392,144"}, "12/31/2018": {"Duration": "12/31/2018", "Operating Cash Flow": "606,547", "Investing Cash Flow": "-260,184", "Financing Cash Flow": "-314,607", "End Cash Position": "554,886", "Income Tax Paid Supplemental Data": "138,433", "Interest Paid Supplemental Data": "147,710", "Capital Expenditure": "-89,802", "Issuance of Debt": "289", "Repayment of Debt": "-4,938", "Repurchase of Capital Stock": "-283,143", "Free Cash Flow": "516,745"}}}}, {"DIS": {"quote": {"03/20/2021": {"value": "191.14", "Market Cap": "346.969B", "Beta (5Y Monthly)": "1.21", "PE Ratio (TTM)": "N/A", "EPS (TTM)": "-2.74", "Earnings Date": "May 13, 2021", "Forward Dividend & Yield": "N/A (N/A)", "Ex-Dividend Date": "Dec 13, 2019", "1y Target Est": "206.16"}}, "fin": {"TTM": {"Duration": "TTM", "Total Revenue": "75,125,000", "Cost of Revenue": "46,033,000", "Gross Profit": "29,092,000", "Operating Expense": "17,818,000", "Operating Income": "11,274,000", "Net Non Operating Interest Income Expense": "-1,176,000", "Other Income Expense": "3,047,000", "Pretax Income": "13,145,000", "Tax Provision": "2,845,000", "Net Income Common Stockholders": "10,373,000", "Diluted NI Available to Com Stockholders": "10,373,000", "Basic EPS": "-", "Diluted EPS": "-", "Basic Average Shares": "-", "Diluted Average Shares": "-", "Total Expenses": "63,851,000", "Net Income from Continuing & Discontinued Operation": "10,373,000", "Normalized Income": "7,358,491", "Interest Income": "269,000", "Interest Expense": "1,445,000", "Net Interest Income": "-1,176,000", "EBIT": "14,590,000", "EBITDA": "19,316,000", "Reconciled Cost of Revenue": "46,033,000", "Reconciled Depreciation": "4,726,000", "Net Income from Continuing Operation Net Minority Interest": "9,728,000", "Total Unusual Items Excluding Goodwill": "3,024,000", "Total Unusual Items": "3,024,000", "Normalized EBITDA": "16,292,000", "Tax Rate for Calcs": "0", "Tax Effect of Unusual Items": "654,491"}, "9/30/2020": {"Duration": "9/30/2020", "Total Revenue": "65,388,000", "Cost of Revenue": "43,880,000", "Gross Profit": "21,508,000", "Operating Expense": "17,714,000", "Operating Income": "3,794,000", "Net Non Operating Interest Income Expense": "-1,491,000", "Other Income Expense": "-4,046,000", "Pretax Income": "-1,743,000", "Tax Provision": "699,000", "Net Income Common Stockholders": "-2,864,000", "Diluted NI Available to Com Stockholders": "-2,864,000", "Basic EPS": "-1.58", "Diluted EPS": "-1.58", "Basic Average Shares": "1,808,000", "Diluted Average Shares": "1,808,000", "Total Expenses": "61,594,000", "Net Income from Continuing & Discontinued Operation": "-2,864,000", "Normalized Income": "596,810", "Interest Income": "156,000", "Interest Expense": "1,647,000", "Net Interest Income": "-1,491,000", "EBIT": "-96,000", "EBITDA": "-", "Reconciled Cost of Revenue": "43,880,000", "Reconciled Depreciation": "5,345,000", "Net Income from Continuing Operation Net Minority Interest": "-2,832,000", "Total Unusual Items Excluding Goodwill": "-4,697,000", "Total Unusual Items": "-4,697,000", "Normalized EBITDA": "9,946,000", "Tax Rate for Calcs": "0", "Tax Effect of Unusual Items": "-1,268,190"}, "9/30/2019": {"Duration": "9/30/2019", "Total Revenue": "69,570,000", "Cost of Revenue": "42,018,000", "Gross Profit": "27,552,000", "Operating Expense": "15,701,000", "Operating Income": "11,851,000", "Net Non Operating Interest Income Expense": "-978,000", "Other Income Expense": "3,071,000", "Pretax Income": "13,944,000", "Tax Provision": "3,031,000", "Net Income Common Stockholders": "11,054,000", "Diluted NI Available to Com Stockholders": "11,054,000", "Basic EPS": "6.68", "Diluted EPS": "6.64", "Basic Average Shares": "1,656,000", "Diluted Average Shares": "1,666,000", "Total Expenses": "57,719,000", "Net Income from Continuing & Discontinued Operation": "11,054,000", "Normalized Income": "7,897,758", "Interest Income": "268,000", "Interest Expense": "1,246,000", "Net Interest Income": "-978,000", "EBIT": "15,190,000", "EBITDA": "-", "Reconciled Cost of Revenue": "42,018,000", "Reconciled Depreciation": "4,160,000", "Net Income from Continuing Operation Net Minority Interest": "10,383,000", "Total Unusual Items Excluding Goodwill": "3,174,000", "Total Unusual Items": "3,174,000", "Normalized EBITDA": "16,176,000", "Tax Rate for Calcs": "0", "Tax Effect of Unusual Items": "688,758"}, "9/30/2018": {"Duration": "9/30/2018", "Total Revenue": "59,434,000", "Cost of Revenue": "32,726,000", "Gross Profit": "26,708,000", "Operating Expense": "11,871,000", "Operating Income": "14,837,000", "Net Non Operating Interest Income Expense": "-574,000", "Other Income Expense": "466,000", "Pretax Income": "14,729,000", "Tax Provision": "1,663,000", "Net Income Common Stockholders": "12,598,000", "Diluted NI Available to Com Stockholders": "12,598,000", "Basic EPS": "8.40", "Diluted EPS": "8.36", "Basic Average Shares": "1,499,000", "Diluted Average Shares": "1,507,000", "Total Expenses": "44,597,000", "Net Income from Continuing & Discontinued Operation": "12,598,000", "Normalized Income": "12,094,184", "Interest Income": "108,000", "Interest Expense": "682,000", "Net Interest Income": "-574,000", "EBIT": "15,411,000", "EBITDA": "-", "Reconciled Cost of Revenue": "32,726,000", "Reconciled Depreciation": "3,011,000", "Net Income from Continuing Operation Net Minority Interest": "12,598,000", "Total Unusual Items Excluding Goodwill": "568,000", "Total Unusual Items": "568,000", "Normalized EBITDA": "17,854,000", "Tax Rate for Calcs": "0", "Tax Effect of Unusual Items": "64,184"}}, "bs": {"9/30/2020": {"Duration": "9/30/2020", "Total Assets": "201,549,000", "Total Liabilities Net Minority Interest": "113,286,000", "Total Equity Gross Minority Interest": "88,263,000", "Total Capitalization": "136,500,000", "Common Stock Equity": "83,583,000", "Net Tangible Assets": "-13,279,000", "Working Capital": "8,623,000", "Invested Capital": "142,211,000", "Tangible Book Value": "-13,279,000", "Total Debt": "58,628,000", "Net Debt": "40,714,000", "Share Issued": "1,826,063", "Ordinary Shares Number": "1,807,063", "Treasury Shares Number": "19,000"}, "9/30/2019": {"Duration": "9/30/2019", "Total Assets": "193,984,000", "Total Liabilities Net Minority Interest": "100,095,000", "Total Equity Gross Minority Interest": "93,889,000", "Total Capitalization": "127,006,000", "Common Stock Equity": "88,877,000", "Net Tangible Assets": "-14,631,000", "Working Capital": "-3,217,000", "Invested Capital": "135,863,000", "Tangible Book Value": "-14,631,000", "Total Debt": "46,986,000", "Net Debt": "41,568,000", "Share Issued": "1,800,000", "Ordinary Shares Number": "1,781,000", "Treasury Shares Number": "19,000"}, "9/30/2018": {"Duration": "9/30/2018", "Total Assets": "98,598,000", "Total Liabilities Net Minority Interest": "45,766,000", "Total Equity Gross Minority Interest": "52,832,000", "Total Capitalization": "65,857,000", "Common Stock Equity": "48,773,000", "Net Tangible Assets": "10,692,000", "Working Capital": "-1,035,000", "Invested Capital": "69,647,000", "Tangible Book Value": "10,692,000", "Total Debt": "20,874,000", "Net Debt": "16,724,000", "Share Issued": "2,900,000", "Ordinary Shares Number": "1,500,000", "Treasury Shares Number": "1,400,000"}}, "cf": {"TTM": {"Duration": "TTM", "Operating Cash Flow": "5,515,000", "Investing Cash Flow": "-4,132,000", "Financing Cash Flow": "438,000", "Cash Flow from Discontinued Operation": "603,000", "End Cash Position": "6,887,000", "Income Tax Paid Supplemental Data": "-", "Interest Paid Supplemental Data": "-", "Capital Expenditure": "-5,019,000", "Issuance of Debt": "38,291,000", "Repayment of Debt": "-38,927,000", "Repurchase of Capital Stock": "-", "Free Cash Flow": "496,000"}, "9/30/2020": {"Duration": "9/30/2020", "Operating Cash Flow": "7,618,000", "Investing Cash Flow": "-3,637,000", "Financing Cash Flow": "8,480,000", "Cash Flow from Discontinued Operation": "2,000", "End Cash Position": "17,954,000", "Income Tax Paid Supplemental Data": "738,000", "Interest Paid Supplemental Data": "1,559,000", "Capital Expenditure": "-4,022,000", "Issuance of Debt": "18,120,000", "Repayment of Debt": "-3,533,000", "Repurchase of Capital Stock": "0", "Free Cash Flow": "3,596,000"}, "9/30/2019": {"Duration": "9/30/2019", "Operating Cash Flow": "6,606,000", "Investing Cash Flow": "-4,118,000", "Financing Cash Flow": "-1,090,000", "Cash Flow from Discontinued Operation": "622,000", "End Cash Position": "5,455,000", "Income Tax Paid Supplemental Data": "9,259,000", "Interest Paid Supplemental Data": "1,142,000", "Capital Expenditure": "-4,876,000", "Issuance of Debt": "38,240,000", "Repayment of Debt": "-38,881,000", "Repurchase of Capital Stock": "0", "Free Cash Flow": "1,730,000"}, "9/30/2018": {"Duration": "9/30/2018", "Operating Cash Flow": "14,295,000", "Investing Cash Flow": "-5,336,000", "Financing Cash Flow": "-8,843,000", "Cash Flow from Discontinued Operation": "-", "End Cash Position": "4,155,000", "Income Tax Paid Supplemental Data": "2,503,000", "Interest Paid Supplemental Data": "631,000", "Capital Expenditure": "-4,465,000", "Issuance of Debt": "1,056,000", "Repayment of Debt": "-1,871,000", "Repurchase of Capital Stock": "-3,577,000", "Free Cash Flow": "9,830,000"}}}}, {"CMCSA": {"quote": {"03/20/2021": {"value": "55.46", "Market Cap": "254.043B", "Beta (5Y Monthly)": "1.04", "PE Ratio (TTM)": "24.32", "EPS (TTM)": "2.28", "Earnings Date": "Apr 29, 2021", "Forward Dividend & Yield": "1.00 (1.80%)", "Ex-Dividend Date": "Apr 06, 2021", "1y Target Est": "60.41"}}, "fin": {"TTM": {"Duration": "TTM", "Total Revenue": "104,254,000", "Cost of Revenue": "32,983,000", "Gross Profit": "71,271,000", "Operating Expense": "52,449,000", "Operating Income": "18,822,000", "Net Non Operating Interest Income Expense": "-4,657,000", "Other Income Expense": "-455,000", "Pretax Income": "13,710,000", "Tax Provision": "3,246,000", "Net Income Common Stockholders": "10,316,000", "Diluted NI Available to Com Stockholders": "10,316,000", "Basic EPS": "-", "Diluted EPS": "-", "Basic Average Shares": "-", "Diluted Average Shares": "-", "Total Operating Income as Reported": "18,822,000", "Total Expenses": "85,432,000", "Net Income from Continuing & Discontinued Operation": "10,316,000", "Normalized Income": "10,019,100", "Interest Expense": "4,657,000", "Net Interest Income": "-4,657,000", "EBIT": "18,367,000", "EBITDA": "31,392,000", "Reconciled Cost of Revenue": "32,983,000", "Reconciled Depreciation": "13,025,000", "Net Income from Continuing Operation Net Minority Interest": "10,316,000", "Total Unusual Items Excluding Goodwill": "389,000", "Total Unusual Items": "389,000", "Normalized EBITDA": "31,003,000", "Tax Rate for Calcs": "0", "Tax Effect of Unusual Items": "92,100"}, "12/31/2020": {"Duration": "12/31/2020", "Total Revenue": "103,564,000", "Cost of Revenue": "33,121,000", "Gross Profit": "70,443,000", "Operating Expense": "52,950,000", "Operating Income": "17,493,000", "Net Non Operating Interest Income Expense": "-4,588,000", "Other Income Expense": "1,160,000", "Pretax Income": "14,065,000", "Tax Provision": "3,364,000", "Net Income Common Stockholders": "10,534,000", "Diluted NI Available to Com Stockholders": "10,534,000", "Basic EPS": "2.30", "Diluted EPS": "2.28", "Basic Average Shares": "4,574,000", "Diluted Average Shares": "4,624,000", "Total Operating Income as Reported": "17,493,000", "Total Expenses": "86,071,000", "Net Income from Continuing & Discontinued Operation": "10,534,000", "Normalized Income": "9,565,247", "Interest Expense": "4,588,000", "Net Interest Income": "-4,588,000", "EBIT": "18,653,000", "EBITDA": "-", "Reconciled Cost of Revenue": "33,121,000", "Reconciled Depreciation": "13,100,000", "Net Income from Continuing Operation Net Minority Interest": "10,534,000", "Total Unusual Items Excluding Goodwill": "1,273,000", "Total Unusual Items": "1,273,000", "Normalized EBITDA": "30,480,000", "Tax Rate for Calcs": "0", "Tax Effect of Unusual Items": "304,247"}, "12/31/2019": {"Duration": "12/31/2019", "Total Revenue": "108,942,000", "Cost of Revenue": "34,440,000", "Gross Profit": "74,502,000", "Operating Expense": "53,377,000", "Operating Income": "21,125,000", "Net Non Operating Interest Income Expense": "-4,567,000", "Other Income Expense": "438,000", "Pretax Income": "16,996,000", "Tax Provision": "3,673,000", "Net Income Common Stockholders": "13,057,000", "Diluted NI Available to Com Stockholders": "13,057,000", "Basic EPS": "2.87", "Diluted EPS": "2.83", "Basic Average Shares": "4,553,035", "Diluted Average Shares": "4,610,000", "Total Operating Income as Reported": "21,125,000", "Total Expenses": "87,817,000", "Net Income from Continuing & Discontinued Operation": "13,057,000", "Normalized Income": "12,317,688", "Interest Expense": "4,567,000", "Net Interest Income": "-4,567,000", "EBIT": "21,563,000", "EBITDA": "-", "Reconciled Cost of Revenue": "34,440,000", "Reconciled Depreciation": "12,953,000", "Net Income from Continuing Operation Net Minority Interest": "13,057,000", "Total Unusual Items Excluding Goodwill": "943,000", "Total Unusual Items": "943,000", "Normalized EBITDA": "33,573,000", "Tax Rate for Calcs": "0", "Tax Effect of Unusual Items": "203,688"}, "12/31/2018": {"Duration": "12/31/2018", "Total Revenue": "94,507,000", "Cost of Revenue": "29,692,000", "Gross Profit": "64,815,000", "Operating Expense": "45,806,000", "Operating Income": "19,009,000", "Net Non Operating Interest Income Expense": "-3,542,000", "Other Income Expense": "-225,000", "Pretax Income": "15,242,000", "Tax Provision": "3,380,000", "Net Income Common Stockholders": "11,731,000", "Diluted NI Available to Com Stockholders": "11,731,000", "Basic EPS": "2.59", "Diluted EPS": "2.53", "Basic Average Shares": "4,525,963", "Diluted Average Shares": "4,640,000", "Total Operating Income as Reported": "19,009,000", "Total Expenses": "75,498,000", "Net Income from Continuing & Discontinued Operation": "11,731,000", "Normalized Income": "11,622,858", "Interest Expense": "3,542,000", "Net Interest Income": "-3,542,000", "EBIT": "18,784,000", "EBITDA": "-", "Reconciled Cost of Revenue": "30,033,000", "Reconciled Depreciation": "10,676,000", "Net Income from Continuing Operation Net Minority Interest": "11,731,000", "Total Unusual Items Excluding Goodwill": "139,000", "Total Unusual Items": "139,000", "Normalized EBITDA": "29,662,000", "Tax Rate for Calcs": "0", "Tax Effect of Unusual Items": "30,858"}}, "bs": {"12/31/2020": {"Duration": "12/31/2020", "Total Assets": "273,869,000", "Total Liabilities Net Minority Interest": "182,131,000", "Total Equity Gross Minority Interest": "91,738,000", "Total Capitalization": "190,937,000", "Common Stock Equity": "90,323,000", "Net Tangible Assets": "-88,440,000", "Working Capital": "-2,055,000", "Invested Capital": "194,083,000", "Tangible Book Value": "-88,440,000", "Total Debt": "103,760,000", "Net Debt": "92,020,000", "Share Issued": "5,453,447", "Ordinary Shares Number": "4,580,656", "Treasury Shares Number": "872,791"}, "12/31/2019": {"Duration": "12/31/2019", "Total Assets": "263,414,000", "Total Liabilities Net Minority Interest": "179,540,000", "Total Equity Gross Minority Interest": "83,874,000", "Total Capitalization": "180,491,000", "Common Stock Equity": "82,726,000", "Net Tangible Assets": "-90,425,000", "Working Capital": "-4,900,000", "Invested Capital": "184,943,000", "Tangible Book Value": "-90,425,000", "Total Debt": "102,217,000", "Net Debt": "96,717,000", "Share Issued": "5,425,826", "Ordinary Shares Number": "4,553,035", "Treasury Shares Number": "872,791"}, "12/31/2018": {"Duration": "12/31/2018", "Total Assets": "251,684,000", "Total Liabilities Net Minority Interest": "179,182,000", "Total Equity Gross Minority Interest": "72,502,000", "Total Capitalization": "178,958,000", "Common Stock Equity": "71,613,000", "Net Tangible Assets": "-100,101,000", "Working Capital": "-5,755,000", "Invested Capital": "183,356,000", "Tangible Book Value": "-100,101,000", "Total Debt": "111,743,000", "Net Debt": "107,929,000", "Share Issued": "5,398,754", "Ordinary Shares Number": "4,525,963", "Treasury Shares Number": "872,791"}}, "cf": {"TTM": {"Duration": "TTM", "Operating Cash Flow": "25,930,000", "Investing Cash Flow": "-11,902,000", "Financing Cash Flow": "-3,946,000", "End Cash Position": "13,684,000", "Capital Expenditure": "-11,991,000", "Issuance of Capital Stock": "-", "Issuance of Debt": "23,302,000", "Repayment of Debt": "-21,150,000", "Free Cash Flow": "13,939,000"}, "12/31/2020": {"Duration": "12/31/2020", "Operating Cash Flow": "24,737,000", "Investing Cash Flow": "-12,047,000", "Financing Cash Flow": "-6,513,000", "End Cash Position": "11,768,000", "Capital Expenditure": "-11,634,000", "Issuance of Capital Stock": "-", "Issuance of Debt": "18,644,000", "Repayment of Debt": "-18,777,000", "Free Cash Flow": "13,103,000"}, "12/31/2019": {"Duration": "12/31/2019", "Operating Cash Flow": "25,697,000", "Investing Cash Flow": "-14,841,000", "Financing Cash Flow": "-9,181,000", "End Cash Position": "5,589,000", "Capital Expenditure": "-12,428,000", "Issuance of Capital Stock": "-", "Issuance of Debt": "10,654,000", "Repayment of Debt": "-14,354,000", "Free Cash Flow": "13,269,000"}, "12/31/2018": {"Duration": "12/31/2018", "Operating Cash Flow": "24,297,000", "Investing Cash Flow": "-50,854,000", "Financing Cash Flow": "27,140,000", "End Cash Position": "3,909,000", "Capital Expenditure": "-11,709,000", "Issuance of Capital Stock": "0", "Issuance of Debt": "44,781,000", "Repayment of Debt": "-8,798,000", "Free Cash Flow": "12,588,000"}}}}, {"FOXA": {"quote": {"03/20/2021": {"value": "42.92", "Market Cap": "24.689B", "Beta (5Y Monthly)": "1.26", "PE Ratio (TTM)": "16.99", "EPS (TTM)": "2.53", "Earnings Date": "May 04, 2021 - May 10, 2021", "Forward Dividend & Yield": "0.46 (1.07%)", "Ex-Dividend Date": "Mar 09, 2021", "1y Target Est": "35.27"}}, "fin": {"TTM": {"Duration": "TTM", "Total Revenue": "11,710,000", "Operating Expense": "9,341,000", "Operating Income": "2,369,000", "Net Non Operating Interest Income Expense": "-286,000", "Other Income Expense": "398,000", "Pretax Income": "2,481,000", "Tax Provision": "650,000", "Net Income Common Stockholders": "1,782,000", "Diluted NI Available to Com Stockholders": "1,782,000", "Basic EPS": "-", "Diluted EPS": "-", "Basic Average Shares": "-", "Diluted Average Shares": "-", "Total Expenses": "9,341,000", "Net Income from Continuing & Discontinued Operation": "1,782,000", "Normalized Income": "1,421,114", "Interest Income": "66,000", "Interest Expense": "352,000", "Net Interest Income": "-286,000", "EBIT": "2,833,000", "EBITDA": "3,058,000", "Reconciled Depreciation": "225,000", "Net Income from Continuing Operation Net Minority Interest": "1,782,000", "Total Unusual Items Excluding Goodwill": "489,000", "Total Unusual Items": "489,000", "Normalized EBITDA": "2,569,000", "Tax Rate for Calcs": "0", "Tax Effect of Unusual Items": "128,114"}, "6/30/2020": {"Duration": "6/30/2020", "Total Revenue": "12,303,000", "Operating Expense": "9,806,000", "Operating Income": "2,497,000", "Net Non Operating Interest Income Expense": "-334,000", "Other Income Expense": "-699,000", "Pretax Income": "1,464,000", "Tax Provision": "402,000", "Net Income Common Stockholders": "999,000", "Diluted NI Available to Com Stockholders": "999,000", "Basic EPS": "1.62", "Diluted EPS": "1.62", "Basic Average Shares": "616,000", "Diluted Average Shares": "616,000", "Total Expenses": "9,806,000", "Net Income from Continuing & Discontinued Operation": "999,000", "Normalized Income": "1,318,010", "Interest Income": "35,000", "Interest Expense": "369,000", "Net Interest Income": "-334,000", "EBIT": "1,833,000", "EBITDA": "-", "Reconciled Depreciation": "258,000", "Net Income from Continuing Operation Net Minority Interest": "999,000", "Total Unusual Items Excluding Goodwill": "-437,000", "Total Unusual Items": "-437,000", "Normalized EBITDA": "2,528,000", "Tax Rate for Calcs": "0", "Tax Effect of Unusual Items": "-117,990"}, "6/30/2019": {"Duration": "6/30/2019", "Total Revenue": "11,389,000", "Operating Expense": "8,958,000", "Operating Income": "2,431,000", "Net Non Operating Interest Income Expense": "-162,000", "Other Income Expense": "-45,000", "Pretax Income": "2,224,000", "Tax Provision": "581,000", "Net Income Common Stockholders": "1,595,000", "Diluted NI Available to Com Stockholders": "1,595,000", "Basic EPS": "2.57", "Diluted EPS": "2.57", "Basic Average Shares": "621,000", "Diluted Average Shares": "621,000", "Total Expenses": "8,958,000", "Net Income from Continuing & Discontinued Operation": "1,595,000", "Normalized Income": "1,554,300", "Interest Income": "41,000", "Interest Expense": "203,000", "Net Interest Income": "-162,000", "EBIT": "2,427,000", "EBITDA": "-", "Reconciled Depreciation": "212,000", "Net Income from Continuing Operation Net Minority Interest": "1,595,000", "Total Unusual Items Excluding Goodwill": "55,000", "Total Unusual Items": "55,000", "Normalized EBITDA": "2,584,000", "Tax Rate for Calcs": "0", "Tax Effect of Unusual Items": "14,300"}, "6/30/2018": {"Duration": "6/30/2018", "Total Revenue": "10,153,000", "Operating Expense": "7,938,000", "Operating Income": "2,215,000", "Net Non Operating Interest Income Expense": "-43,000", "Other Income Expense": "-2,000", "Pretax Income": "2,170,000", "Tax Provision": "-58,000", "Net Income Common Stockholders": "1,995,000", "Diluted NI Available to Com Stockholders": "1,995,000", "Basic EPS": "3.22", "Diluted EPS": "3.22", "Basic Average Shares": "620,000", "Diluted Average Shares": "620,000", "Total Expenses": "7,938,000", "Net Income from Continuing & Discontinued Operation": "2,187,000", "Normalized Income": "2,149,770", "Interest Income": "-", "Interest Expense": "43,000", "Net Interest Income": "-43,000", "EBIT": "2,213,000", "EBITDA": "-", "Reconciled Depreciation": "171,000", "Net Income from Continuing Operation Net Minority Interest": "2,187,000", "Total Unusual Items Excluding Goodwill": "51,000", "Total Unusual Items": "51,000", "Normalized EBITDA": "2,333,000", "Tax Rate for Calcs": "0", "Tax Effect of Unusual Items": "13,770"}}, "bs": {"6/30/2020": {"Duration": "6/30/2020", "Total Assets": "21,750,000", "Total Liabilities Net Minority Interest": "11,639,000", "Total Equity Gross Minority Interest": "10,111,000", "Total Capitalization": "18,040,000", "Common Stock Equity": "10,094,000", "Capital Lease Obligations": "574,000", "Net Tangible Assets": "3,487,000", "Working Capital": "5,580,000", "Invested Capital": "18,040,000", "Tangible Book Value": "3,487,000", "Total Debt": "8,520,000", "Net Debt": "3,301,000", "Share Issued": "604,687", "Ordinary Shares Number": "604,687"}, "6/30/2019": {"Duration": "6/30/2019", "Total Assets": "19,509,000", "Total Liabilities Net Minority Interest": "9,551,000", "Total Equity Gross Minority Interest": "9,958,000", "Total Capitalization": "16,698,000", "Common Stock Equity": "9,947,000", "Capital Lease Obligations": "-", "Net Tangible Assets": "4,405,000", "Working Capital": "4,766,000", "Invested Capital": "16,698,000", "Tangible Book Value": "4,405,000", "Total Debt": "6,751,000", "Net Debt": "3,517,000", "Share Issued": "620,596", "Ordinary Shares Number": "620,596"}, "6/30/2018": {"Duration": "6/30/2018", "Total Assets": "13,121,000", "Total Liabilities Net Minority Interest": "3,527,000", "Total Equity Gross Minority Interest": "9,594,000", "Total Capitalization": "9,594,000", "Common Stock Equity": "9,594,000", "Capital Lease Obligations": "-", "Net Tangible Assets": "3,981,000", "Working Capital": "3,821,000", "Invested Capital": "9,594,000", "Tangible Book Value": "3,981,000", "Total Debt": "-", "Net Debt": "-", "Share Issued": "620,595", "Ordinary Shares Number": "620,595"}}, "cf": {"TTM": {"Duration": "TTM", "Operating Cash Flow": "2,232,000", "Investing Cash Flow": "-735,000", "Financing Cash Flow": "-1,457,000", "End Cash Position": "1,991,000", "Capital Expenditure": "-257,000", "Issuance of Debt": "1,191,000", "Repurchase of Capital Stock": "-600,000", "Free Cash Flow": "1,975,000"}, "6/30/2020": {"Duration": "6/30/2020", "Operating Cash Flow": "2,365,000", "Investing Cash Flow": "-1,100,000", "Financing Cash Flow": "146,000", "End Cash Position": "4,645,000", "Capital Expenditure": "-359,000", "Issuance of Debt": "1,191,000", "Repurchase of Capital Stock": "-600,000", "Free Cash Flow": "2,006,000"}, "6/30/2019": {"Duration": "6/30/2019", "Operating Cash Flow": "2,524,000", "Investing Cash Flow": "-637,000", "Financing Cash Flow": "-1,153,000", "End Cash Position": "3,234,000", "Capital Expenditure": "-235,000", "Issuance of Debt": "6,750,000", "Repurchase of Capital Stock": "-", "Free Cash Flow": "2,289,000"}, "6/30/2018": {"Duration": "6/30/2018", "Operating Cash Flow": "1,317,000", "Investing Cash Flow": "128,000", "Financing Cash Flow": "1,036,000", "End Cash Position": "2,500,000", "Capital Expenditure": "-215,000", "Issuance of Debt": "-", "Repurchase of Capital Stock": "-", "Free Cash Flow": "1,102,000"}}}}, {"IMAX": {"quote": {"03/20/2021": {"value": "21.33", "Market Cap": "1.257B", "Beta (5Y Monthly)": "1.84", "PE Ratio (TTM)": "N/A", "EPS (TTM)": "-2.43", "Earnings Date": "Apr 28, 2021 - May 03, 2021", "Forward Dividend & Yield": "N/A (N/A)", "Ex-Dividend Date": "N/A", "1y Target Est": "24.39"}}, "fin": {"TTM": {"Duration": "TTM", "Total Revenue": "205,292", "Cost of Revenue": "141,706", "Gross Profit": "63,586", "Operating Expense": "130,373", "Operating Income": "-66,787", "Net Non Operating Interest Income Expense": "-3,292", "Other Income Expense": "-15,324", "Pretax Income": "-85,403", "Tax Provision": "29,388", "Earnings from Equity Interest Net of Tax": "-1,799", "Net Income Common Stockholders": "-104,359", "Diluted NI Available to Com Stockholders": "-104,359", "Basic EPS": "-", "Diluted EPS": "-", "Basic Average Shares": "-", "Diluted Average Shares": "-", "Total Operating Income as Reported": "-82,509", "Total Expenses": "272,079", "Net Income from Continuing & Discontinued Operation": "-104,359", "Normalized Income": "-93,602", "Interest Income": "2,315", "Interest Expense": "5,607", "Net Interest Income": "-3,292", "EBIT": "-79,796", "EBITDA": "-20,515", "Reconciled Cost of Revenue": "87,830", "Reconciled Depreciation": "59,281", "Net Income from Continuing Operation Net Minority Interest": "-104,359", "Total Unusual Items Excluding Goodwill": "-14,635", "Total Unusual Items": "-14,635", "Normalized EBITDA": "-5,880", "Tax Rate for Calcs": "0", "Tax Effect of Unusual Items": "-3,878"}, "12/31/2020": {"Duration": "12/31/2020", "Total Revenue": "137,003", "Cost of Revenue": "115,463", "Gross Profit": "21,540", "Operating Expense": "119,497", "Operating Income": "-97,957", "Net Non Operating Interest Income Expense": "-4,622", "Other Income Expense": "-26,545", "Pretax Income": "-129,124", "Tax Provision": "26,504", "Earnings from Equity Interest Net of Tax": "-1,858", "Net Income Common Stockholders": "-143,775", "Diluted NI Available to Com Stockholders": "-143,775", "Basic EPS": "-", "Diluted EPS": "-", "Basic Average Shares": "-", "Diluted Average Shares": "-", "Total Operating Income as Reported": "-121,821", "Total Expenses": "234,960", "Net Income from Continuing & Discontinued Operation": "-143,775", "Normalized Income": "-124,705", "Interest Income": "2,388", "Interest Expense": "7,010", "Net Interest Income": "-4,622", "EBIT": "-122,114", "EBITDA": "-", "Reconciled Cost of Revenue": "67,251", "Reconciled Depreciation": "53,606", "Net Income from Continuing Operation Net Minority Interest": "-143,775", "Total Unusual Items Excluding Goodwill": "-25,945", "Total Unusual Items": "-25,945", "Normalized EBITDA": "-42,563", "Tax Rate for Calcs": "0", "Tax Effect of Unusual Items": "-6,875"}, "12/31/2019": {"Duration": "12/31/2019", "Total Revenue": "395,664", "Cost of Revenue": "181,492", "Gross Profit": "214,172", "Operating Expense": "135,098", "Operating Income": "79,074", "Net Non Operating Interest Income Expense": "-688", "Other Income Expense": "-3,050", "Pretax Income": "75,336", "Tax Provision": "16,768", "Earnings from Equity Interest Net of Tax": "3", "Net Income Common Stockholders": "46,866", "Diluted NI Available to Com Stockholders": "46,866", "Basic EPS": "0.76", "Diluted EPS": "0.76", "Basic Average Shares": "61,310", "Diluted Average Shares": "61,489", "Total Operating Income as Reported": "77,278", "Total Expenses": "316,590", "Net Income from Continuing & Discontinued Operation": "46,866", "Normalized Income": "48,663", "Interest Income": "2,105", "Interest Expense": "2,793", "Net Interest Income": "-688", "EBIT": "78,129", "EBITDA": "-", "Reconciled Cost of Revenue": "122,960", "Reconciled Depreciation": "63,487", "Net Income from Continuing Operation Net Minority Interest": "46,866", "Total Unusual Items Excluding Goodwill": "-2,313", "Total Unusual Items": "-2,313", "Normalized EBITDA": "143,929", "Tax Rate for Calcs": "0", "Tax Effect of Unusual Items": "-515.799"}, "12/31/2018": {"Duration": "12/31/2018", "Total Revenue": "374,401", "Cost of Revenue": "166,472", "Gross Profit": "207,929", "Operating Expense": "136,775", "Operating Income": "71,154", "Net Non Operating Interest Income Expense": "-1,072", "Other Income Expense": "-26,477", "Pretax Income": "43,605", "Tax Provision": "9,518", "Earnings from Equity Interest Net of Tax": "-492", "Net Income Common Stockholders": "22,844", "Diluted NI Available to Com Stockholders": "22,844", "Basic EPS": "0.36", "Diluted EPS": "0.36", "Basic Average Shares": "63,075", "Diluted Average Shares": "63,207", "Total Operating Income as Reported": "45,176", "Total Expenses": "303,247", "Net Income from Continuing & Discontinued Operation": "22,844", "Normalized Income": "43,159", "Interest Income": "1,844", "Interest Expense": "2,916", "Net Interest Income": "-1,072", "EBIT": "46,521", "EBITDA": "-", "Reconciled Cost of Revenue": "113,180", "Reconciled Depreciation": "57,437", "Net Income from Continuing Operation Net Minority Interest": "22,844", "Total Unusual Items Excluding Goodwill": "-25,978", "Total Unusual Items": "-25,978", "Normalized EBITDA": "129,936", "Tax Rate for Calcs": "0", "Tax Effect of Unusual Items": "-5,663"}}, "bs": {"12/31/2020": {"Duration": "12/31/2020", "Total Assets": "997,750", "Total Liabilities Net Minority Interest": "533,742", "Total Equity Gross Minority Interest": "464,008", "Total Capitalization": "385,489", "Common Stock Equity": "385,489", "Net Tangible Assets": "314,440", "Working Capital": "82,166", "Invested Capital": "691,165", "Tangible Book Value": "314,440", "Total Debt": "305,676", "Share Issued": "58,922", "Ordinary Shares Number": "58,921", "Treasury Shares Number": "0.723"}, "12/31/2019": {"Duration": "12/31/2019", "Total Assets": "889,069", "Total Liabilities Net Minority Interest": "251,882", "Total Equity Gross Minority Interest": "637,187", "Total Capitalization": "547,694", "Common Stock Equity": "547,694", "Net Tangible Assets": "460,399", "Working Capital": "184,327", "Invested Capital": "565,923", "Tangible Book Value": "460,399", "Total Debt": "18,229", "Share Issued": "61,363", "Ordinary Shares Number": "61,176", "Treasury Shares Number": "187.02"}, "12/31/2018": {"Duration": "12/31/2018", "Total Assets": "873,600", "Total Liabilities Net Minority Interest": "280,682", "Total Equity Gross Minority Interest": "592,918", "Total Capitalization": "512,161", "Common Stock Equity": "512,161", "Net Tangible Assets": "422,672", "Working Capital": "178,927", "Invested Capital": "549,914", "Tangible Book Value": "422,672", "Total Debt": "37,753", "Share Issued": "61,478", "Ordinary Shares Number": "61,434", "Treasury Shares Number": "44.579"}}, "cf": {"TTM": {"Duration": "TTM", "Operating Cash Flow": "-7,699", "Investing Cash Flow": "-19,948", "Financing Cash Flow": "229,763", "End Cash Position": "304,664", "Capital Expenditure": "-5,269", "Issuance of Debt": "280,244", "Repayment of Debt": "0", "Repurchase of Capital Stock": "-40,900", "Free Cash Flow": "-12,968"}, "12/31/2020": {"Duration": "12/31/2020", "Operating Cash Flow": "-23,011", "Investing Cash Flow": "-9,255", "Financing Cash Flow": "240,567", "End Cash Position": "317,379", "Capital Expenditure": "-9,255", "Issuance of Debt": "287,610", "Repayment of Debt": "0", "Repurchase of Capital Stock": "-38,169", "Free Cash Flow": "-32,266"}, "12/31/2019": {"Duration": "12/31/2019", "Operating Cash Flow": "90,376", "Investing Cash Flow": "-65,994", "Financing Cash Flow": "-57,118", "End Cash Position": "109,484", "Capital Expenditure": "-50,841", "Issuance of Debt": "35,000", "Repayment of Debt": "-55,000", "Repurchase of Capital Stock": "-25,859", "Free Cash Flow": "39,535"}, "12/31/2018": {"Duration": "12/31/2018", "Operating Cash Flow": "109,972", "Investing Cash Flow": "-56,874", "Financing Cash Flow": "-70,862", "End Cash Position": "141,590", "Capital Expenditure": "-56,874", "Issuance of Debt": "65,000", "Repayment of Debt": "-50,667", "Repurchase of Capital Stock": "-82,812", "Free Cash Flow": "53,098"}}}}, {"MCS": {"quote": {"03/20/2021": {"value": "22.45", "Market Cap": "703.538M", "Beta (5Y Monthly)": "1.94", "PE Ratio (TTM)": "N/A", "EPS (TTM)": "-4.02", "Earnings Date": "May 03, 2021 - May 07, 2021", "Forward Dividend & Yield": "N/A (N/A)", "Ex-Dividend Date": "Feb 28, 2020", "1y Target Est": "24.67"}}, "fin": {"TTM": {"Duration": "TTM", "Total Revenue": "820,863", "Cost of Revenue": "491,381", "Gross Profit": "329,482", "Operating Expense": "259,417", "Operating Income": "51,627", "Net Non Operating Interest Income Expense": "-11,791", "Other Income Expense": "-3,839", "Pretax Income": "54,435", "Tax Provision": "12,320", "Net Income Common Stockholders": "42,017", "Diluted NI Available to Com Stockholders": "42,017", "Basic EPS": "-", "Diluted EPS": "-", "Basic Average Shares": "-", "Diluted Average Shares": "-", "Total Operating Income as Reported": "41,041", "Rent Expense Supplemental": "26,099", "Total Expenses": "750,798", "Net Income from Continuing & Discontinued Operation": "42,017", "Normalized Income": "43,288", "Interest Expense": "11,791", "Net Interest Income": "-11,791", "EBIT": "66,226", "EBITDA": "138,503", "Reconciled Cost of Revenue": "491,381", "Reconciled Depreciation": "72,277", "Net Income from Continuing Operation Net Minority Interest": "42,017", "Total Unusual Items Excluding Goodwill": "-1,644", "Total Unusual Items": "-11,543", "Normalized EBITDA": "124,674", "Tax Rate for Calcs": "0", "Tax Effect of Unusual Items": "-373.188"}, "12/31/2020": {"Duration": "12/31/2020", "Total Revenue": "237,688", "Cost of Revenue": "186,548", "Gross Profit": "51,140", "Operating Expense": "204,886", "Operating Income": "-153,746", "Net Non Operating Interest Income Expense": "-16,275", "Other Income Expense": "-25,781", "Pretax Income": "-195,802", "Tax Provision": "-70,936", "Net Income Common Stockholders": "-124,843", "Diluted NI Available to Com Stockholders": "-124,843", "Basic EPS": "-4.13", "Diluted EPS": "-4.13", "Basic Average Shares": "31,042", "Diluted Average Shares": "31,042", "Total Operating Income as Reported": "-178,422", "Rent Expense Supplemental": "26,866", "Total Expenses": "391,434", "Net Income from Continuing & Discontinued Operation": "-124,843", "Normalized Income": "-110,006", "Interest Expense": "16,275", "Net Interest Income": "-16,275", "EBIT": "-179,527", "EBITDA": "-", "Reconciled Cost of Revenue": "186,548", "Reconciled Depreciation": "75,052", "Net Income from Continuing Operation Net Minority Interest": "-124,843", "Total Unusual Items Excluding Goodwill": "-23,256", "Total Unusual Items": "-23,256", "Normalized EBITDA": "-81,219", "Tax Rate for Calcs": "0", "Tax Effect of Unusual Items": "-8,419"}, "12/31/2019": {"Duration": "12/31/2019", "Total Revenue": "820,863", "Cost of Revenue": "491,381", "Gross Profit": "329,482", "Operating Expense": "259,417", "Operating Income": "70,065", "Net Non Operating Interest Income Expense": "-11,791", "Other Income Expense": "-3,839", "Pretax Income": "54,435", "Tax Provision": "12,320", "Net Income Common Stockholders": "42,017", "Diluted NI Available to Com Stockholders": "42,017", "Basic EPS": "1.36", "Diluted EPS": "1.35", "Basic Average Shares": "30,947", "Diluted Average Shares": "31,152", "Total Operating Income as Reported": "68,191", "Rent Expense Supplemental": "26,099", "Total Expenses": "750,798", "Net Income from Continuing & Discontinued Operation": "42,017", "Normalized Income": "43,288", "Interest Expense": "11,791", "Net Interest Income": "-11,791", "EBIT": "66,226", "EBITDA": "-", "Reconciled Cost of Revenue": "491,381", "Reconciled Depreciation": "72,277", "Net Income from Continuing Operation Net Minority Interest": "42,017", "Total Unusual Items Excluding Goodwill": "-1,644", "Total Unusual Items": "-1,644", "Normalized EBITDA": "140,147", "Tax Rate for Calcs": "0", "Tax Effect of Unusual Items": "-373.188"}, "12/31/2018": {"Duration": "12/31/2018", "Total Revenue": "707,120", "Cost of Revenue": "399,501", "Gross Profit": "307,619", "Operating Expense": "224,430", "Operating Income": "83,189", "Net Non Operating Interest Income Expense": "-13,079", "Other Income Expense": "-3,518", "Pretax Income": "66,592", "Tax Provision": "13,127", "Net Income Common Stockholders": "53,391", "Diluted NI Available to Com Stockholders": "53,391", "Basic EPS": "1.88", "Diluted EPS": "1.86", "Basic Average Shares": "28,350", "Diluted Average Shares": "28,713", "Total Operating Income as Reported": "83,189", "Rent Expense Supplemental": "11,267", "Total Expenses": "623,931", "Net Income from Continuing & Discontinued Operation": "53,391", "Normalized Income": "54,302", "Interest Expense": "13,079", "Net Interest Income": "-13,079", "EBIT": "79,671", "EBITDA": "-", "Reconciled Cost of Revenue": "399,167", "Reconciled Depreciation": "61,676", "Net Income from Continuing Operation Net Minority Interest": "53,391", "Total Unusual Items Excluding Goodwill": "-1,134", "Total Unusual Items": "-1,134", "Normalized EBITDA": "142,481", "Tax Rate for Calcs": "0", "Tax Effect of Unusual Items": "-223.398"}}, "bs": {"12/31/2020": {"Duration": "12/31/2020", "Total Assets": "1,254,178", "Total Liabilities Net Minority Interest": "755,455", "Total Equity Gross Minority Interest": "498,723", "Total Capitalization": "691,759", "Common Stock Equity": "498,723", "Capital Lease Obligations": "272,691", "Net Tangible Assets": "416,238", "Working Capital": "-149,575", "Invested Capital": "789,501", "Tangible Book Value": "416,238", "Total Debt": "563,469", "Net Debt": "284,033", "Share Issued": "31,190", "Ordinary Shares Number": "31,065", "Treasury Shares Number": "124.758"}, "12/31/2019": {"Duration": "12/31/2019", "Total Assets": "1,359,186", "Total Liabilities Net Minority Interest": "737,728", "Total Equity Gross Minority Interest": "621,458", "Total Capitalization": "827,867", "Common Stock Equity": "621,435", "Capital Lease Obligations": "268,819", "Net Tangible Assets": "536,096", "Working Capital": "-95,724", "Invested Capital": "837,777", "Tangible Book Value": "536,096", "Total Debt": "485,161", "Net Debt": "195,480", "Share Issued": "31,190", "Ordinary Shares Number": "30,947", "Treasury Shares Number": "242.853"}, "12/31/2018": {"Duration": "12/31/2018", "Total Assets": "989,331", "Total Liabilities Net Minority Interest": "499,212", "Total Equity Gross Minority Interest": "490,119", "Total Capitalization": "718,872", "Common Stock Equity": "490,009", "Capital Lease Obligations": "28,120", "Net Tangible Assets": "437,131", "Working Capital": "-80,307", "Invested Capital": "728,829", "Tangible Book Value": "437,131", "Total Debt": "266,940", "Net Debt": "221,706", "Share Issued": "31,190", "Ordinary Shares Number": "28,350", "Treasury Shares Number": "2,839"}}, "cf": {"TTM": {"Duration": "TTM", "Operating Cash Flow": "141,479", "Investing Cash Flow": "-93,946", "Financing Cash Flow": "-43,842", "End Cash Position": "25,618", "Capital Expenditure": "-64,086", "Issuance of Debt": "450,000", "Repayment of Debt": "-360,164", "Free Cash Flow": "77,393"}, "12/31/2020": {"Duration": "12/31/2020", "Operating Cash Flow": "-68,554", "Investing Cash Flow": "-12,073", "Financing Cash Flow": "69,097", "End Cash Position": "14,088", "Capital Expenditure": "-21,363", "Issuance of Debt": "415,774", "Repayment of Debt": "-316,909", "Free Cash Flow": "-89,917"}, "12/31/2019": {"Duration": "12/31/2019", "Operating Cash Flow": "141,479", "Investing Cash Flow": "-93,946", "Financing Cash Flow": "-43,842", "End Cash Position": "25,618", "Capital Expenditure": "-64,086", "Issuance of Debt": "335,000", "Repayment of Debt": "-360,164", "Free Cash Flow": "77,393"}, "12/31/2018": {"Duration": "12/31/2018", "Operating Cash Flow": "137,389", "Investing Cash Flow": "-59,267", "Financing Cash Flow": "-76,942", "End Cash Position": "21,927", "Capital Expenditure": "-58,660", "Issuance of Debt": "203,000", "Repayment of Debt": "-267,989", "Free Cash Flow": "78,729"}}}}, {"DIALF": {"quote": {"03/20/2021": {"value": "3.5000", "Market Cap": "117.88M", "Beta (5Y Monthly)": "0.52", "PE Ratio (TTM)": "85.37", "EPS (TTM)": "0.0410", "Earnings Date": "N/A", "Forward Dividend & Yield": "N/A (N/A)", "Ex-Dividend Date": "Apr 30, 2015", "1y Target Est": "N/A"}}, "fin": {"TTM": {"Duration": "TTM", "Total Revenue": "131,200", "Cost of Revenue": "94,800", "Gross Profit": "36,400", "Operating Expense": "51,400", "Operating Income": "-15,000", "Net Non Operating Interest Income Expense": "-1,400", "Pretax Income": "-14,700", "Tax Provision": "1,300", "Net Income Common Stockholders": "-15,900", "Diluted NI Available to Com Stockholders": "-15,900", "Basic EPS": "-", "Diluted EPS": "-", "Basic Average Shares": "-", "Diluted Average Shares": "-", "Total Operating Income as Reported": "-13,300", "Rent Expense Supplemental": "-", "Total Expenses": "146,200", "Net Income from Continuing & Discontinued Operation": "-15,900", "Normalized Income": "-15,900", "Interest Income": "-", "Interest Expense": "1,400", "Net Interest Income": "-1,400", "EBIT": "-13,300", "EBITDA": "-6,200", "Reconciled Cost of Revenue": "94,800", "Reconciled Depreciation": "7,100", "Net Income from Continuing Operation Net Minority Interest": "-15,900", "Total Unusual Items Excluding Goodwill": "-", "Total Unusual Items": "-", "Normalized EBITDA": "-6,200", "Tax Rate for Calcs": "0", "Tax Effect of Unusual Items": "0"}, "12/31/2019": {"Duration": "12/31/2019", "Total Revenue": "151,000", "Cost of Revenue": "107,100", "Gross Profit": "43,900", "Operating Expense": "55,200", "Operating Income": "-11,300", "Net Non Operating Interest Income Expense": "-1,200", "Pretax Income": "-12,500", "Tax Provision": "3,700", "Net Income Common Stockholders": "-16,100", "Diluted NI Available to Com Stockholders": "-16,100", "Basic EPS": "-0.50", "Diluted EPS": "-0.50", "Basic Average Shares": "32,537", "Diluted Average Shares": "32,620", "Total Operating Income as Reported": "-11,300", "Rent Expense Supplemental": "400", "Total Expenses": "162,300", "Net Income from Continuing & Discontinued Operation": "-16,100", "Normalized Income": "-16,100", "Interest Income": "-", "Interest Expense": "1,200", "Net Interest Income": "-1,200", "EBIT": "-11,300", "EBITDA": "-", "Reconciled Cost of Revenue": "107,100", "Reconciled Depreciation": "6,300", "Net Income from Continuing Operation Net Minority Interest": "-16,100", "Total Unusual Items Excluding Goodwill": "-", "Total Unusual Items": "-", "Normalized EBITDA": "-5,000", "Tax Rate for Calcs": "0", "Tax Effect of Unusual Items": "0"}, "12/31/2018": {"Duration": "12/31/2018", "Total Revenue": "169,600", "Cost of Revenue": "109,300", "Gross Profit": "60,300", "Operating Expense": "52,300", "Operating Income": "8,000", "Net Non Operating Interest Income Expense": "-200", "Pretax Income": "7,400", "Tax Provision": "2,100", "Net Income Common Stockholders": "5,200", "Diluted NI Available to Com Stockholders": "5,200", "Basic EPS": "0.16", "Diluted EPS": "0.16", "Basic Average Shares": "32,528", "Diluted Average Shares": "33,020", "Total Operating Income as Reported": "7,600", "Rent Expense Supplemental": "2,100", "Total Expenses": "161,600", "Net Income from Continuing & Discontinued Operation": "5,200", "Normalized Income": "5,486", "Interest Income": "0", "Interest Expense": "200", "Net Interest Income": "-200", "EBIT": "7,600", "EBITDA": "-", "Reconciled Cost of Revenue": "109,300", "Reconciled Depreciation": "4,600", "Net Income from Continuing Operation Net Minority Interest": "5,200", "Total Unusual Items Excluding Goodwill": "-400", "Total Unusual Items": "-400", "Normalized EBITDA": "12,600", "Tax Rate for Calcs": "0", "Tax Effect of Unusual Items": "-113.6"}}, "bs": {"12/31/2019": {"Duration": "12/31/2019", "Total Assets": "129,300", "Total Liabilities Net Minority Interest": "61,500", "Total Equity Gross Minority Interest": "67,800", "Total Capitalization": "84,500", "Common Stock Equity": "67,500", "Capital Lease Obligations": "12,300", "Net Tangible Assets": "46,200", "Working Capital": "39,100", "Invested Capital": "84,500", "Tangible Book Value": "46,200", "Total Debt": "29,300", "Net Debt": "16,500", "Share Issued": "32,539", "Ordinary Shares Number": "32,539", "Treasury Shares Number": "-"}, "12/31/2018": {"Duration": "12/31/2018", "Total Assets": "123,300", "Total Liabilities Net Minority Interest": "38,200", "Total Equity Gross Minority Interest": "85,100", "Total Capitalization": "84,700", "Common Stock Equity": "84,700", "Capital Lease Obligations": "-", "Net Tangible Assets": "68,200", "Working Capital": "48,500", "Invested Capital": "89,800", "Tangible Book Value": "68,200", "Total Debt": "5,100", "Net Debt": "2,900", "Share Issued": "32,534", "Ordinary Shares Number": "32,534", "Treasury Shares Number": "0"}}, "cf": {"TTM": {"Duration": "TTM", "Operating Cash Flow": "6,400", "Investing Cash Flow": "-10,600", "Financing Cash Flow": "18,200", "End Cash Position": "16,000", "Capital Expenditure": "-9,600", "Issuance of Capital Stock": "-", "Issuance of Debt": "19,800", "Repayment of Debt": "-", "Free Cash Flow": "-3,200"}, "12/31/2019": {"Duration": "12/31/2019", "Operating Cash Flow": "1,800", "Investing Cash Flow": "-14,100", "Financing Cash Flow": "10,700", "End Cash Position": "500", "Capital Expenditure": "-13,100", "Issuance of Capital Stock": "-", "Issuance of Debt": "11,900", "Repayment of Debt": "-", "Free Cash Flow": "-11,300"}, "12/31/2018": {"Duration": "12/31/2018", "Operating Cash Flow": "-9,300", "Investing Cash Flow": "-6,400", "Financing Cash Flow": "5,100", "End Cash Position": "2,200", "Capital Expenditure": "-6,400", "Issuance of Capital Stock": "0", "Issuance of Debt": "5,100", "Repayment of Debt": "-", "Free Cash Flow": "-15,700"}}}}, {"WWE": {"quote": {"03/20/2021": {"value": "57.12", "Market Cap": "4.446B", "Beta (5Y Monthly)": "1.50", "PE Ratio (TTM)": "36.62", "EPS (TTM)": "1.56", "Earnings Date": "Apr 21, 2021 - Apr 26, 2021", "Forward Dividend & Yield": "0.48 (0.84%)", "Ex-Dividend Date": "Mar 12, 2021", "1y Target Est": "57.75"}}, "fin": {"TTM": {"Duration": "TTM", "Total Revenue": "974,207", "Cost of Revenue": "549,480", "Gross Profit": "424,727", "Operating Expense": "216,183", "Operating Income": "208,544", "Net Non Operating Interest Income Expense": "-35,601", "Other Income Expense": "-1,834", "Pretax Income": "171,109", "Tax Provision": "39,338", "Net Income Common Stockholders": "131,771", "Diluted NI Available to Com Stockholders": "131,771", "Basic EPS": "-", "Diluted EPS": "-", "Basic Average Shares": "-", "Diluted Average Shares": "-", "Total Operating Income as Reported": "208,544", "Total Expenses": "765,663", "Net Income from Continuing & Discontinued Operation": "131,771", "Normalized Income": "131,771", "Interest Expense": "35,601", "Net Interest Income": "-35,601", "EBIT": "206,710", "EBITDA": "299,550", "Reconciled Cost of Revenue": "499,256", "Reconciled Depreciation": "92,840", "Net Income from Continuing Operation Net Minority Interest": "131,771", "Total Unusual Items Excluding Goodwill": "-", "Total Unusual Items": "-", "Normalized EBITDA": "299,550", "Tax Rate for Calcs": "0", "Tax Effect of Unusual Items": "0"}, "12/31/2020": {"Duration": "12/31/2020", "Total Revenue": "974,207", "Cost of Revenue": "549,480", "Gross Profit": "424,727", "Operating Expense": "216,183", "Operating Income": "208,544", "Net Non Operating Interest Income Expense": "-35,601", "Other Income Expense": "-1,834", "Pretax Income": "171,109", "Tax Provision": "39,338", "Net Income Common Stockholders": "131,771", "Diluted NI Available to Com Stockholders": "131,771", "Basic EPS": "1.70", "Diluted EPS": "1.56", "Basic Average Shares": "77,564", "Diluted Average Shares": "84,219", "Total Operating Income as Reported": "208,544", "Total Expenses": "765,663", "Net Income from Continuing & Discontinued Operation": "131,771", "Normalized Income": "131,771", "Interest Expense": "35,601", "Net Interest Income": "-35,601", "EBIT": "206,710", "EBITDA": "-", "Reconciled Cost of Revenue": "499,256", "Reconciled Depreciation": "92,840", "Net Income from Continuing Operation Net Minority Interest": "131,771", "Total Unusual Items Excluding Goodwill": "-", "Total Unusual Items": "-", "Normalized EBITDA": "299,550", "Tax Rate for Calcs": "0", "Tax Effect of Unusual Items": "0"}, "12/31/2019": {"Duration": "12/31/2019", "Total Revenue": "960,442", "Cost of Revenue": "638,199", "Gross Profit": "322,243", "Operating Expense": "205,733", "Operating Income": "116,510", "Net Non Operating Interest Income Expense": "-26,121", "Other Income Expense": "4,289", "Pretax Income": "94,678", "Tax Provision": "17,617", "Net Income Common Stockholders": "77,061", "Diluted NI Available to Com Stockholders": "77,061", "Basic EPS": "0.99", "Diluted EPS": "0.85", "Basic Average Shares": "78,200", "Diluted Average Shares": "90,200", "Total Operating Income as Reported": "116,510", "Total Expenses": "843,932", "Net Income from Continuing & Discontinued Operation": "77,061", "Normalized Income": "77,061", "Interest Expense": "26,121", "Net Interest Income": "-26,121", "EBIT": "120,799", "EBITDA": "-", "Reconciled Cost of Revenue": "583,161", "Reconciled Depreciation": "89,165", "Net Income from Continuing Operation Net Minority Interest": "77,061", "Total Unusual Items Excluding Goodwill": "-", "Total Unusual Items": "-", "Normalized EBITDA": "209,964", "Tax Rate for Calcs": "0", "Tax Effect of Unusual Items": "0"}, "12/31/2018": {"Duration": "12/31/2018", "Total Revenue": "930,160", "Cost of Revenue": "609,182", "Gross Profit": "320,978", "Operating Expense": "206,500", "Operating Income": "114,478", "Net Non Operating Interest Income Expense": "-15,405", "Other Income Expense": "6,964", "Pretax Income": "106,037", "Tax Provision": "6,449", "Net Income Common Stockholders": "99,588", "Diluted NI Available to Com Stockholders": "99,588", "Basic EPS": "1.28", "Diluted EPS": "1.12", "Basic Average Shares": "77,500", "Diluted Average Shares": "88,600", "Total Operating Income as Reported": "114,478", "Total Expenses": "815,682", "Net Income from Continuing & Discontinued Operation": "99,588", "Normalized Income": "99,588", "Interest Expense": "15,405", "Net Interest Income": "-15,405", "EBIT": "121,442", "EBITDA": "-", "Reconciled Cost of Revenue": "557,952", "Reconciled Depreciation": "76,299", "Net Income from Continuing Operation Net Minority Interest": "99,588", "Total Unusual Items Excluding Goodwill": "-", "Total Unusual Items": "-", "Normalized EBITDA": "197,741", "Tax Rate for Calcs": "0", "Tax Effect of Unusual Items": "0"}}, "bs": {"12/31/2020": {"Duration": "12/31/2020", "Total Assets": "1,297,322", "Total Liabilities Net Minority Interest": "908,528", "Total Equity Gross Minority Interest": "388,794", "Total Capitalization": "410,494", "Common Stock Equity": "388,794", "Capital Lease Obligations": "403,167", "Net Tangible Assets": "373,369", "Working Capital": "230,578", "Invested Capital": "705,589", "Tangible Book Value": "373,369", "Total Debt": "719,962", "Net Debt": "-", "Share Issued": "77,794", "Ordinary Shares Number": "77,794"}, "12/31/2019": {"Duration": "12/31/2019", "Total Assets": "992,233", "Total Liabilities Net Minority Interest": "716,907", "Total Equity Gross Minority Interest": "275,326", "Total Capitalization": "297,424", "Common Stock Equity": "275,326", "Capital Lease Obligations": "364,567", "Net Tangible Assets": "255,281", "Working Capital": "59,966", "Invested Capital": "489,704", "Tangible Book Value": "255,281", "Total Debt": "578,945", "Net Debt": "123,931", "Share Issued": "77,311", "Ordinary Shares Number": "77,311"}, "12/31/2018": {"Duration": "12/31/2018", "Total Assets": "700,299", "Total Liabilities Net Minority Interest": "384,062", "Total Equity Gross Minority Interest": "316,237", "Total Capitalization": "341,933", "Common Stock Equity": "316,237", "Capital Lease Obligations": "-", "Net Tangible Assets": "295,206", "Working Capital": "116,469", "Invested Capital": "530,141", "Tangible Book Value": "295,206", "Total Debt": "213,904", "Net Debt": "46,447", "Share Issued": "78,025", "Ordinary Shares Number": "78,025"}}, "cf": {"TTM": {"Duration": "TTM", "Operating Cash Flow": "319,874", "Investing Cash Flow": "11,876", "Financing Cash Flow": "39,905", "End Cash Position": "462,102", "Income Tax Paid Supplemental Data": "45,586", "Interest Paid Supplemental Data": "12,262", "Capital Expenditure": "-27,662", "Issuance of Capital Stock": "2,630", "Issuance of Debt": "200,000", "Repayment of Debt": "-114,394", "Repurchase of Capital Stock": "0", "Free Cash Flow": "292,212"}, "12/31/2020": {"Duration": "12/31/2020", "Operating Cash Flow": "319,874", "Investing Cash Flow": "11,876", "Financing Cash Flow": "39,905", "End Cash Position": "462,102", "Income Tax Paid Supplemental Data": "45,586", "Interest Paid Supplemental Data": "12,262", "Capital Expenditure": "-27,662", "Issuance of Capital Stock": "2,630", "Issuance of Debt": "200,000", "Repayment of Debt": "-114,394", "Repurchase of Capital Stock": "0", "Free Cash Flow": "292,212"}, "12/31/2019": {"Duration": "12/31/2019", "Operating Cash Flow": "121,692", "Investing Cash Flow": "-35,809", "Financing Cash Flow": "-162,893", "End Cash Position": "90,447", "Income Tax Paid Supplemental Data": "7,386", "Interest Paid Supplemental Data": "10,706", "Capital Expenditure": "-69,086", "Issuance of Capital Stock": "2,325", "Issuance of Debt": "0", "Repayment of Debt": "-13,455", "Repurchase of Capital Stock": "-83,441", "Free Cash Flow": "52,606"}, "12/31/2018": {"Duration": "12/31/2018", "Operating Cash Flow": "186,719", "Investing Cash Flow": "-66,087", "Financing Cash Flow": "-90,875", "End Cash Position": "167,457", "Income Tax Paid Supplemental Data": "10,107", "Interest Paid Supplemental Data": "8,899", "Capital Expenditure": "-32,275", "Issuance of Capital Stock": "1,948", "Issuance of Debt": "0", "Repayment of Debt": "-4,782", "Repurchase of Capital Stock": "-", "Free Cash Flow": "154,444"}}}}, {"LYV": {"quote": {"03/20/2021": {"value": "84.68", "Market Cap": "18.464B", "Beta (5Y Monthly)": "1.42", "PE Ratio (TTM)": "N/A", "EPS (TTM)": "-8.12", "Earnings Date": "May 05, 2021 - May 10, 2021", "Forward Dividend & Yield": "N/A (N/A)", "Ex-Dividend Date": "N/A", "1y Target Est": "85.00"}}, "fin": {"TTM": {"Duration": "TTM", "Total Revenue": "11,547,969", "Cost of Revenue": "8,467,182", "Gross Profit": "3,080,787", "Operating Expense": "2,758,316", "Operating Income": "322,471", "Net Non Operating Interest Income Expense": "-143,115", "Other Income Expense": "5,748", "Pretax Income": "185,104", "Tax Provision": "66,892", "Net Income Common Stockholders": "-4,882", "Diluted NI Available to Com Stockholders": "-4,882", "Basic EPS": "-", "Diluted EPS": "-", "Basic Average Shares": "-", "Diluted Average Shares": "-", "Total Operating Income as Reported": "324,844", "Total Expenses": "11,225,498", "Net Income from Continuing & Discontinued Operation": "69,889", "Normalized Income": "68,374", "Interest Income": "14,406", "Interest Expense": "157,521", "Net Interest Income": "-143,115", "EBIT": "342,625", "EBITDA": "786,616", "Reconciled Cost of Revenue": "8,467,182", "Reconciled Depreciation": "443,991", "Net Income from Continuing Operation Net Minority Interest": "69,889", "Total Unusual Items Excluding Goodwill": "2,373", "Total Unusual Items": "2,373", "Normalized EBITDA": "784,243", "Tax Rate for Calcs": "0", "Tax Effect of Unusual Items": "857.5434"}, "12/31/2020": {"Duration": "12/31/2020", "Total Revenue": "1,861,178", "Cost of Revenue": "1,402,400", "Gross Profit": "458,778", "Operating Expense": "2,111,467", "Operating Income": "-1,652,689", "Net Non Operating Interest Income Expense": "-215,095", "Other Income Expense": "11,119", "Pretax Income": "-1,856,665", "Tax Provision": "-28,875", "Net Income Common Stockholders": "-1,723,355", "Diluted NI Available to Com Stockholders": "-1,723,355", "Basic EPS": "-", "Diluted EPS": "-", "Basic Average Shares": "-", "Diluted Average Shares": "-", "Total Operating Income as Reported": "-1,653,192", "Total Expenses": "3,513,867", "Net Income from Continuing & Discontinued Operation": "-1,724,535", "Normalized Income": "-1,724,040", "Interest Income": "11,737", "Interest Expense": "226,832", "Net Interest Income": "-215,095", "EBIT": "-1,629,833", "EBITDA": "-", "Reconciled Cost of Revenue": "1,402,400", "Reconciled Depreciation": "485,025", "Net Income from Continuing Operation Net Minority Interest": "-1,724,535", "Total Unusual Items Excluding Goodwill": "-503", "Total Unusual Items": "-503", "Normalized EBITDA": "-1,144,305", "Tax Rate for Calcs": "0", "Tax Effect of Unusual Items": "-7.8227"}, "12/31/2019": {"Duration": "12/31/2019", "Total Revenue": "11,547,969", "Cost of Revenue": "8,467,182", "Gross Profit": "3,080,787", "Operating Expense": "2,758,316", "Operating Income": "322,471", "Net Non Operating Interest Income Expense": "-143,115", "Other Income Expense": "5,748", "Pretax Income": "185,104", "Tax Provision": "66,892", "Net Income Common Stockholders": "-4,882", "Diluted NI Available to Com Stockholders": "-4,882", "Basic EPS": "-0.02", "Diluted EPS": "-0.02", "Basic Average Shares": "210,083", "Diluted Average Shares": "210,083", "Total Operating Income as Reported": "324,844", "Total Expenses": "11,225,498", "Net Income from Continuing & Discontinued Operation": "69,889", "Normalized Income": "68,374", "Interest Income": "14,406", "Interest Expense": "157,521", "Net Interest Income": "-143,115", "EBIT": "342,625", "EBITDA": "-", "Reconciled Cost of Revenue": "8,467,182", "Reconciled Depreciation": "443,991", "Net Income from Continuing Operation Net Minority Interest": "69,889", "Total Unusual Items Excluding Goodwill": "2,373", "Total Unusual Items": "2,373", "Normalized EBITDA": "784,243", "Tax Rate for Calcs": "0", "Tax Effect of Unusual Items": "857.5434"}, "12/31/2018": {"Duration": "12/31/2018", "Total Revenue": "10,787,800", "Cost of Revenue": "7,967,932", "Gross Profit": "2,819,868", "Operating Expense": "2,536,963", "Operating Income": "282,905", "Net Non Operating Interest Income Expense": "-129,544", "Other Income Expense": "-22,256", "Pretax Income": "131,105", "Tax Provision": "40,765", "Net Income Common Stockholders": "-17,651", "Diluted NI Available to Com Stockholders": "-17,651", "Basic EPS": "-0.09", "Diluted EPS": "-0.09", "Basic Average Shares": "207,441", "Diluted Average Shares": "207,441", "Total Operating Income as Reported": "272,536", "Total Expenses": "10,504,895", "Net Income from Continuing & Discontinued Operation": "60,249", "Normalized Income": "69,097", "Interest Income": "8,961", "Interest Expense": "138,505", "Net Interest Income": "-129,544", "EBIT": "269,610", "EBITDA": "-", "Reconciled Cost of Revenue": "7,967,932", "Reconciled Depreciation": "386,529", "Net Income from Continuing Operation Net Minority Interest": "60,249", "Total Unusual Items Excluding Goodwill": "-12,840", "Total Unusual Items": "-12,840", "Normalized EBITDA": "668,979", "Tax Rate for Calcs": "0", "Tax Effect of Unusual Items": "-3,992"}}, "bs": {"12/31/2020": {"Duration": "12/31/2020", "Total Assets": "10,589,303", "Total Liabilities Net Minority Interest": "10,723,055", "Total Equity Gross Minority Interest": "-133,752", "Total Capitalization": "4,383,324", "Common Stock Equity": "-471,772", "Capital Lease Obligations": "1,552,821", "Net Tangible Assets": "-3,825,633", "Working Capital": "-146,801", "Invested Capital": "4,436,739", "Tangible Book Value": "-3,825,633", "Total Debt": "6,461,332", "Net Debt": "2,370,724", "Share Issued": "218,423", "Ordinary Shares Number": "218,015", "Treasury Shares Number": "408.024"}, "12/31/2019": {"Duration": "12/31/2019", "Total Assets": "10,975,615", "Total Liabilities Net Minority Interest": "9,511,661", "Total Equity Gross Minority Interest": "1,463,954", "Total Capitalization": "4,417,082", "Common Stock Equity": "1,145,820", "Capital Lease Obligations": "1,496,431", "Net Tangible Assets": "-2,091,773", "Working Capital": "85,300", "Invested Capital": "4,454,877", "Tangible Book Value": "-2,091,773", "Total Debt": "4,805,488", "Net Debt": "838,695", "Share Issued": "214,118", "Ordinary Shares Number": "213,710", "Treasury Shares Number": "408.024"}, "12/31/2018": {"Duration": "12/31/2018", "Total Assets": "8,496,886", "Total Liabilities Net Minority Interest": "7,154,143", "Total Equity Gross Minority Interest": "1,342,743", "Total Capitalization": "3,831,859", "Common Stock Equity": "1,098,981", "Capital Lease Obligations": "-", "Net Tangible Assets": "-1,754,267", "Working Capital": "98,208", "Invested Capital": "3,914,001", "Tangible Book Value": "-1,754,267", "Total Debt": "2,815,020", "Net Debt": "443,480", "Share Issued": "210,535", "Ordinary Shares Number": "210,127", "Treasury Shares Number": "408.024"}}, "cf": {"TTM": {"Duration": "TTM", "Operating Cash Flow": "469,783", "Investing Cash Flow": "-691,000", "Financing Cash Flow": "328,889", "End Cash Position": "2,474,242", "Income Tax Paid Supplemental Data": "66,937", "Interest Paid Supplemental Data": "103,915", "Capital Expenditure": "-365,827", "Issuance of Debt": "937,400", "Repayment of Debt": "-437,267", "Free Cash Flow": "103,956"}, "12/31/2020": {"Duration": "12/31/2020", "Operating Cash Flow": "-1,083,388", "Investing Cash Flow": "-224,062", "Financing Cash Flow": "1,350,082", "End Cash Position": "2,546,439", "Income Tax Paid Supplemental Data": "26,151", "Interest Paid Supplemental Data": "166,403", "Capital Expenditure": "-222,609", "Issuance of Debt": "1,607,365", "Repayment of Debt": "-30,987", "Free Cash Flow": "-1,305,997"}, "12/31/2019": {"Duration": "12/31/2019", "Operating Cash Flow": "469,783", "Investing Cash Flow": "-691,000", "Financing Cash Flow": "328,889", "End Cash Position": "2,474,242", "Income Tax Paid Supplemental Data": "66,937", "Interest Paid Supplemental Data": "103,915", "Capital Expenditure": "-365,827", "Issuance of Debt": "937,400", "Repayment of Debt": "-437,267", "Free Cash Flow": "103,956"}, "12/31/2018": {"Duration": "12/31/2018", "Operating Cash Flow": "941,586", "Investing Cash Flow": "-496,909", "Financing Cash Flow": "188,784", "End Cash Position": "2,378,203", "Income Tax Paid Supplemental Data": "60,016", "Interest Paid Supplemental Data": "100,278", "Capital Expenditure": "-275,463", "Issuance of Debt": "858,667", "Repayment of Debt": "-400,396", "Free Cash Flow": "666,123"}}}}, {"SSET": {"quote": {"03/20/2021": {"value": "0.0980", "Market Cap": "182,828", "Beta (5Y Monthly)": "1.48", "PE Ratio (TTM)": "49.02", "EPS (TTM)": "0.0020", "Earnings Date": "N/A", "Forward Dividend & Yield": "N/A (N/A)", "Ex-Dividend Date": "N/A", "1y Target Est": "N/A"}}, "fin": {}, "bs": {}, "cf": {}}}, {"EOMN": {"quote": {"03/20/2021": {"value": "", "Net Assets": "N/A", "Beta (5Y Monthly)": "N/A", "Yield": "N/A", "5y Average Return": "N/A", "Holdings Turnover": "N/A", "Last Dividend": "N/A", "Average for Category": "N/A", "Inception Date": "N/A"}}, "fin": {}, "bs": {}, "cf": {}}}, {"TWX": {"quote": {"03/20/2021": {"value": "", "Net Assets": "N/A", "Beta (5Y Monthly)": "N/A", "Yield": "N/A", "5y Average Return": "N/A", "Holdings Turnover": "N/A", "Last Dividend": "N/A", "Average for Category": "N/A", "Inception Date": "N/A"}}, "fin": {}, "bs": {}, "cf": {}}}, {"NGHT": {"quote": {"03/20/2021": {"value": "", "Net Assets": "N/A", "Beta (5Y Monthly)": "N/A", "Yield": "N/A", "5y Average Return": "N/A", "Holdings Turnover": "N/A", "Last Dividend": "N/A", "Average for Category": "N/A", "Inception Date": "N/A"}}, "fin": {}, "bs": {}, "cf": {}}}, {"RWMI": {"quote": {"03/20/2021": {"value": "0.0540", "Market Cap": "308,168", "Beta (5Y Monthly)": "-1.70", "PE Ratio (TTM)": "N/A", "EPS (TTM)": "-0.1480", "Earnings Date": "N/A", "Forward Dividend & Yield": "N/A (N/A)", "Ex-Dividend Date": "N/A", "1y Target Est": "N/A"}}, "fin": {}, "bs": {}, "cf": {}}}, {"WIZD": {"quote": {"03/20/2021": {"value": "3.6525", "Market Cap": "12.808M", "Beta (5Y Monthly)": "-0.88", "PE Ratio (TTM)": "N/A", "EPS (TTM)": "-0.6300", "Earnings Date": "May 15, 2018", "Forward Dividend & Yield": "N/A (N/A)", "Ex-Dividend Date": "N/A", "1y Target Est": "N/A"}}, "fin": {"TTM": {"Duration": "TTM", "Total Revenue": "9,631", "Cost of Revenue": "8,740", "Gross Profit": "890.624", "Operating Expense": "2,632", "Operating Income": "-1,741", "Net Non Operating Interest Income Expense": "-380.963", "Other Income Expense": "-", "Pretax Income": "-2,122", "Tax Provision": "0", "Net Income Common Stockholders": "-2,122", "Diluted NI Available to Com Stockholders": "-2,122", "Basic EPS": "-", "Diluted EPS": "-", "Basic Average Shares": "-", "Diluted Average Shares": "-", "Total Operating Income as Reported": "-1,741", "Total Expenses": "11,372", "Net Income from Continuing & Discontinued Operation": "-2,122", "Normalized Income": "-2,122", "Interest Expense": "380.963", "Net Interest Income": "-380.963", "EBIT": "-1,741", "EBITDA": "-1,696", "Reconciled Cost of Revenue": "8,740", "Reconciled Depreciation": "45.303", "Net Income from Continuing Operation Net Minority Interest": "-2,122", "Total Unusual Items Excluding Goodwill": "-", "Total Unusual Items": "-", "Normalized EBITDA": "-1,696", "Tax Rate for Calcs": "0", "Tax Effect of Unusual Items": "0"}, "12/31/2019": {"Duration": "12/31/2019", "Total Revenue": "10,578", "Cost of Revenue": "9,674", "Gross Profit": "904.631", "Operating Expense": "2,762", "Operating Income": "-1,857", "Net Non Operating Interest Income Expense": "-304.449", "Other Income Expense": "-", "Pretax Income": "-2,162", "Tax Provision": "0", "Net Income Common Stockholders": "-2,162", "Diluted NI Available to Com Stockholders": "-2,162", "Basic EPS": "-0.62", "Diluted EPS": "-0.62", "Basic Average Shares": "3,507", "Diluted Average Shares": "3,507", "Total Operating Income as Reported": "-1,857", "Total Expenses": "12,436", "Net Income from Continuing & Discontinued Operation": "-2,162", "Normalized Income": "-2,162", "Interest Expense": "304.449", "Net Interest Income": "-304.449", "EBIT": "-1,857", "EBITDA": "-", "Reconciled Cost of Revenue": "9,674", "Reconciled Depreciation": "50.142", "Net Income from Continuing Operation Net Minority Interest": "-2,162", "Total Unusual Items Excluding Goodwill": "0", "Total Unusual Items": "0", "Normalized EBITDA": "-1,807", "Tax Rate for Calcs": "0", "Tax Effect of Unusual Items": "0"}, "12/31/2018": {"Duration": "12/31/2018", "Total Revenue": "13,902", "Cost of Revenue": "11,278", "Gross Profit": "2,624", "Operating Expense": "3,565", "Operating Income": "-941.015", "Net Non Operating Interest Income Expense": "-1,677", "Other Income Expense": "3", "Pretax Income": "-2,615", "Tax Provision": "0", "Net Income Common Stockholders": "-2,615", "Diluted NI Available to Com Stockholders": "-2,615", "Basic EPS": "-0.80", "Diluted EPS": "-0.80", "Basic Average Shares": "3,443", "Diluted Average Shares": "3,443", "Total Operating Income as Reported": "-941.015", "Total Expenses": "14,843", "Net Income from Continuing & Discontinued Operation": "-2,615", "Normalized Income": "-2,618", "Interest Expense": "1,677", "Net Interest Income": "-1,677", "EBIT": "-938.015", "EBITDA": "-", "Reconciled Cost of Revenue": "11,278", "Reconciled Depreciation": "80.036", "Net Income from Continuing Operation Net Minority Interest": "-2,615", "Total Unusual Items Excluding Goodwill": "3", "Total Unusual Items": "3", "Normalized EBITDA": "-860.979", "Tax Rate for Calcs": "0", "Tax Effect of Unusual Items": "0"}}, "bs": {"12/31/2019": {"Duration": "12/31/2019", "Total Assets": "3,456", "Total Liabilities Net Minority Interest": "9,713", "Total Equity Gross Minority Interest": "-6,257", "Total Capitalization": "-4,315", "Preferred Stock Equity": "0.029", "Common Stock Equity": "-6,244", "Capital Lease Obligations": "173.14", "Net Tangible Assets": "-6,244", "Working Capital": "-4,486", "Invested Capital": "-1,815", "Tangible Book Value": "-6,244", "Total Debt": "4,602", "Net Debt": "1,652", "Share Issued": "3,507", "Ordinary Shares Number": "3,507", "Preferred Shares Number": "-"}, "12/31/2018": {"Duration": "12/31/2018", "Total Assets": "2,226", "Total Liabilities Net Minority Interest": "7,141", "Total Equity Gross Minority Interest": "-4,915", "Total Capitalization": "-4,902", "Preferred Stock Equity": "0.577", "Common Stock Equity": "-4,903", "Capital Lease Obligations": "-", "Net Tangible Assets": "-4,902", "Working Capital": "-5,024", "Invested Capital": "-2,408", "Tangible Book Value": "-4,903", "Total Debt": "2,495", "Net Debt": "1,480", "Share Issued": "3,507", "Ordinary Shares Number": "3,507", "Preferred Shares Number": "-"}}, "cf": {"TTM": {"Duration": "TTM", "Operating Cash Flow": "-1,025", "Investing Cash Flow": "-0.53", "Financing Cash Flow": "2,822", "End Cash Position": "2,400", "Income Tax Paid Supplemental Data": "-", "Interest Paid Supplemental Data": "-", "Capital Expenditure": "-0.53", "Issuance of Debt": "2,848", "Free Cash Flow": "-1,026"}, "12/31/2019": {"Duration": "12/31/2019", "Operating Cash Flow": "-705.603", "Investing Cash Flow": "-6.014", "Financing Cash Flow": "2,475", "End Cash Position": "2,778", "Income Tax Paid Supplemental Data": "-", "Interest Paid Supplemental Data": "-", "Capital Expenditure": "-6.014", "Issuance of Debt": "2,500", "Free Cash Flow": "-711.617"}, "12/31/2018": {"Duration": "12/31/2018", "Operating Cash Flow": "-743.458", "Investing Cash Flow": "-11.421", "Financing Cash Flow": "-", "End Cash Position": "1,015", "Income Tax Paid Supplemental Data": "0", "Interest Paid Supplemental Data": "0", "Capital Expenditure": "-11.421", "Issuance of Debt": "-", "Free Cash Flow": "-754.879"}}}}, {"CIDM": {"quote": {"03/20/2021": {"value": "1.3500", "Market Cap": "224.038M", "Beta (5Y Monthly)": "1.71", "PE Ratio (TTM)": "N/A", "EPS (TTM)": "-0.6090", "Earnings Date": "Feb 22, 2021", "Forward Dividend & Yield": "N/A (N/A)", "Ex-Dividend Date": "N/A", "1y Target Est": "3.25"}}, "fin": {"TTM": {"Duration": "TTM", "Total Revenue": "30,889", "Cost of Revenue": "15,115", "Gross Profit": "15,774", "Operating Expense": "25,899", "Operating Income": "-10,125", "Net Non Operating Interest Income Expense": "-4,956", "Other Income Expense": "-45,535", "Pretax Income": "-60,616", "Tax Provision": "-78", "Net Income Common Stockholders": "-60,836", "Diluted NI Available to Com Stockholders": "-60,836", "Basic EPS": "-", "Diluted EPS": "-", "Basic Average Shares": "-", "Diluted Average Shares": "-", "Total Operating Income as Reported": "-10,125", "Total Expenses": "41,014", "Net Income from Continuing & Discontinued Operation": "-60,480", "Normalized Income": "-60,480", "Interest Income": "-", "Interest Expense": "4,977", "Net Interest Income": "-4,956", "EBIT": "-55,639", "EBITDA": "-47,933", "Reconciled Cost of Revenue": "15,115", "Reconciled Depreciation": "7,706", "Net Income from Continuing Operation Net Minority Interest": "-60,480", "Total Unusual Items Excluding Goodwill": "-", "Total Unusual Items": "-", "Normalized EBITDA": "-47,933", "Tax Rate for Calcs": "0", "Tax Effect of Unusual Items": "0"}, "3/31/2020": {"Duration": "3/31/2020", "Total Revenue": "39,291", "Cost of Revenue": "17,146", "Gross Profit": "22,145", "Operating Expense": "26,494", "Operating Income": "-4,349", "Net Non Operating Interest Income Expense": "-7,237", "Other Income Expense": "-2,825", "Pretax Income": "-14,411", "Tax Provision": "313", "Net Income Common Stockholders": "-15,090", "Diluted NI Available to Com Stockholders": "-15,090", "Basic EPS": "-0.34", "Diluted EPS": "-0.34", "Basic Average Shares": "44,005", "Diluted Average Shares": "44,005", "Total Operating Income as Reported": "-4,349", "Total Expenses": "43,640", "Net Income from Continuing & Discontinued Operation": "-14,734", "Normalized Income": "-14,734", "Interest Income": "21", "Interest Expense": "7,258", "Net Interest Income": "-7,237", "EBIT": "-7,153", "EBITDA": "-", "Reconciled Cost of Revenue": "17,146", "Reconciled Depreciation": "9,392", "Net Income from Continuing Operation Net Minority Interest": "-14,734", "Total Unusual Items Excluding Goodwill": "-", "Total Unusual Items": "-", "Normalized EBITDA": "2,239", "Tax Rate for Calcs": "0", "Tax Effect of Unusual Items": "0"}, "3/31/2019": {"Duration": "3/31/2019", "Total Revenue": "53,534", "Cost of Revenue": "16,120", "Gross Profit": "37,414", "Operating Expense": "43,032", "Operating Income": "-5,618", "Net Non Operating Interest Income Expense": "-10,256", "Other Income Expense": "-96", "Pretax Income": "-15,970", "Tax Provision": "295", "Net Income Common Stockholders": "-16,589", "Diluted NI Available to Com Stockholders": "-16,589", "Basic EPS": "-0.44", "Diluted EPS": "-0.44", "Basic Average Shares": "37,920", "Diluted Average Shares": "37,920", "Total Operating Income as Reported": "-5,618", "Total Expenses": "59,152", "Net Income from Continuing & Discontinued Operation": "-16,233", "Normalized Income": "-16,233", "Interest Income": "36", "Interest Expense": "10,292", "Net Interest Income": "-10,256", "EBIT": "-5,678", "EBITDA": "-", "Reconciled Cost of Revenue": "16,120", "Reconciled Depreciation": "13,751", "Net Income from Continuing Operation Net Minority Interest": "-16,233", "Total Unusual Items Excluding Goodwill": "-", "Total Unusual Items": "-", "Normalized EBITDA": "8,073", "Tax Rate for Calcs": "0", "Tax Effect of Unusual Items": "0"}, "3/31/2018": {"Duration": "3/31/2018", "Total Revenue": "67,683", "Cost of Revenue": "19,523", "Gross Profit": "48,160", "Operating Expense": "47,437", "Operating Income": "723", "Net Non Operating Interest Income Expense": "-18,697", "Other Income Expense": "-120", "Pretax Income": "-18,094", "Tax Provision": "401", "Net Income Common Stockholders": "-18,810", "Diluted NI Available to Com Stockholders": "-18,810", "Basic EPS": "-0.81", "Diluted EPS": "-0.81", "Basic Average Shares": "23,105", "Diluted Average Shares": "23,105", "Total Operating Income as Reported": "723", "Total Expenses": "66,960", "Net Income from Continuing & Discontinued Operation": "-18,454", "Normalized Income": "-18,569", "Interest Income": "57", "Interest Expense": "14,250", "Net Interest Income": "-18,697", "EBIT": "-3,844", "EBITDA": "-", "Reconciled Cost of Revenue": "19,523", "Reconciled Depreciation": "17,992", "Net Income from Continuing Operation Net Minority Interest": "-18,454", "Total Unusual Items Excluding Goodwill": "157", "Total Unusual Items": "157", "Normalized EBITDA": "13,991", "Tax Rate for Calcs": "0", "Tax Effect of Unusual Items": "42.39"}}, "bs": {"3/31/2020": {"Duration": "3/31/2020", "Total Assets": "110,440", "Total Liabilities Net Minority Interest": "129,727", "Total Equity Gross Minority Interest": "-19,287", "Total Capitalization": "-18,010", "Preferred Stock Equity": "3,559", "Common Stock Equity": "-21,569", "Capital Lease Obligations": "1,277", "Net Tangible Assets": "-33,635", "Working Capital": "-66,952", "Invested Capital": "27,122", "Tangible Book Value": "-37,194", "Total Debt": "49,968", "Net Debt": "34,397", "Share Issued": "63,251", "Ordinary Shares Number": "61,938", "Preferred Shares Number": "0.007", "Treasury Shares Number": "1,314"}, "3/31/2019": {"Duration": "3/31/2019", "Total Assets": "98,839", "Total Liabilities Net Minority Interest": "135,407", "Total Equity Gross Minority Interest": "-36,568", "Total Capitalization": "-16,149", "Preferred Stock Equity": "3,559", "Common Stock Equity": "-38,840", "Capital Lease Obligations": "-", "Net Tangible Assets": "-53,668", "Working Capital": "-48,834", "Invested Capital": "23,611", "Tangible Book Value": "-57,227", "Total Debt": "62,451", "Net Debt": "44,579", "Share Issued": "36,992", "Ordinary Shares Number": "35,679", "Preferred Shares Number": "0.007", "Treasury Shares Number": "1,314"}, "3/31/2018": {"Duration": "3/31/2018", "Total Assets": "121,182", "Total Liabilities Net Minority Interest": "143,486", "Total Equity Gross Minority Interest": "-22,304", "Total Capitalization": "41,956", "Preferred Stock Equity": "3,559", "Common Stock Equity": "-24,608", "Capital Lease Obligations": "0", "Net Tangible Assets": "-44,403", "Working Capital": "-2,165", "Invested Capital": "43,684", "Tangible Book Value": "-47,962", "Total Debt": "68,292", "Net Debt": "50,340", "Share Issued": "36,262", "Ordinary Shares Number": "34,948", "Preferred Shares Number": "0.007", "Treasury Shares Number": "1,314"}}, "cf": {"TTM": {"Duration": "TTM", "Operating Cash Flow": "-14,332", "Investing Cash Flow": "-980", "Financing Cash Flow": "27,045", "End Cash Position": "27,207", "Capital Expenditure": "-1,951", "Issuance of Capital Stock": "-", "Issuance of Debt": "37,301", "Repayment of Debt": "-46,445", "Repurchase of Capital Stock": "-", "Free Cash Flow": "-16,283"}, "3/31/2020": {"Duration": "3/31/2020", "Operating Cash Flow": "7,762", "Investing Cash Flow": "-1,247", "Financing Cash Flow": "-10,093", "End Cash Position": "15,294", "Capital Expenditure": "-1,247", "Issuance of Capital Stock": "-", "Issuance of Debt": "23,550", "Repayment of Debt": "-39,493", "Repurchase of Capital Stock": "-", "Free Cash Flow": "6,515"}, "3/31/2019": {"Duration": "3/31/2019", "Operating Cash Flow": "11,088", "Investing Cash Flow": "-1,970", "Financing Cash Flow": "-9,198", "End Cash Position": "18,872", "Capital Expenditure": "-1,970", "Issuance of Capital Stock": "0", "Issuance of Debt": "5,000", "Repayment of Debt": "-24,594", "Repurchase of Capital Stock": "0", "Free Cash Flow": "9,118"}, "3/31/2018": {"Duration": "3/31/2018", "Operating Cash Flow": "22,397", "Investing Cash Flow": "-931", "Financing Cash Flow": "-16,080", "End Cash Position": "17,952", "Capital Expenditure": "-931", "Issuance of Capital Stock": "28,031", "Issuance of Debt": "10,000", "Repayment of Debt": "-53,167", "Repurchase of Capital Stock": "-163", "Free Cash Flow": "21,466"}}}}, {"CBS": {"fin": {}, "bs": {}, "cf": {}}}, {"MSG": {"fin": {}, "bs": {}, "cf": {}}}, {"ENT": {"fin": {}, "bs": {}, "cf": {}}}, {"VIAB": {"fin": {}, "bs": {}, "cf": {}}}]