[{"DLTZ": {"quote": {"05/11/2021": {"value": "", "Net Assets": "N/A", "Beta (5Y Monthly)": "N/A", "Yield": "N/A", "5y Average Return": "N/A", "Holdings Turnover": "N/A", "Last Dividend": "N/A", "Average for Category": "N/A", "Inception Date": "N/A"}}, "fin": {}, "bs": {}, "cf": {}}}, {"FULO": {"quote": {"05/11/2021": {"value": "0.2600", "Market Cap": "4.332M", "Beta (5Y Monthly)": "2.78", "PE Ratio (TTM)": "4.33", "EPS (TTM)": "0.0600", "Earnings Date": "N/A", "Forward Dividend & Yield": "N/A (N/A)", "Ex-Dividend Date": "N/A", "1y Target Est": "N/A"}}, "fin": {"TTM": {"Duration": "TTM", "Total Revenue": "3,502", "Cost of Revenue": "502.504", "Gross Profit": "3,000", "Operating Expense": "2,270", "Operating Income": "730.135", "Net Non Operating Interest Income Expense": "0", "Other Income Expense": "3.154", "Pretax Income": "733.289", "Tax Provision": "-339.197", "Net Income Common Stockholders": "1,013", "Diluted NI Available to Com Stockholders": "1,013", "Basic EPS": "-", "Diluted EPS": "-", "Basic Average Shares": "-", "Diluted Average Shares": "-", "Total Operating Income as Reported": "730.135", "Total Expenses": "2,772", "Net Income from Continuing & Discontinued Operation": "1,072", "Normalized Income": "1,072", "Interest Expense": "0", "Net Interest Income": "0", "EBIT": "733.289", "EBITDA": "742.258", "Reconciled Cost of Revenue": "502.504", "Reconciled Depreciation": "8.969", "Net Income from Continuing Operation Net Minority Interest": "1,072", "Normalized EBITDA": "742.258", "Tax Rate for Calcs": "0", "Tax Effect of Unusual Items": "0"}, "12/31/2020": {"Duration": "12/31/2020", "Total Revenue": "3,502", "Cost of Revenue": "502.504", "Gross Profit": "3,000", "Operating Expense": "2,270", "Operating Income": "730.135", "Net Non Operating Interest Income Expense": "0", "Other Income Expense": "3.154", "Pretax Income": "733.289", "Tax Provision": "-339.197", "Net Income Common Stockholders": "1,013", "Diluted NI Available to Com Stockholders": "1,013", "Basic EPS": "-", "Diluted EPS": "-", "Basic Average Shares": "-", "Diluted Average Shares": "-", "Total Operating Income as Reported": "730.135", "Total Expenses": "2,772", "Net Income from Continuing & Discontinued Operation": "1,072", "Normalized Income": "1,072", "Interest Expense": "0", "Net Interest Income": "0", "EBIT": "733.289", "EBITDA": "-", "Reconciled Cost of Revenue": "502.504", "Reconciled Depreciation": "8.969", "Net Income from Continuing Operation Net Minority Interest": "1,072", "Normalized EBITDA": "742.258", "Tax Rate for Calcs": "0", "Tax Effect of Unusual Items": "0"}, "12/31/2019": {"Duration": "12/31/2019", "Total Revenue": "2,421", "Cost of Revenue": "320.609", "Gross Profit": "2,100", "Operating Expense": "1,898", "Operating Income": "202.084", "Net Non Operating Interest Income Expense": "-0.277", "Other Income Expense": "116.44", "Pretax Income": "318.247", "Tax Provision": "-", "Net Income Common Stockholders": "235.559", "Diluted NI Available to Com Stockholders": "235.559", "Basic EPS": "0.02", "Diluted EPS": "0.01", "Basic Average Shares": "14,276", "Diluted Average Shares": "16,780", "Total Operating Income as Reported": "202.084", "Total Expenses": "2,219", "Net Income from Continuing & Discontinued Operation": "317.29", "Normalized Income": "318.247", "Interest Expense": "0.277", "Net Interest Income": "-0.277", "EBIT": "318.524", "EBITDA": "-", "Reconciled Cost of Revenue": "320.609", "Reconciled Depreciation": "15.788", "Net Income from Continuing Operation Net Minority Interest": "318.247", "Normalized EBITDA": "334.312", "Tax Rate for Calcs": "0", "Tax Effect of Unusual Items": "0"}, "12/31/2018": {"Duration": "12/31/2018", "Total Revenue": "2,070", "Cost of Revenue": "247.679", "Gross Profit": "1,823", "Operating Expense": "1,838", "Operating Income": "-14.771", "Net Non Operating Interest Income Expense": "-1.849", "Other Income Expense": "116.23", "Pretax Income": "99.61", "Tax Provision": "-", "Net Income Common Stockholders": "246.909", "Diluted NI Available to Com Stockholders": "246.909", "Basic EPS": "0.02", "Diluted EPS": "0.01", "Basic Average Shares": "12,322", "Diluted Average Shares": "15,260", "Total Operating Income as Reported": "-14.771", "Total Expenses": "2,085", "Net Income from Continuing & Discontinued Operation": "267.083", "Normalized Income": "99.61", "Interest Expense": "1.849", "Net Interest Income": "-1.849", "EBIT": "101.459", "EBITDA": "-", "Reconciled Cost of Revenue": "247.679", "Reconciled Depreciation": "16.836", "Net Income from Continuing Operation Net Minority Interest": "99.61", "Normalized EBITDA": "118.295", "Tax Rate for Calcs": "0", "Tax Effect of Unusual Items": "0"}}, "bs": {"12/31/2020": {"Duration": "12/31/2020", "Total Assets": "2,401", "Total Liabilities Net Minority Interest": "1,899", "Total Equity Gross Minority Interest": "502.264", "Total Capitalization": "502.264", "Preferred Stock Equity": "353.505", "Common Stock Equity": "148.759", "Capital Lease Obligations": "514.682", "Net Tangible Assets": "476.106", "Working Capital": "-38.87", "Invested Capital": "148.759", "Tangible Book Value": "122.601", "Total Debt": "514.682", "Net Debt": "-", "Share Issued": "16,457", "Ordinary Shares Number": "16,457"}, "12/31/2019": {"Duration": "12/31/2019", "Total Assets": "1,327", "Total Liabilities Net Minority Interest": "1,654", "Total Equity Gross Minority Interest": "-326.488", "Total Capitalization": "-326.488", "Preferred Stock Equity": "554.516", "Common Stock Equity": "-881.004", "Capital Lease Obligations": "618.333", "Net Tangible Assets": "-344.738", "Working Capital": "-454.986", "Invested Capital": "-881.004", "Tangible Book Value": "-899.254", "Total Debt": "618.333", "Net Debt": "-", "Share Issued": "14,540", "Ordinary Shares Number": "14,540"}, "12/31/2018": {"Duration": "12/31/2018", "Total Assets": "346.357", "Total Liabilities Net Minority Interest": "1,080", "Total Equity Gross Minority Interest": "-733.261", "Total Capitalization": "-712.576", "Preferred Stock Equity": "638.849", "Common Stock Equity": "-1,372", "Capital Lease Obligations": "-", "Net Tangible Assets": "-746.24", "Working Capital": "-725.234", "Invested Capital": "-1,344", "Tangible Book Value": "-1,385", "Total Debt": "27.888", "Net Debt": "-", "Share Issued": "13,621", "Ordinary Shares Number": "13,621"}}, "cf": {"TTM": {"Duration": "TTM", "Operating Cash Flow": "988.097", "Investing Cash Flow": "-14.185", "Financing Cash Flow": "-178", "End Cash Position": "1,408", "Income Tax Paid Supplemental Data": "-", "Interest Paid Supplemental Data": "0", "Capital Expenditure": "-14.185", "Repayment of Debt": "-", "Repurchase of Capital Stock": "-178.4", "Free Cash Flow": "973.912"}, "12/31/2020": {"Duration": "12/31/2020", "Operating Cash Flow": "988.097", "Investing Cash Flow": "-14.185", "Financing Cash Flow": "-178", "End Cash Position": "1,408", "Income Tax Paid Supplemental Data": "-", "Interest Paid Supplemental Data": "0", "Capital Expenditure": "-14.185", "Repayment of Debt": "-", "Repurchase of Capital Stock": "-178.4", "Free Cash Flow": "973.912"}, "12/31/2019": {"Duration": "12/31/2019", "Operating Cash Flow": "426.38", "Investing Cash Flow": "-14.543", "Financing Cash Flow": "-46.148", "End Cash Position": "611.151", "Income Tax Paid Supplemental Data": "-", "Interest Paid Supplemental Data": "0.277", "Capital Expenditure": "-14.543", "Repayment of Debt": "-27.888", "Repurchase of Capital Stock": "-20.276", "Free Cash Flow": "411.837"}, "12/31/2018": {"Duration": "12/31/2018", "Operating Cash Flow": "127.327", "Investing Cash Flow": "210.682", "Financing Cash Flow": "-121.946", "End Cash Position": "245.462", "Income Tax Paid Supplemental Data": "-", "Interest Paid Supplemental Data": "1.9", "Capital Expenditure": "-7.471", "Repayment of Debt": "-5.354", "Repurchase of Capital Stock": "-", "Free Cash Flow": "119.856"}}}}, {"GAWK": {"quote": {"05/11/2021": {"value": "0.0052", "Market Cap": "26,156", "Beta (5Y Monthly)": "1.40", "PE Ratio (TTM)": "N/A", "EPS (TTM)": "-7.4280", "Earnings Date": "Oct 25, 2018 - Oct 26, 2018", "Forward Dividend & Yield": "N/A (N/A)", "Ex-Dividend Date": "N/A", "1y Target Est": "N/A"}}, "fin": {}, "bs": {}, "cf": {}}}, {"LOV": {"quote": {"05/11/2021": {"value": "6.29", "Market Cap": "173.554M", "Beta (5Y Monthly)": "2.01", "PE Ratio (TTM)": "N/A", "EPS (TTM)": "-1.79", "Earnings Date": "May 17, 2021", "Forward Dividend & Yield": "N/A (N/A)", "Ex-Dividend Date": "N/A", "1y Target Est": "10.14"}}, "fin": {"TTM": {"Duration": "TTM", "Total Revenue": "233,036", "Cost of Revenue": "142,459", "Gross Profit": "90,577", "Operating Expense": "72,520", "Operating Income": "18,057", "Net Non Operating Interest Income Expense": "-13,281", "Other Income Expense": "-46,395", "Pretax Income": "-41,619", "Tax Provision": "4,989", "Net Income Common Stockholders": "-46,608", "Diluted NI Available to Com Stockholders": "-46,608", "Basic EPS": "-", "Diluted EPS": "-", "Basic Average Shares": "-", "Diluted Average Shares": "-", "Total Operating Income as Reported": "-33,179", "Total Expenses": "214,979", "Net Income from Continuing & Discontinued Operation": "-46,608", "Normalized Income": "-11,959", "Interest Income": "74", "Interest Expense": "13,355", "Net Interest Income": "-13,281", "EBIT": "-28,264", "EBITDA": "-18,880", "Reconciled Cost of Revenue": "142,459", "Reconciled Depreciation": "9,384", "Net Income from Continuing Operation Net Minority Interest": "-46,608", "Total Unusual Items Excluding Goodwill": "-47,465", "Total Unusual Items": "-47,465", "Normalized EBITDA": "28,585", "Tax Rate for Calcs": "0", "Tax Effect of Unusual Items": "-12,816"}, "12/31/2020": {"Duration": "12/31/2020", "Total Revenue": "233,036", "Cost of Revenue": "142,459", "Gross Profit": "90,577", "Operating Expense": "72,520", "Operating Income": "18,057", "Net Non Operating Interest Income Expense": "-13,281", "Other Income Expense": "-46,395", "Pretax Income": "-41,619", "Tax Provision": "4,989", "Net Income Common Stockholders": "-46,608", "Diluted NI Available to Com Stockholders": "-46,608", "Basic EPS": "-", "Diluted EPS": "-", "Basic Average Shares": "-", "Diluted Average Shares": "-", "Total Operating Income as Reported": "-33,179", "Total Expenses": "214,979", "Net Income from Continuing & Discontinued Operation": "-46,608", "Normalized Income": "-11,959", "Interest Income": "74", "Interest Expense": "13,355", "Net Interest Income": "-13,281", "EBIT": "-28,264", "EBITDA": "-", "Reconciled Cost of Revenue": "142,459", "Reconciled Depreciation": "9,384", "Net Income from Continuing Operation Net Minority Interest": "-46,608", "Total Unusual Items Excluding Goodwill": "-47,465", "Total Unusual Items": "-47,465", "Normalized EBITDA": "28,585", "Tax Rate for Calcs": "0", "Tax Effect of Unusual Items": "-12,816"}, "12/31/2019": {"Duration": "12/31/2019", "Total Revenue": "167,064", "Cost of Revenue": "115,716", "Gross Profit": "51,348", "Operating Expense": "62,964", "Operating Income": "-11,616", "Net Non Operating Interest Income Expense": "-7,621", "Other Income Expense": "-1,782", "Pretax Income": "-21,019", "Tax Provision": "-4,021", "Net Income Common Stockholders": "-16,997", "Diluted NI Available to Com Stockholders": "-16,997", "Basic EPS": "-0.86", "Diluted EPS": "-0.86", "Basic Average Shares": "19,760", "Diluted Average Shares": "19,760", "Total Operating Income as Reported": "-10,993", "Total Expenses": "178,680", "Net Income from Continuing & Discontinued Operation": "-16,997", "Normalized Income": "-14,416", "Interest Income": "196.0301", "Interest Expense": "7,559", "Net Interest Income": "-7,621", "EBIT": "-13,460", "EBITDA": "-", "Reconciled Cost of Revenue": "109,686", "Reconciled Depreciation": "8,621", "Net Income from Continuing Operation Net Minority Interest": "-16,997", "Total Unusual Items Excluding Goodwill": "-3,192", "Total Unusual Items": "-3,192", "Normalized EBITDA": "-1,647", "Tax Rate for Calcs": "0", "Tax Effect of Unusual Items": "-610.7994"}, "12/31/2018": {"Duration": "12/31/2018", "Total Revenue": "119,596", "Cost of Revenue": "79,490", "Gross Profit": "40,106", "Operating Expense": "37,446", "Operating Income": "2,661", "Net Non Operating Interest Income Expense": "-652.0247", "Other Income Expense": "-4,246", "Pretax Income": "-2,237", "Tax Provision": "1,312", "Net Income Common Stockholders": "-3,550", "Diluted NI Available to Com Stockholders": "-3,550", "Basic EPS": "-0.27", "Diluted EPS": "-0.27", "Basic Average Shares": "12,983", "Diluted Average Shares": "12,983", "Total Operating Income as Reported": "-1,142", "Total Expenses": "116,935", "Net Income from Continuing & Discontinued Operation": "-3,550", "Normalized Income": "-449.8284", "Interest Income": "252.8026", "Interest Expense": "487.3027", "Net Interest Income": "-652.0247", "EBIT": "-1,750", "EBITDA": "-", "Reconciled Cost of Revenue": "76,757", "Reconciled Depreciation": "4,078", "Net Income from Continuing Operation Net Minority Interest": "-3,550", "Total Unusual Items Excluding Goodwill": "-4,246", "Total Unusual Items": "-4,246", "Normalized EBITDA": "6,574", "Tax Rate for Calcs": "0", "Tax Effect of Unusual Items": "-1,146"}}, "bs": {"12/31/2020": {"Duration": "12/31/2020", "Total Assets": "290,443", "Total Liabilities Net Minority Interest": "195,540", "Total Equity Gross Minority Interest": "94,903", "Total Capitalization": "175,012", "Common Stock Equity": "94,903", "Capital Lease Obligations": "6,582", "Net Tangible Assets": "-120,678", "Working Capital": "-65,617", "Invested Capital": "194,049", "Tangible Book Value": "-120,678", "Total Debt": "105,728", "Net Debt": "79,879", "Share Issued": "2,661", "Ordinary Shares Number": "2,606", "Treasury Shares Number": "55.697"}, "12/31/2019": {"Duration": "12/31/2019", "Total Assets": "371,944", "Total Liabilities Net Minority Interest": "212,745", "Total Equity Gross Minority Interest": "159,199", "Total Capitalization": "254,589", "Common Stock Equity": "159,199", "Capital Lease Obligations": "-", "Net Tangible Assets": "-153,175", "Working Capital": "-73,850", "Invested Capital": "266,555", "Tangible Book Value": "-153,175", "Total Debt": "107,356", "Net Debt": "90,050", "Share Issued": "2,661", "Ordinary Shares Number": "2,606", "Treasury Shares Number": "55.697"}, "12/31/2018": {"Duration": "12/31/2018", "Total Assets": "71,908", "Total Liabilities Net Minority Interest": "49,706", "Total Equity Gross Minority Interest": "22,202", "Total Capitalization": "31,782", "Common Stock Equity": "22,202", "Capital Lease Obligations": "-", "Net Tangible Assets": "-15,564", "Working Capital": "-18,003", "Invested Capital": "36,072", "Tangible Book Value": "-15,564", "Total Debt": "13,870", "Net Debt": "1,178", "Share Issued": "1,317", "Ordinary Shares Number": "1,299", "Treasury Shares Number": "18"}}, "cf": {"TTM": {"Duration": "TTM", "Operating Cash Flow": "18,950", "Investing Cash Flow": "-3,247", "Financing Cash Flow": "-10,677", "End Cash Position": "21,117", "Income Tax Paid Supplemental Data": "779", "Interest Paid Supplemental Data": "10,572", "Capital Expenditure": "-2,734", "Issuance of Capital Stock": "-", "Issuance of Debt": "4,634", "Repayment of Debt": "-15,311", "Free Cash Flow": "16,216"}, "12/31/2020": {"Duration": "12/31/2020", "Operating Cash Flow": "18,950", "Investing Cash Flow": "-3,247", "Financing Cash Flow": "-10,677", "End Cash Position": "21,117", "Income Tax Paid Supplemental Data": "779", "Interest Paid Supplemental Data": "10,572", "Capital Expenditure": "-2,734", "Issuance of Capital Stock": "-", "Issuance of Debt": "4,634", "Repayment of Debt": "-15,311", "Free Cash Flow": "16,216"}, "12/31/2019": {"Duration": "12/31/2019", "Operating Cash Flow": "9,672", "Investing Cash Flow": "-95,229", "Financing Cash Flow": "90,297", "End Cash Position": "17,307", "Income Tax Paid Supplemental Data": "-", "Interest Paid Supplemental Data": "-", "Capital Expenditure": "-4,441", "Issuance of Capital Stock": "-", "Issuance of Debt": "111,220", "Repayment of Debt": "-20,839", "Free Cash Flow": "5,230"}, "12/31/2018": {"Duration": "12/31/2018", "Operating Cash Flow": "9,674", "Investing Cash Flow": "-4,039", "Financing Cash Flow": "-2,641", "End Cash Position": "12,692", "Income Tax Paid Supplemental Data": "-", "Interest Paid Supplemental Data": "-", "Capital Expenditure": "-4,039", "Issuance of Capital Stock": "-", "Issuance of Debt": "17,307", "Repayment of Debt": "-10,331", "Free Cash Flow": "5,635"}}}}, {"TRUE": {"quote": {"05/11/2021": {"value": "4.4900", "Market Cap": "443.64M", "Beta (5Y Monthly)": "1.19", "PE Ratio (TTM)": "5.94", "EPS (TTM)": "0.7560", "Earnings Date": "Aug 04, 2021 - Aug 09, 2021", "Forward Dividend & Yield": "N/A (N/A)", "Ex-Dividend Date": "N/A", "1y Target Est": "6.89"}}, "fin": {"TTM": {"Duration": "TTM", "Total Revenue": "264,866", "Cost of Revenue": "20,832", "Gross Profit": "244,034", "Operating Expense": "260,567", "Operating Income": "-16,533", "Net Non Operating Interest Income Expense": "99", "Other Income Expense": "-1,113", "Pretax Income": "-17,547", "Tax Provision": "320", "Net Income Common Stockholders": "78,795", "Diluted NI Available to Com Stockholders": "78,795", "Basic EPS": "-", "Diluted EPS": "-", "Basic Average Shares": "-", "Diluted Average Shares": "-", "Total Operating Income as Reported": "-16,533", "Total Expenses": "281,399", "Net Income from Continuing & Discontinued Operation": "78,795", "Normalized Income": "-17,867", "Interest Income": "99", "Interest Expense": "-", "Net Interest Income": "99", "EBIT": "-26,126", "EBITDA": "-1,511", "Reconciled Cost of Revenue": "16,047", "Reconciled Depreciation": "24,615", "Net Income from Continuing Operation Net Minority Interest": "-17,867", "Total Unusual Items Excluding Goodwill": "0", "Total Unusual Items": "0", "Normalized EBITDA": "-1,511", "Tax Rate for Calcs": "0", "Tax Effect of Unusual Items": "0"}, "12/31/2020": {"Duration": "12/31/2020", "Total Revenue": "278,678", "Cost of Revenue": "21,549", "Gross Profit": "257,129", "Operating Expense": "267,381", "Operating Income": "-10,252", "Net Non Operating Interest Income Expense": "462", "Other Income Expense": "-10,055", "Pretax Income": "-19,845", "Tax Provision": "-6", "Net Income Common Stockholders": "76,544", "Diluted NI Available to Com Stockholders": "76,544", "Basic EPS": "-", "Diluted EPS": "-", "Basic Average Shares": "-", "Diluted Average Shares": "-", "Total Operating Income as Reported": "-18,516", "Total Expenses": "288,930", "Net Income from Continuing & Discontinued Operation": "76,544", "Normalized Income": "-11,577", "Interest Income": "462", "Interest Expense": "0", "Net Interest Income": "462", "EBIT": "-19,845", "EBITDA": "-", "Reconciled Cost of Revenue": "16,316", "Reconciled Depreciation": "25,780", "Net Income from Continuing Operation Net Minority Interest": "-19,839", "Total Unusual Items Excluding Goodwill": "-8,264", "Total Unusual Items": "-8,264", "Normalized EBITDA": "14,199", "Tax Rate for Calcs": "0", "Tax Effect of Unusual Items": "-2.4986"}, "12/31/2019": {"Duration": "12/31/2019", "Total Revenue": "353,880", "Cost of Revenue": "33,427", "Gross Profit": "320,453", "Operating Expense": "377,269", "Operating Income": "-56,816", "Net Non Operating Interest Income Expense": "3,495", "Other Income Expense": "-1,280", "Pretax Income": "-54,601", "Tax Provision": "289", "Net Income Common Stockholders": "-54,890", "Diluted NI Available to Com Stockholders": "-54,890", "Basic EPS": "-0.52", "Diluted EPS": "-0.52", "Basic Average Shares": "105,805", "Diluted Average Shares": "105,805", "Total Operating Income as Reported": "-56,816", "Total Expenses": "410,696", "Net Income from Continuing & Discontinued Operation": "-54,890", "Normalized Income": "-54,890", "Interest Income": "3,495", "Interest Expense": "0", "Net Interest Income": "3,495", "EBIT": "-54,601", "EBITDA": "-", "Reconciled Cost of Revenue": "27,452", "Reconciled Depreciation": "31,566", "Net Income from Continuing Operation Net Minority Interest": "-54,890", "Total Unusual Items Excluding Goodwill": "-", "Total Unusual Items": "-", "Normalized EBITDA": "-23,035", "Tax Rate for Calcs": "0", "Tax Effect of Unusual Items": "0"}, "12/31/2018": {"Duration": "12/31/2018", "Total Revenue": "353,571", "Cost of Revenue": "31,154", "Gross Profit": "322,417", "Operating Expense": "351,580", "Operating Income": "-29,163", "Net Non Operating Interest Income Expense": "665", "Other Income Expense": "-", "Pretax Income": "-28,498", "Tax Provision": "-177", "Net Income Common Stockholders": "-28,321", "Diluted NI Available to Com Stockholders": "-28,321", "Basic EPS": "-0.28", "Diluted EPS": "-0.28", "Basic Average Shares": "102,149", "Diluted Average Shares": "102,149", "Total Operating Income as Reported": "-29,163", "Total Expenses": "382,734", "Net Income from Continuing & Discontinued Operation": "-28,321", "Normalized Income": "-28,321", "Interest Income": "3,314", "Interest Expense": "2,649", "Net Interest Income": "665", "EBIT": "-25,849", "EBITDA": "-", "Reconciled Cost of Revenue": "31,170", "Reconciled Depreciation": "22,661", "Net Income from Continuing Operation Net Minority Interest": "-28,321", "Total Unusual Items Excluding Goodwill": "-", "Total Unusual Items": "-", "Normalized EBITDA": "-3,172", "Tax Rate for Calcs": "0", "Tax Effect of Unusual Items": "0"}}, "bs": {"12/31/2020": {"Duration": "12/31/2020", "Total Assets": "458,061", "Total Liabilities Net Minority Interest": "75,279", "Total Equity Gross Minority Interest": "382,782", "Total Capitalization": "382,782", "Common Stock Equity": "382,782", "Capital Lease Obligations": "36,745", "Net Tangible Assets": "324,977", "Working Capital": "282,061", "Invested Capital": "382,782", "Tangible Book Value": "324,977", "Total Debt": "36,745", "Share Issued": "99,691", "Ordinary Shares Number": "99,691"}, "12/31/2019": {"Duration": "12/31/2019", "Total Assets": "421,687", "Total Liabilities Net Minority Interest": "94,416", "Total Equity Gross Minority Interest": "327,271", "Total Capitalization": "327,271", "Common Stock Equity": "327,271", "Capital Lease Obligations": "43,002", "Net Tangible Assets": "236,700", "Working Capital": "185,571", "Invested Capital": "327,271", "Tangible Book Value": "236,700", "Total Debt": "43,002", "Share Issued": "106,866", "Ordinary Shares Number": "106,866"}, "12/31/2018": {"Duration": "12/31/2018", "Total Assets": "420,960", "Total Liabilities Net Minority Interest": "74,407", "Total Equity Gross Minority Interest": "346,553", "Total Capitalization": "346,553", "Common Stock Equity": "346,553", "Capital Lease Obligations": "22,987", "Net Tangible Assets": "249,791", "Working Capital": "213,897", "Invested Capital": "346,553", "Tangible Book Value": "249,791", "Total Debt": "22,987", "Share Issued": "104,338", "Ordinary Shares Number": "104,338"}}, "cf": {"TTM": {"Duration": "TTM", "Operating Cash Flow": "39,046", "Investing Cash Flow": "110,090", "Financing Cash Flow": "-57,418", "End Cash Position": "274,573", "Income Tax Paid Supplemental Data": "-", "Interest Paid Supplemental Data": "-", "Capital Expenditure": "-9,939", "Issuance of Capital Stock": "-", "Issuance of Debt": "-", "Repurchase of Capital Stock": "-50,650", "Free Cash Flow": "29,107"}, "12/31/2020": {"Duration": "12/31/2020", "Operating Cash Flow": "39,117", "Investing Cash Flow": "101,901", "Financing Cash Flow": "-49,238", "End Cash Position": "273,314", "Income Tax Paid Supplemental Data": "43", "Interest Paid Supplemental Data": "-", "Capital Expenditure": "-10,277", "Issuance of Capital Stock": "-", "Issuance of Debt": "-", "Repurchase of Capital Stock": "-42,821", "Free Cash Flow": "28,840"}, "12/31/2019": {"Duration": "12/31/2019", "Operating Cash Flow": "20,344", "Investing Cash Flow": "-34,458", "Financing Cash Flow": "-480", "End Cash Position": "181,534", "Income Tax Paid Supplemental Data": "78", "Interest Paid Supplemental Data": "0", "Capital Expenditure": "-11,284", "Issuance of Capital Stock": "0", "Issuance of Debt": "-", "Repurchase of Capital Stock": "-", "Free Cash Flow": "9,060"}, "12/31/2018": {"Duration": "12/31/2018", "Operating Cash Flow": "24,833", "Investing Cash Flow": "-43,190", "Financing Cash Flow": "16,723", "End Cash Position": "196,128", "Income Tax Paid Supplemental Data": "30", "Interest Paid Supplemental Data": "2,323", "Capital Expenditure": "-17,099", "Issuance of Capital Stock": "0", "Issuance of Debt": "0", "Repurchase of Capital Stock": "-", "Free Cash Flow": "7,734"}}}}, {"SIFY": {"quote": {"05/11/2021": {"value": "3.0700", "Market Cap": "550.215M", "Beta (5Y Monthly)": "1.40", "PE Ratio (TTM)": "0.79", "EPS (TTM)": "3.9000", "Earnings Date": "Jul 26, 2021 - Jul 30, 2021", "Forward Dividend & Yield": "N/A (N/A)", "Ex-Dividend Date": "May 24, 2019", "1y Target Est": "6.00"}}, "fin": {"TTM": {"Duration": "TTM", "Total Revenue": "22,785,421", "Cost of Revenue": "13,944,113", "Gross Profit": "8,841,308", "Operating Expense": "6,827,912", "Operating Income": "2,013,396", "Net Non Operating Interest Income Expense": "-913,878", "Other Income Expense": "85,000", "Pretax Income": "1,099,517", "Tax Provision": "372,818", "Net Income Common Stockholders": "726,699", "Diluted NI Available to Com Stockholders": "726,699", "Basic EPS": "-", "Diluted EPS": "-", "Basic Average Shares": "-", "Diluted Average Shares": "-", "Total Operating Income as Reported": "2,013,396", "Total Expenses": "20,772,025", "Net Income from Continuing & Discontinued Operation": "726,699", "Normalized Income": "726,699", "Interest Income": "41,579", "Interest Expense": "942,195", "Net Interest Income": "-913,878", "EBIT": "2,041,712", "EBITDA": "4,624,010", "Reconciled Cost of Revenue": "13,944,113", "Reconciled Depreciation": "2,582,298", "Net Income from Continuing Operation Net Minority Interest": "726,699", "Normalized EBITDA": "4,624,010", "Tax Rate for Calcs": "0", "Tax Effect of Unusual Items": "0"}, "3/31/2020": {"Duration": "3/31/2020", "Total Revenue": "22,952,067", "Cost of Revenue": "14,364,827", "Gross Profit": "8,587,240", "Operating Expense": "6,707,268", "Operating Income": "1,879,972", "Net Non Operating Interest Income Expense": "-860,255", "Other Income Expense": "94,000", "Pretax Income": "1,019,716", "Tax Provision": "314,339", "Net Income Common Stockholders": "705,377", "Diluted NI Available to Com Stockholders": "705,377", "Basic EPS": "3.94", "Diluted EPS": "3.94", "Basic Average Shares": "179,223", "Diluted Average Shares": "179,223", "Total Operating Income as Reported": "1,879,972", "Total Expenses": "21,072,095", "Net Income from Continuing & Discontinued Operation": "705,377", "Normalized Income": "705,377", "Interest Income": "32,094", "Interest Expense": "935,842", "Net Interest Income": "-860,255", "EBIT": "1,955,558", "EBITDA": "-", "Reconciled Cost of Revenue": "14,364,827", "Reconciled Depreciation": "2,290,777", "Net Income from Continuing Operation Net Minority Interest": "705,377", "Normalized EBITDA": "4,246,335", "Tax Rate for Calcs": "0", "Tax Effect of Unusual Items": "0"}, "3/31/2019": {"Duration": "3/31/2019", "Total Revenue": "21,546,885", "Cost of Revenue": "13,602,224", "Gross Profit": "7,944,661", "Operating Expense": "6,191,316", "Operating Income": "1,753,345", "Net Non Operating Interest Income Expense": "-682,030", "Other Income Expense": "165,000", "Pretax Income": "1,071,315", "Tax Provision": "2,612", "Net Income Common Stockholders": "1,068,703", "Diluted NI Available to Com Stockholders": "1,068,703", "Basic EPS": "5.97", "Diluted EPS": "5.97", "Basic Average Shares": "179,144", "Diluted Average Shares": "179,144", "Total Operating Income as Reported": "1,753,345", "Total Expenses": "19,793,540", "Net Income from Continuing & Discontinued Operation": "1,068,703", "Normalized Income": "1,068,703", "Interest Income": "26,025", "Interest Expense": "630,587", "Net Interest Income": "-682,030", "EBIT": "1,701,902", "EBITDA": "-", "Reconciled Cost of Revenue": "13,602,224", "Reconciled Depreciation": "1,533,912", "Net Income from Continuing Operation Net Minority Interest": "1,068,703", "Normalized EBITDA": "3,235,814", "Tax Rate for Calcs": "0", "Tax Effect of Unusual Items": "0"}}, "bs": {"3/31/2020": {"Duration": "3/31/2020", "Total Assets": "34,255,391", "Total Liabilities Net Minority Interest": "22,904,083", "Total Equity Gross Minority Interest": "11,351,308", "Total Capitalization": "15,092,413", "Common Stock Equity": "11,351,308", "Capital Lease Obligations": "1,826,209", "Net Tangible Assets": "10,671,616", "Working Capital": "142,563", "Invested Capital": "20,689,838", "Tangible Book Value": "10,671,616", "Total Debt": "11,164,739", "Net Debt": "7,020,050", "Share Issued": "179,223", "Ordinary Shares Number": "179,223"}, "3/31/2019": {"Duration": "3/31/2019", "Total Assets": "29,936,178", "Total Liabilities Net Minority Interest": "19,157,350", "Total Equity Gross Minority Interest": "10,778,828", "Total Capitalization": "14,107,372", "Common Stock Equity": "10,778,828", "Capital Lease Obligations": "96,879", "Net Tangible Assets": "10,202,309", "Working Capital": "2,671,491", "Invested Capital": "18,990,342", "Tangible Book Value": "10,202,309", "Total Debt": "8,308,393", "Net Debt": "6,276,596", "Share Issued": "179,144", "Ordinary Shares Number": "179,144"}}, "cf": {"TTM": {"Duration": "TTM", "Operating Cash Flow": "6,164,221", "Investing Cash Flow": "-3,144,524", "Financing Cash Flow": "66,994", "End Cash Position": "3,475,298", "Capital Expenditure": "-3,245,866", "Issuance of Capital Stock": "-753", "Issuance of Debt": "1,549,711", "Repayment of Debt": "-411,862", "Free Cash Flow": "2,918,355"}, "3/31/2020": {"Duration": "3/31/2020", "Operating Cash Flow": "5,042,818", "Investing Cash Flow": "-4,326,319", "Financing Cash Flow": "3,921", "End Cash Position": "1,415,291", "Capital Expenditure": "-4,501,573", "Issuance of Capital Stock": "0", "Issuance of Debt": "1,488,903", "Repayment of Debt": "-219,529", "Free Cash Flow": "541,245"}, "3/31/2019": {"Duration": "3/31/2019", "Operating Cash Flow": "1,441,380", "Investing Cash Flow": "-3,973,682", "Financing Cash Flow": "3,054,390", "End Cash Position": "694,772", "Capital Expenditure": "-3,968,848", "Issuance of Capital Stock": "935,448", "Issuance of Debt": "3,133,845", "Repayment of Debt": "-89,086", "Free Cash Flow": "-2,527,468"}}}}, {"IGEN": {"quote": {"05/11/2021": {"value": "0.0089", "Market Cap": "10.887M", "Beta (5Y Monthly)": "2.93", "PE Ratio (TTM)": "N/A", "EPS (TTM)": "-0.0050", "Earnings Date": "Aug 23, 2018 - Aug 24, 2018", "Forward Dividend & Yield": "N/A (N/A)", "Ex-Dividend Date": "N/A", "1y Target Est": "N/A"}}, "fin": {"TTM": {"Duration": "TTM", "Total Revenue": "368.007", "Cost of Revenue": "271.363", "Gross Profit": "96.644", "Operating Expense": "1,071", "Operating Income": "-974.434", "Net Non Operating Interest Income Expense": "-376.674", "Other Income Expense": "-1,288", "Pretax Income": "-2,639", "Tax Provision": "0", "Net Income Common Stockholders": "-3,555", "Diluted NI Available to Com Stockholders": "-3,555", "Basic EPS": "-", "Diluted EPS": "-", "Basic Average Shares": "-", "Diluted Average Shares": "-", "Total Operating Income as Reported": "-974.434", "Total Expenses": "1,342", "Net Income from Continuing & Discontinued Operation": "-2,639", "Normalized Income": "-1,351", "Interest Expense": "376.674", "Net Interest Income": "-376.674", "EBIT": "-2,263", "EBITDA": "-2,263", "Reconciled Cost of Revenue": "271.363", "Reconciled Depreciation": "0", "Net Income from Continuing Operation Net Minority Interest": "-2,639", "Total Unusual Items Excluding Goodwill": "-1,288", "Total Unusual Items": "-1,288", "Normalized EBITDA": "-974.434", "Tax Rate for Calcs": "0", "Tax Effect of Unusual Items": "0"}, "12/31/2020": {"Duration": "12/31/2020", "Total Revenue": "368.007", "Cost of Revenue": "271.363", "Gross Profit": "96.644", "Operating Expense": "1,071", "Operating Income": "-974.434", "Net Non Operating Interest Income Expense": "-376.674", "Other Income Expense": "-1,288", "Pretax Income": "-2,639", "Tax Provision": "0", "Net Income Common Stockholders": "-3,555", "Diluted NI Available to Com Stockholders": "-3,555", "Basic EPS": "-", "Diluted EPS": "-", "Basic Average Shares": "-", "Diluted Average Shares": "-", "Total Operating Income as Reported": "-974.434", "Total Expenses": "1,342", "Net Income from Continuing & Discontinued Operation": "-2,639", "Normalized Income": "-1,351", "Interest Expense": "376.674", "Net Interest Income": "-376.674", "EBIT": "-2,263", "EBITDA": "-", "Reconciled Cost of Revenue": "271.363", "Reconciled Depreciation": "-", "Net Income from Continuing Operation Net Minority Interest": "-2,639", "Total Unusual Items Excluding Goodwill": "-1,288", "Total Unusual Items": "-1,288", "Normalized EBITDA": "-974.434", "Tax Rate for Calcs": "0", "Tax Effect of Unusual Items": "0"}, "12/31/2019": {"Duration": "12/31/2019", "Total Revenue": "723.819", "Cost of Revenue": "428.031", "Gross Profit": "295.788", "Operating Expense": "1,102", "Operating Income": "-806.002", "Net Non Operating Interest Income Expense": "-222.701", "Other Income Expense": "549.63", "Pretax Income": "-479.073", "Tax Provision": "0", "Net Income Common Stockholders": "-581.16", "Diluted NI Available to Com Stockholders": "-581.16", "Basic EPS": "-0.01", "Diluted EPS": "-0.01", "Basic Average Shares": "68,619", "Diluted Average Shares": "68,619", "Total Operating Income as Reported": "-", "Total Expenses": "1,530", "Net Income from Continuing & Discontinued Operation": "-479.073", "Normalized Income": "-1,029", "Interest Expense": "222.701", "Net Interest Income": "-222.701", "EBIT": "-256.372", "EBITDA": "-", "Reconciled Cost of Revenue": "428.031", "Reconciled Depreciation": "0", "Net Income from Continuing Operation Net Minority Interest": "-479.073", "Total Unusual Items Excluding Goodwill": "549.63", "Total Unusual Items": "549.63", "Normalized EBITDA": "-806.002", "Tax Rate for Calcs": "0", "Tax Effect of Unusual Items": "0"}, "12/31/2018": {"Duration": "12/31/2018", "Total Revenue": "1,199", "Cost of Revenue": "646.424", "Gross Profit": "552.453", "Operating Expense": "1,693", "Operating Income": "-1,140", "Net Non Operating Interest Income Expense": "-165.24", "Other Income Expense": "162.513", "Pretax Income": "-1,143", "Tax Provision": "10", "Net Income Common Stockholders": "-1,153", "Diluted NI Available to Com Stockholders": "-1,153", "Basic EPS": "-0.02", "Diluted EPS": "-0.02", "Basic Average Shares": "54,728", "Diluted Average Shares": "54,728", "Total Operating Income as Reported": "-1,140", "Total Expenses": "2,339", "Net Income from Continuing & Discontinued Operation": "-1,153", "Normalized Income": "-1,272", "Interest Expense": "165.24", "Net Interest Income": "-165.24", "EBIT": "-977.84", "EBITDA": "-", "Reconciled Cost of Revenue": "646.424", "Reconciled Depreciation": "3.6", "Net Income from Continuing Operation Net Minority Interest": "-1,153", "Total Unusual Items Excluding Goodwill": "162.513", "Total Unusual Items": "162.513", "Normalized EBITDA": "-1,137", "Tax Rate for Calcs": "0", "Tax Effect of Unusual Items": "43.8785"}}, "bs": {"12/31/2020": {"Duration": "12/31/2020", "Total Assets": "587.525", "Total Liabilities Net Minority Interest": "1,459", "Total Equity Gross Minority Interest": "-871.11", "Total Capitalization": "-608.321", "Preferred Stock Equity": "52.907", "Common Stock Equity": "-924.017", "Net Tangible Assets": "-1,377", "Working Capital": "-1,072", "Invested Capital": "-640.705", "Tangible Book Value": "-1,430", "Total Debt": "283.312", "Net Debt": "256.581", "Share Issued": "1,192,192", "Ordinary Shares Number": "1,192,192"}, "12/31/2019": {"Duration": "12/31/2019", "Total Assets": "531.991", "Total Liabilities Net Minority Interest": "1,359", "Total Equity Gross Minority Interest": "-827.275", "Total Capitalization": "-827.275", "Preferred Stock Equity": "31.927", "Common Stock Equity": "-859.202", "Net Tangible Assets": "-1,333", "Working Capital": "-1,278", "Invested Capital": "-838.081", "Tangible Book Value": "-1,365", "Total Debt": "21.121", "Net Debt": "21.121", "Share Issued": "74,242", "Ordinary Shares Number": "74,242"}, "12/31/2018": {"Duration": "12/31/2018", "Total Assets": "651.575", "Total Liabilities Net Minority Interest": "1,535", "Total Equity Gross Minority Interest": "-883.408", "Total Capitalization": "-883.408", "Preferred Stock Equity": "-", "Common Stock Equity": "-883.408", "Net Tangible Assets": "-1,389", "Working Capital": "-1,214", "Invested Capital": "-883.408", "Tangible Book Value": "-1,389", "Total Debt": "-", "Net Debt": "-", "Share Issued": "66,715", "Ordinary Shares Number": "66,715"}}, "cf": {"TTM": {"Duration": "TTM", "Operating Cash Flow": "-874.261", "Investing Cash Flow": "0", "Financing Cash Flow": "900.992", "End Cash Position": "26.731", "Income Tax Paid Supplemental Data": "0", "Interest Paid Supplemental Data": "0", "Capital Expenditure": "-", "Issuance of Capital Stock": "506.043", "Issuance of Debt": "444.949", "Repayment of Debt": "-50", "Free Cash Flow": "-874.261"}, "12/31/2020": {"Duration": "12/31/2020", "Operating Cash Flow": "-874.261", "Investing Cash Flow": "-", "Financing Cash Flow": "900.992", "End Cash Position": "26.731", "Income Tax Paid Supplemental Data": "0", "Interest Paid Supplemental Data": "0", "Capital Expenditure": "-", "Issuance of Capital Stock": "506.043", "Issuance of Debt": "444.949", "Repayment of Debt": "-50", "Free Cash Flow": "-874.261"}, "12/31/2019": {"Duration": "12/31/2019", "Operating Cash Flow": "-657.573", "Investing Cash Flow": "0", "Financing Cash Flow": "600.75", "End Cash Position": "0", "Income Tax Paid Supplemental Data": "0", "Interest Paid Supplemental Data": "0", "Capital Expenditure": "-", "Issuance of Capital Stock": "310", "Issuance of Debt": "290.75", "Repayment of Debt": "0", "Free Cash Flow": "-657.573"}, "12/31/2018": {"Duration": "12/31/2018", "Operating Cash Flow": "-1,175", "Investing Cash Flow": "-0.747", "Financing Cash Flow": "1,143", "End Cash Position": "56.823", "Income Tax Paid Supplemental Data": "0", "Interest Paid Supplemental Data": "0", "Capital Expenditure": "-0.747", "Issuance of Capital Stock": "1,295", "Issuance of Debt": "0", "Repayment of Debt": "-151.58", "Free Cash Flow": "-1,176"}}}}, {"SHSP": {"quote": {"05/11/2021": {"value": "15.14", "Market Cap": "194.311M", "Beta (5Y Monthly)": "1.79", "PE Ratio (TTM)": "N/A", "EPS (TTM)": "-0.50", "Earnings Date": "May 13, 2021", "Forward Dividend & Yield": "N/A (N/A)", "Ex-Dividend Date": "Nov 18, 2014", "1y Target Est": "22.33"}}, "fin": {"TTM": {"Duration": "TTM", "Total Revenue": "29,288", "Cost of Revenue": "8,063", "Gross Profit": "21,225", "Operating Expense": "27,830", "Operating Income": "-6,605", "Other Income Expense": "-729.988", "Pretax Income": "-7,335", "Tax Provision": "-1,506", "Net Income Common Stockholders": "-5,829", "Diluted NI Available to Com Stockholders": "-5,829", "Basic EPS": "-", "Diluted EPS": "-", "Basic Average Shares": "-", "Diluted Average Shares": "-", "Total Operating Income as Reported": "-7,315", "Total Expenses": "35,893", "Net Income from Continuing & Discontinued Operation": "-5,829", "Normalized Income": "-5,268", "EBIT": "-6,605", "EBITDA": "-5,009", "Reconciled Cost of Revenue": "7,109", "Reconciled Depreciation": "1,596", "Net Income from Continuing Operation Net Minority Interest": "-5,829", "Total Unusual Items Excluding Goodwill": "-710", "Total Unusual Items": "-710", "Normalized EBITDA": "-4,299", "Tax Rate for Calcs": "0", "Tax Effect of Unusual Items": "-149.1"}, "12/31/2020": {"Duration": "12/31/2020", "Total Revenue": "29,288", "Cost of Revenue": "8,063", "Gross Profit": "21,225", "Operating Expense": "27,830", "Operating Income": "-6,605", "Other Income Expense": "-729.988", "Pretax Income": "-7,335", "Tax Provision": "-1,506", "Net Income Common Stockholders": "-5,829", "Diluted NI Available to Com Stockholders": "-5,829", "Basic EPS": "-", "Diluted EPS": "-", "Basic Average Shares": "-", "Diluted Average Shares": "-", "Total Operating Income as Reported": "-7,315", "Total Expenses": "35,893", "Net Income from Continuing & Discontinued Operation": "-5,829", "Normalized Income": "-5,268", "EBIT": "-6,605", "EBITDA": "-", "Reconciled Cost of Revenue": "7,109", "Reconciled Depreciation": "1,596", "Net Income from Continuing Operation Net Minority Interest": "-5,829", "Total Unusual Items Excluding Goodwill": "-710", "Total Unusual Items": "-710", "Normalized EBITDA": "-4,299", "Tax Rate for Calcs": "0", "Tax Effect of Unusual Items": "-149.1"}, "12/31/2019": {"Duration": "12/31/2019", "Total Revenue": "22,699", "Cost of Revenue": "7,142", "Gross Profit": "15,557", "Operating Expense": "25,820", "Operating Income": "-10,263", "Other Income Expense": "-2,096", "Pretax Income": "-12,359", "Tax Provision": "29.349", "Net Income Common Stockholders": "-12,388", "Diluted NI Available to Com Stockholders": "-12,388", "Basic EPS": "-1.20", "Diluted EPS": "-1.20", "Basic Average Shares": "10,324", "Diluted Average Shares": "10,324", "Total Operating Income as Reported": "-10,263", "Total Expenses": "32,962", "Net Income from Continuing & Discontinued Operation": "-12,388", "Normalized Income": "-12,602", "EBIT": "-10,263", "EBITDA": "-", "Reconciled Cost of Revenue": "6,513", "Reconciled Depreciation": "1,010", "Net Income from Continuing Operation Net Minority Interest": "-12,388", "Total Unusual Items Excluding Goodwill": "214.35", "Total Unusual Items": "214.35", "Normalized EBITDA": "-9,467", "Tax Rate for Calcs": "0", "Tax Effect of Unusual Items": "0"}, "12/31/2018": {"Duration": "12/31/2018", "Total Revenue": "18,652", "Cost of Revenue": "5,798", "Gross Profit": "12,853", "Operating Expense": "21,717", "Operating Income": "-8,864", "Other Income Expense": "-945.702", "Pretax Income": "-9,810", "Tax Provision": "-330.994", "Net Income Common Stockholders": "-9,479", "Diluted NI Available to Com Stockholders": "-9,479", "Basic EPS": "-1.11", "Diluted EPS": "-1.11", "Basic Average Shares": "8,512", "Diluted Average Shares": "8,512", "Total Operating Income as Reported": "-8,864", "Total Expenses": "27,516", "Net Income from Continuing & Discontinued Operation": "-9,479", "Normalized Income": "-9,091", "EBIT": "-8,864", "EBITDA": "-", "Reconciled Cost of Revenue": "5,366", "Reconciled Depreciation": "892.233", "Net Income from Continuing Operation Net Minority Interest": "-9,479", "Total Unusual Items Excluding Goodwill": "-400.22", "Total Unusual Items": "-400.22", "Normalized EBITDA": "-7,572", "Tax Rate for Calcs": "0", "Tax Effect of Unusual Items": "-12.0066"}}, "bs": {"12/31/2020": {"Duration": "12/31/2020", "Total Assets": "56,746", "Total Liabilities Net Minority Interest": "17,057", "Total Equity Gross Minority Interest": "39,689", "Total Capitalization": "40,457", "Common Stock Equity": "39,689", "Capital Lease Obligations": "8,497", "Net Tangible Assets": "25,423", "Working Capital": "22,810", "Invested Capital": "44,988", "Tangible Book Value": "25,423", "Total Debt": "13,796", "Share Issued": "12,819", "Ordinary Shares Number": "12,799", "Treasury Shares Number": "20"}, "12/31/2019": {"Duration": "12/31/2019", "Total Assets": "38,007", "Total Liabilities Net Minority Interest": "9,193", "Total Equity Gross Minority Interest": "28,813", "Total Capitalization": "28,813", "Common Stock Equity": "28,813", "Capital Lease Obligations": "5,347", "Net Tangible Assets": "13,233", "Working Capital": "10,382", "Invested Capital": "28,813", "Tangible Book Value": "13,233", "Total Debt": "5,347", "Share Issued": "11,537", "Ordinary Shares Number": "11,517", "Treasury Shares Number": "20"}, "12/31/2018": {"Duration": "12/31/2018", "Total Assets": "24,007", "Total Liabilities Net Minority Interest": "11,220", "Total Equity Gross Minority Interest": "12,788", "Total Capitalization": "21,130", "Common Stock Equity": "12,788", "Capital Lease Obligations": "-", "Net Tangible Assets": "2,055", "Working Capital": "8,686", "Invested Capital": "21,130", "Tangible Book Value": "2,055", "Total Debt": "8,342", "Share Issued": "8,639", "Ordinary Shares Number": "8,619", "Treasury Shares Number": "20"}}, "cf": {"TTM": {"Duration": "TTM", "Operating Cash Flow": "-2,847", "Investing Cash Flow": "-1,146", "Financing Cash Flow": "20,468", "End Cash Position": "28,268", "Income Tax Paid Supplemental Data": "11.439", "Interest Paid Supplemental Data": "26.85", "Capital Expenditure": "-1,146", "Issuance of Capital Stock": "13,942", "Issuance of Debt": "5,300", "Free Cash Flow": "-3,994"}, "12/31/2020": {"Duration": "12/31/2020", "Operating Cash Flow": "-2,847", "Investing Cash Flow": "-1,146", "Financing Cash Flow": "20,468", "End Cash Position": "28,268", "Income Tax Paid Supplemental Data": "-", "Interest Paid Supplemental Data": "26.85", "Capital Expenditure": "-1,146", "Issuance of Capital Stock": "13,942", "Issuance of Debt": "5,300", "Free Cash Flow": "-3,994"}, "12/31/2019": {"Duration": "12/31/2019", "Operating Cash Flow": "-8,027", "Investing Cash Flow": "-5,931", "Financing Cash Flow": "16,557", "End Cash Position": "11,882", "Income Tax Paid Supplemental Data": "11.013", "Interest Paid Supplemental Data": "-", "Capital Expenditure": "-1,365", "Issuance of Capital Stock": "15,588", "Issuance of Debt": "0", "Free Cash Flow": "-9,392"}, "12/31/2018": {"Duration": "12/31/2018", "Operating Cash Flow": "-3,625", "Investing Cash Flow": "-889.186", "Financing Cash Flow": "8,455", "End Cash Position": "9,321", "Income Tax Paid Supplemental Data": "-", "Interest Paid Supplemental Data": "-", "Capital Expenditure": "-893.886", "Issuance of Capital Stock": "-", "Issuance of Debt": "8,000", "Free Cash Flow": "-4,519"}}}}, {"WSCO": {"quote": {"05/11/2021": {"value": "0.1100", "Market Cap": "2.961M", "Beta (5Y Monthly)": "N/A", "PE Ratio (TTM)": "", "EPS (TTM)": "0.0000", "Earnings Date": "N/A", "Forward Dividend & Yield": "N/A (N/A)", "Ex-Dividend Date": "N/A", "1y Target Est": "N/A"}}, "fin": {"TTM": {"Duration": "TTM", "Total Revenue": "69", "Operating Expense": "61.021", "Operating Income": "8.604", "Net Non Operating Interest Income Expense": "-3.711", "Other Income Expense": "-", "Pretax Income": "4.893", "Net Income Common Stockholders": "4.893", "Diluted NI Available to Com Stockholders": "4.893", "Basic EPS": "-", "Diluted EPS": "-", "Basic Average Shares": "-", "Diluted Average Shares": "-", "Total Operating Income as Reported": "8.604", "Rent Expense Supplemental": "1.375", "Total Expenses": "60.396", "Net Income from Continuing & Discontinued Operation": "4.893", "Normalized Income": "4.893", "Interest Income": "-", "Interest Expense": "3.711", "Net Interest Income": "-3.711", "EBIT": "8.604", "EBITDA": "8.604", "Net Income from Continuing Operation Net Minority Interest": "4.893", "Total Unusual Items Excluding Goodwill": "-", "Total Unusual Items": "-", "Normalized EBITDA": "8.604", "Tax Rate for Calcs": "0", "Tax Effect of Unusual Items": "0"}, "9/30/2020": {"Duration": "9/30/2020", "Total Revenue": "79.5", "Operating Expense": "62.991", "Operating Income": "16.509", "Net Non Operating Interest Income Expense": "-3.705", "Other Income Expense": "-", "Pretax Income": "12.804", "Net Income Common Stockholders": "12.804", "Diluted NI Available to Com Stockholders": "12.804", "Basic EPS": "0.00", "Diluted EPS": "0.00", "Basic Average Shares": "26,922", "Diluted Average Shares": "26,922", "Total Operating Income as Reported": "16.509", "Rent Expense Supplemental": "1.375", "Total Expenses": "62.991", "Net Income from Continuing & Discontinued Operation": "12.804", "Normalized Income": "12.804", "Interest Income": "-", "Interest Expense": "3.705", "Net Interest Income": "-3.705", "EBIT": "16.509", "EBITDA": "-", "Net Income from Continuing Operation Net Minority Interest": "12.804", "Total Unusual Items Excluding Goodwill": "-", "Total Unusual Items": "-", "Normalized EBITDA": "16.509", "Tax Rate for Calcs": "0", "Tax Effect of Unusual Items": "0"}, "9/30/2019": {"Duration": "9/30/2019", "Total Revenue": "90.29", "Operating Expense": "62.606", "Operating Income": "27.684", "Net Non Operating Interest Income Expense": "-4.37", "Other Income Expense": "-", "Pretax Income": "23.314", "Net Income Common Stockholders": "23.314", "Diluted NI Available to Com Stockholders": "23.314", "Basic EPS": "0.00", "Diluted EPS": "0.00", "Basic Average Shares": "26,922", "Diluted Average Shares": "26,922", "Total Operating Income as Reported": "27.684", "Rent Expense Supplemental": "1.5", "Total Expenses": "62.606", "Net Income from Continuing & Discontinued Operation": "23.314", "Normalized Income": "23.314", "Interest Income": "-", "Interest Expense": "4.37", "Net Interest Income": "-4.37", "EBIT": "27.684", "EBITDA": "-", "Net Income from Continuing Operation Net Minority Interest": "23.314", "Total Unusual Items Excluding Goodwill": "-", "Total Unusual Items": "-", "Normalized EBITDA": "27.684", "Tax Rate for Calcs": "0", "Tax Effect of Unusual Items": "0"}, "9/30/2018": {"Duration": "9/30/2018", "Total Revenue": "56", "Operating Expense": "70.752", "Operating Income": "-14.752", "Net Non Operating Interest Income Expense": "-4.522", "Other Income Expense": "-", "Pretax Income": "-19.274", "Net Income Common Stockholders": "-19.274", "Diluted NI Available to Com Stockholders": "-19.274", "Basic EPS": "-0.00", "Diluted EPS": "-0.00", "Basic Average Shares": "26,922", "Diluted Average Shares": "26,922", "Total Operating Income as Reported": "-14.752", "Rent Expense Supplemental": "3.181", "Total Expenses": "70.752", "Net Income from Continuing & Discontinued Operation": "-19.274", "Normalized Income": "-19.274", "Interest Income": "-", "Interest Expense": "4.522", "Net Interest Income": "-4.522", "EBIT": "-14.752", "EBITDA": "-", "Net Income from Continuing Operation Net Minority Interest": "-19.274", "Total Unusual Items Excluding Goodwill": "-", "Total Unusual Items": "-", "Normalized EBITDA": "-14.752", "Tax Rate for Calcs": "0", "Tax Effect of Unusual Items": "0"}}, "bs": {"9/30/2020": {"Duration": "9/30/2020", "Total Assets": "14.962", "Total Liabilities Net Minority Interest": "96.941", "Total Equity Gross Minority Interest": "-81.979", "Total Capitalization": "-81.979", "Common Stock Equity": "-81.979", "Net Tangible Assets": "-81.979", "Working Capital": "-82.557", "Invested Capital": "9.521", "Tangible Book Value": "-81.979", "Total Debt": "91.5", "Net Debt": "82.116", "Share Issued": "26,922", "Ordinary Shares Number": "26,922"}, "9/30/2019": {"Duration": "9/30/2019", "Total Assets": "8.953", "Total Liabilities Net Minority Interest": "103.736", "Total Equity Gross Minority Interest": "-94.783", "Total Capitalization": "-94.783", "Common Stock Equity": "-94.783", "Net Tangible Assets": "-94.783", "Working Capital": "-95.361", "Invested Capital": "-4.783", "Tangible Book Value": "-94.783", "Total Debt": "90", "Net Debt": "81.625", "Share Issued": "26,922", "Ordinary Shares Number": "26,922"}, "9/30/2018": {"Duration": "9/30/2018", "Total Assets": "7.89", "Total Liabilities Net Minority Interest": "125.987", "Total Equity Gross Minority Interest": "-118.097", "Total Capitalization": "-118.097", "Common Stock Equity": "-118.097", "Net Tangible Assets": "-118.097", "Working Capital": "-118.675", "Invested Capital": "-4.807", "Tangible Book Value": "-118.097", "Total Debt": "113.29", "Net Debt": "108.478", "Share Issued": "26,922", "Ordinary Shares Number": "26,922"}}, "cf": {"TTM": {"Duration": "TTM", "Operating Cash Flow": "1.604", "Financing Cash Flow": "1.5", "End Cash Position": "5.021", "Income Tax Paid Supplemental Data": "0", "Interest Paid Supplemental Data": "10.295", "Issuance of Debt": "1.5", "Repayment of Debt": "0", "Free Cash Flow": "1.604"}, "9/30/2020": {"Duration": "9/30/2020", "Operating Cash Flow": "-0.491", "Financing Cash Flow": "1.5", "End Cash Position": "9.384", "Income Tax Paid Supplemental Data": "0", "Interest Paid Supplemental Data": "8.295", "Issuance of Debt": "1.5", "Repayment of Debt": "0", "Free Cash Flow": "-0.491"}, "9/30/2019": {"Duration": "9/30/2019", "Operating Cash Flow": "26.853", "Financing Cash Flow": "-23.29", "End Cash Position": "8.375", "Income Tax Paid Supplemental Data": "0", "Interest Paid Supplemental Data": "0", "Issuance of Debt": "0", "Repayment of Debt": "-23.29", "Free Cash Flow": "26.853"}, "9/30/2018": {"Duration": "9/30/2018", "Operating Cash Flow": "-7.748", "Financing Cash Flow": "8", "End Cash Position": "4.812", "Income Tax Paid Supplemental Data": "0", "Interest Paid Supplemental Data": "0", "Issuance of Debt": "8", "Repayment of Debt": "-", "Free Cash Flow": "-7.748"}}}}, {"ACAN": {"quote": {"05/11/2021": {"value": "1.1700", "Market Cap": "27.725M", "Beta (5Y Monthly)": "0.68", "PE Ratio (TTM)": "N/A", "EPS (TTM)": "-0.0950", "Earnings Date": "Feb 24, 2020", "Forward Dividend & Yield": "N/A (N/A)", "Ex-Dividend Date": "N/A", "1y Target Est": "N/A"}}, "fin": {"TTM": {"Duration": "TTM", "Total Revenue": "740.406", "Operating Expense": "2,447", "Operating Income": "-1,706", "Net Non Operating Interest Income Expense": "-523.197", "Other Income Expense": "-", "Pretax Income": "-2,230", "Net Income Common Stockholders": "-2,230", "Diluted NI Available to Com Stockholders": "-2,230", "Basic EPS": "-", "Diluted EPS": "-", "Basic Average Shares": "-", "Diluted Average Shares": "-", "Total Operating Income as Reported": "-1,706", "Total Expenses": "2,447", "Net Income from Continuing & Discontinued Operation": "-2,230", "Normalized Income": "-2,230", "Interest Income": "338.829", "Interest Expense": "862.026", "Net Interest Income": "-523.197", "EBIT": "-1,368", "EBITDA": "-849.605", "Reconciled Depreciation": "517.981", "Net Income from Continuing Operation Net Minority Interest": "-2,230", "Total Unusual Items Excluding Goodwill": "-", "Total Unusual Items": "-", "Normalized EBITDA": "-849.605", "Tax Rate for Calcs": "0", "Tax Effect of Unusual Items": "0"}, "9/30/2020": {"Duration": "9/30/2020", "Total Revenue": "503.512", "Operating Expense": "690.066", "Operating Income": "-186.554", "Net Non Operating Interest Income Expense": "-522.789", "Other Income Expense": "-", "Pretax Income": "-709.343", "Net Income Common Stockholders": "-709.343", "Diluted NI Available to Com Stockholders": "-709.343", "Basic EPS": "-0.03", "Diluted EPS": "-0.03", "Basic Average Shares": "23,505", "Diluted Average Shares": "23,505", "Total Operating Income as Reported": "-186.554", "Total Expenses": "690.066", "Net Income from Continuing & Discontinued Operation": "-709.343", "Normalized Income": "-709.343", "Interest Income": "333.681", "Interest Expense": "856.47", "Net Interest Income": "-522.789", "EBIT": "147.127", "EBITDA": "-", "Reconciled Depreciation": "513.731", "Net Income from Continuing Operation Net Minority Interest": "-709.343", "Total Unusual Items Excluding Goodwill": "0", "Total Unusual Items": "0", "Normalized EBITDA": "660.858", "Tax Rate for Calcs": "0", "Tax Effect of Unusual Items": "0"}, "9/30/2019": {"Duration": "9/30/2019", "Total Revenue": "11.564", "Operating Expense": "3,404", "Operating Income": "-3,392", "Net Non Operating Interest Income Expense": "-531.482", "Other Income Expense": "-980.14", "Pretax Income": "-4,904", "Net Income Common Stockholders": "-4,904", "Diluted NI Available to Com Stockholders": "-4,904", "Basic EPS": "-0.21", "Diluted EPS": "-0.21", "Basic Average Shares": "22,985", "Diluted Average Shares": "22,985", "Total Operating Income as Reported": "-3,392", "Total Expenses": "3,404", "Net Income from Continuing & Discontinued Operation": "-4,904", "Normalized Income": "-3,927", "Interest Income": "29.109", "Interest Expense": "560.591", "Net Interest Income": "-531.482", "EBIT": "-4,343", "EBITDA": "-", "Reconciled Depreciation": "1.152", "Net Income from Continuing Operation Net Minority Interest": "-4,904", "Total Unusual Items Excluding Goodwill": "-977.11", "Total Unusual Items": "-977.11", "Normalized EBITDA": "-3,365", "Tax Rate for Calcs": "0", "Tax Effect of Unusual Items": "0"}, "9/30/2018": {"Duration": "9/30/2018", "Total Revenue": "0", "Operating Expense": "2,029", "Operating Income": "-2,029", "Net Non Operating Interest Income Expense": "-2,400", "Other Income Expense": "-2.861", "Pretax Income": "-4,433", "Net Income Common Stockholders": "-4,433", "Diluted NI Available to Com Stockholders": "-4,433", "Basic EPS": "-0.22", "Diluted EPS": "-0.22", "Basic Average Shares": "20,067", "Diluted Average Shares": "20,067", "Total Operating Income as Reported": "-2,029", "Total Expenses": "2,029", "Net Income from Continuing & Discontinued Operation": "-4,433", "Normalized Income": "-4,433", "Interest Income": "45.028", "Interest Expense": "2,445", "Net Interest Income": "-2,400", "EBIT": "-1,987", "EBITDA": "-", "Reconciled Depreciation": "13.803", "Net Income from Continuing Operation Net Minority Interest": "-4,433", "Total Unusual Items Excluding Goodwill": "0", "Total Unusual Items": "0", "Normalized EBITDA": "-1,973", "Tax Rate for Calcs": "0", "Tax Effect of Unusual Items": "0"}}, "bs": {"9/30/2020": {"Duration": "9/30/2020", "Total Assets": "14,866", "Total Liabilities Net Minority Interest": "8,993", "Total Equity Gross Minority Interest": "5,873", "Total Capitalization": "10,033", "Common Stock Equity": "5,873", "Capital Lease Obligations": "4,248", "Net Tangible Assets": "5,873", "Working Capital": "-232.158", "Invested Capital": "10,184", "Tangible Book Value": "5,873", "Total Debt": "8,558", "Net Debt": "4,127", "Share Issued": "23,696", "Ordinary Shares Number": "23,696"}, "9/30/2019": {"Duration": "9/30/2019", "Total Assets": "11,766", "Total Liabilities Net Minority Interest": "5,655", "Total Equity Gross Minority Interest": "6,111", "Total Capitalization": "10,985", "Common Stock Equity": "6,111", "Capital Lease Obligations": "-", "Net Tangible Assets": "3,445", "Working Capital": "626.199", "Invested Capital": "11,370", "Tangible Book Value": "3,445", "Total Debt": "5,259", "Net Debt": "4,793", "Share Issued": "23,505", "Ordinary Shares Number": "23,505"}, "9/30/2018": {"Duration": "9/30/2018", "Total Assets": "9,457", "Total Liabilities Net Minority Interest": "2,627", "Total Equity Gross Minority Interest": "6,830", "Total Capitalization": "8,613", "Common Stock Equity": "6,830", "Capital Lease Obligations": "-", "Net Tangible Assets": "4,106", "Working Capital": "3,238", "Invested Capital": "9,134", "Tangible Book Value": "4,106", "Total Debt": "2,304", "Net Debt": "2,105", "Share Issued": "22,107", "Ordinary Shares Number": "22,107"}}, "cf": {"TTM": {"Duration": "TTM", "Operating Cash Flow": "879.458", "Investing Cash Flow": "-48.905", "Financing Cash Flow": "-760", "End Cash Position": "458.853", "Income Tax Paid Supplemental Data": "0", "Interest Paid Supplemental Data": "638.582", "Capital Expenditure": "-", "Issuance of Capital Stock": "-", "Issuance of Debt": "650", "Repayment of Debt": "-", "Free Cash Flow": "797.992"}, "9/30/2020": {"Duration": "9/30/2020", "Operating Cash Flow": "518.333", "Investing Cash Flow": "-357.236", "Financing Cash Flow": "-1,260", "End Cash Position": "193.159", "Income Tax Paid Supplemental Data": "0", "Interest Paid Supplemental Data": "594.088", "Capital Expenditure": "-386.487", "Issuance of Capital Stock": "0", "Issuance of Debt": "150", "Repayment of Debt": "-1,410", "Free Cash Flow": "131.846"}, "9/30/2019": {"Duration": "9/30/2019", "Operating Cash Flow": "-2,189", "Investing Cash Flow": "-5,862", "Financing Cash Flow": "5,326", "End Cash Position": "1,292", "Income Tax Paid Supplemental Data": "0", "Interest Paid Supplemental Data": "286.244", "Capital Expenditure": "-5,890", "Issuance of Capital Stock": "1,211", "Issuance of Debt": "3,910", "Repayment of Debt": "-271", "Free Cash Flow": "-8,078"}, "9/30/2018": {"Duration": "9/30/2018", "Operating Cash Flow": "-2,403", "Investing Cash Flow": "-712.702", "Financing Cash Flow": "7,131", "End Cash Position": "4,017", "Income Tax Paid Supplemental Data": "0", "Interest Paid Supplemental Data": "363.5", "Capital Expenditure": "-702.702", "Issuance of Capital Stock": "1,222", "Issuance of Debt": "2,536", "Repayment of Debt": "-460.677", "Free Cash Flow": "-3,106"}}}}, {"CRMZ": {"quote": {"05/11/2021": {"value": "2.6000", "Market Cap": "27.878M", "Beta (5Y Monthly)": "0.18", "PE Ratio (TTM)": "N/A", "EPS (TTM)": "-0.0040", "Earnings Date": "Nov 10, 2020", "Forward Dividend & Yield": "N/A (N/A)", "Ex-Dividend Date": "Nov 13, 2019", "1y Target Est": "N/A"}}, "fin": {"TTM": {"Duration": "TTM", "Total Revenue": "15,732", "Cost of Revenue": "6,026", "Gross Profit": "9,706", "Operating Expense": "9,944", "Operating Income": "-238.127", "Other Income Expense": "26.774", "Pretax Income": "-211.353", "Tax Provision": "-163.925", "Net Income Common Stockholders": "-47.428", "Diluted NI Available to Com Stockholders": "-47.428", "Basic EPS": "-", "Diluted EPS": "-", "Basic Average Shares": "-", "Diluted Average Shares": "-", "Total Operating Income as Reported": "-238.127", "Total Expenses": "15,970", "Net Income from Continuing & Discontinued Operation": "-47.428", "Normalized Income": "-47.428", "EBIT": "-238.127", "EBITDA": "-18.28", "Reconciled Cost of Revenue": "6,026", "Reconciled Depreciation": "219.847", "Net Income from Continuing Operation Net Minority Interest": "-47.428", "Total Unusual Items Excluding Goodwill": "-", "Total Unusual Items": "-", "Normalized EBITDA": "-18.28", "Tax Rate for Calcs": "0", "Tax Effect of Unusual Items": "0"}, "12/31/2020": {"Duration": "12/31/2020", "Total Revenue": "15,732", "Cost of Revenue": "6,026", "Gross Profit": "9,706", "Operating Expense": "9,944", "Operating Income": "-238.127", "Other Income Expense": "26.774", "Pretax Income": "-211.353", "Tax Provision": "-163.925", "Net Income Common Stockholders": "-47.428", "Diluted NI Available to Com Stockholders": "-47.428", "Basic EPS": "-", "Diluted EPS": "-", "Basic Average Shares": "-", "Diluted Average Shares": "-", "Total Operating Income as Reported": "-238.127", "Total Expenses": "15,970", "Net Income from Continuing & Discontinued Operation": "-47.428", "Normalized Income": "-47.428", "EBIT": "-238.127", "EBITDA": "-", "Reconciled Cost of Revenue": "6,026", "Reconciled Depreciation": "219.847", "Net Income from Continuing Operation Net Minority Interest": "-47.428", "Total Unusual Items Excluding Goodwill": "-", "Total Unusual Items": "-", "Normalized EBITDA": "-18.28", "Tax Rate for Calcs": "0", "Tax Effect of Unusual Items": "0"}, "12/31/2019": {"Duration": "12/31/2019", "Total Revenue": "14,501", "Cost of Revenue": "5,760", "Gross Profit": "8,742", "Operating Expense": "8,554", "Operating Income": "187.206", "Other Income Expense": "155.852", "Pretax Income": "343.058", "Tax Provision": "125.464", "Net Income Common Stockholders": "217.594", "Diluted NI Available to Com Stockholders": "217.594", "Basic EPS": "0.02", "Diluted EPS": "0.02", "Basic Average Shares": "10,880", "Diluted Average Shares": "10,880", "Total Operating Income as Reported": "187.206", "Total Expenses": "14,314", "Net Income from Continuing & Discontinued Operation": "217.594", "Normalized Income": "217.594", "EBIT": "187.206", "EBITDA": "-", "Reconciled Cost of Revenue": "5,760", "Reconciled Depreciation": "207.224", "Net Income from Continuing Operation Net Minority Interest": "217.594", "Total Unusual Items Excluding Goodwill": "-", "Total Unusual Items": "-", "Normalized EBITDA": "394.43", "Tax Rate for Calcs": "0", "Tax Effect of Unusual Items": "0"}, "12/31/2018": {"Duration": "12/31/2018", "Total Revenue": "13,891", "Cost of Revenue": "5,765", "Gross Profit": "8,126", "Operating Expense": "8,448", "Operating Income": "-321.306", "Other Income Expense": "129.111", "Pretax Income": "-192.195", "Tax Provision": "-12.863", "Net Income Common Stockholders": "-179.332", "Diluted NI Available to Com Stockholders": "-179.332", "Basic EPS": "-0.02", "Diluted EPS": "-0.02", "Basic Average Shares": "8,967", "Diluted Average Shares": "8,967", "Total Operating Income as Reported": "-321.306", "Total Expenses": "14,212", "Net Income from Continuing & Discontinued Operation": "-179.332", "Normalized Income": "-179.332", "EBIT": "-321.306", "EBITDA": "-", "Reconciled Cost of Revenue": "5,765", "Reconciled Depreciation": "190.156", "Net Income from Continuing Operation Net Minority Interest": "-179.332", "Total Unusual Items Excluding Goodwill": "-", "Total Unusual Items": "-", "Normalized EBITDA": "-131.15", "Tax Rate for Calcs": "0", "Tax Effect of Unusual Items": "0"}}, "bs": {"12/31/2020": {"Duration": "12/31/2020", "Total Assets": "18,693", "Total Liabilities Net Minority Interest": "15,991", "Total Equity Gross Minority Interest": "2,702", "Total Capitalization": "2,964", "Common Stock Equity": "2,702", "Capital Lease Obligations": "2,299", "Net Tangible Assets": "747.191", "Working Capital": "847.622", "Invested Capital": "4,263", "Tangible Book Value": "747.191", "Total Debt": "3,861", "Share Issued": "10,722", "Ordinary Shares Number": "10,722"}, "12/31/2019": {"Duration": "12/31/2019", "Total Assets": "15,963", "Total Liabilities Net Minority Interest": "13,268", "Total Equity Gross Minority Interest": "2,694", "Total Capitalization": "2,694", "Common Stock Equity": "2,694", "Capital Lease Obligations": "2,447", "Net Tangible Assets": "739.759", "Working Capital": "832.456", "Invested Capital": "2,694", "Tangible Book Value": "739.759", "Total Debt": "2,447", "Share Issued": "10,722", "Ordinary Shares Number": "10,722"}, "12/31/2018": {"Duration": "12/31/2018", "Total Assets": "13,617", "Total Liabilities Net Minority Interest": "10,659", "Total Equity Gross Minority Interest": "2,958", "Total Capitalization": "2,958", "Common Stock Equity": "2,958", "Capital Lease Obligations": "-", "Net Tangible Assets": "1,003", "Working Capital": "938.915", "Invested Capital": "2,958", "Tangible Book Value": "1,003", "Total Debt": "-", "Share Issued": "10,722", "Ordinary Shares Number": "10,722"}}, "cf": {"TTM": {"Duration": "TTM", "Operating Cash Flow": "1,212", "Investing Cash Flow": "-746.291", "Financing Cash Flow": "1,562", "End Cash Position": "10,303", "Income Tax Paid Supplemental Data": "66", "Capital Expenditure": "-287.549", "Issuance of Debt": "1,562", "Free Cash Flow": "924.138"}, "12/31/2020": {"Duration": "12/31/2020", "Operating Cash Flow": "1,212", "Investing Cash Flow": "-746.291", "Financing Cash Flow": "1,562", "End Cash Position": "10,303", "Income Tax Paid Supplemental Data": "66", "Capital Expenditure": "-287.549", "Issuance of Debt": "1,562", "Free Cash Flow": "924.138"}, "12/31/2019": {"Duration": "12/31/2019", "Operating Cash Flow": "886.492", "Investing Cash Flow": "-141.435", "Financing Cash Flow": "-536.12", "End Cash Position": "8,276", "Income Tax Paid Supplemental Data": "41.261", "Capital Expenditure": "-141.435", "Issuance of Debt": "-", "Free Cash Flow": "745.057"}, "12/31/2018": {"Duration": "12/31/2018", "Operating Cash Flow": "164.573", "Investing Cash Flow": "-296.702", "Financing Cash Flow": "-536.12", "End Cash Position": "8,067", "Income Tax Paid Supplemental Data": "-", "Capital Expenditure": "-296.702", "Issuance of Debt": "-", "Free Cash Flow": "-132.129"}}}}, {"HLTK": {"quote": {"05/11/2021": {"value": "", "Net Assets": "N/A", "Beta (5Y Monthly)": "N/A", "Yield": "N/A", "5y Average Return": "N/A", "Holdings Turnover": "N/A", "Last Dividend": "N/A", "Average for Category": "N/A", "Inception Date": "N/A"}}, "fin": {}, "bs": {}, "cf": {}}}, {"SYTE": {"quote": {"05/11/2021": {"value": "7.40", "Market Cap": "19.591M", "Beta (5Y Monthly)": "1.11", "PE Ratio (TTM)": "5.86", "EPS (TTM)": "1.26", "Earnings Date": "Nov 13, 2020", "Forward Dividend & Yield": "N/A (N/A)", "Ex-Dividend Date": "N/A", "1y Target Est": "N/A"}}, "fin": {"TTM": {"Duration": "TTM", "Total Revenue": "5,248", "Cost of Revenue": "648.218", "Gross Profit": "4,600", "Operating Expense": "1,618", "Operating Income": "2,981", "Net Non Operating Interest Income Expense": "-23.651", "Other Income Expense": "156.649", "Pretax Income": "3,114", "Tax Provision": "0", "Net Income Common Stockholders": "3,279", "Diluted NI Available to Com Stockholders": "3,279", "Basic EPS": "-", "Diluted EPS": "-", "Basic Average Shares": "-", "Diluted Average Shares": "-", "Total Operating Income as Reported": "2,981", "Total Expenses": "2,267", "Net Income from Continuing & Discontinued Operation": "3,279", "Normalized Income": "2,988", "Interest Expense": "23.651", "Net Interest Income": "-23.651", "EBIT": "3,138", "EBITDA": "3,158", "Reconciled Cost of Revenue": "648.218", "Reconciled Depreciation": "20.526", "Net Income from Continuing Operation Net Minority Interest": "3,114", "Total Unusual Items Excluding Goodwill": "125.839", "Total Unusual Items": "125.839", "Normalized EBITDA": "3,033", "Tax Rate for Calcs": "0", "Tax Effect of Unusual Items": "0"}, "12/31/2020": {"Duration": "12/31/2020", "Total Revenue": "5,248", "Cost of Revenue": "648.218", "Gross Profit": "4,600", "Operating Expense": "1,618", "Operating Income": "2,981", "Net Non Operating Interest Income Expense": "-23.651", "Other Income Expense": "156.649", "Pretax Income": "3,114", "Tax Provision": "0", "Net Income Common Stockholders": "3,279", "Diluted NI Available to Com Stockholders": "3,279", "Basic EPS": "-", "Diluted EPS": "-", "Basic Average Shares": "-", "Diluted Average Shares": "-", "Total Operating Income as Reported": "2,981", "Total Expenses": "2,267", "Net Income from Continuing & Discontinued Operation": "3,279", "Normalized Income": "2,988", "Interest Expense": "23.651", "Net Interest Income": "-23.651", "EBIT": "3,138", "EBITDA": "-", "Reconciled Cost of Revenue": "648.218", "Reconciled Depreciation": "20.526", "Net Income from Continuing Operation Net Minority Interest": "3,114", "Total Unusual Items Excluding Goodwill": "125.839", "Total Unusual Items": "125.839", "Normalized EBITDA": "3,033", "Tax Rate for Calcs": "0", "Tax Effect of Unusual Items": "0"}, "12/31/2019": {"Duration": "12/31/2019", "Total Revenue": "3,590", "Cost of Revenue": "816.113", "Gross Profit": "2,774", "Operating Expense": "2,072", "Operating Income": "701.319", "Net Non Operating Interest Income Expense": "-312.745", "Other Income Expense": "-4,257", "Pretax Income": "-3,868", "Tax Provision": "0", "Net Income Common Stockholders": "-5,379", "Diluted NI Available to Com Stockholders": "-5,379", "Basic EPS": "-2.11", "Diluted EPS": "-2.11", "Basic Average Shares": "2,545", "Diluted Average Shares": "2,615", "Total Operating Income as Reported": "701.319", "Total Expenses": "2,889", "Net Income from Continuing & Discontinued Operation": "-5,379", "Normalized Income": "396.679", "Interest Expense": "312.745", "Net Interest Income": "-312.745", "EBIT": "-3,555", "EBITDA": "-", "Reconciled Cost of Revenue": "816.113", "Reconciled Depreciation": "161.13", "Net Income from Continuing Operation Net Minority Interest": "-3,868", "Total Unusual Items Excluding Goodwill": "-4,265", "Total Unusual Items": "-4,265", "Normalized EBITDA": "870.554", "Tax Rate for Calcs": "0", "Tax Effect of Unusual Items": "0"}, "12/31/2018": {"Duration": "12/31/2018", "Total Revenue": "4,410", "Cost of Revenue": "2,983", "Gross Profit": "1,428", "Operating Expense": "3,559", "Operating Income": "-2,131", "Net Non Operating Interest Income Expense": "-552.206", "Other Income Expense": "-1,538", "Pretax Income": "-4,221", "Tax Provision": "0", "Net Income Common Stockholders": "-3,841", "Diluted NI Available to Com Stockholders": "-3,841", "Basic EPS": "-1.56", "Diluted EPS": "-1.56", "Basic Average Shares": "2,461", "Diluted Average Shares": "2,461", "Total Operating Income as Reported": "-2,131", "Total Expenses": "6,542", "Net Income from Continuing & Discontinued Operation": "-3,841", "Normalized Income": "-2,121", "Interest Expense": "552.206", "Net Interest Income": "-552.206", "EBIT": "-3,669", "EBITDA": "-", "Reconciled Cost of Revenue": "2,983", "Reconciled Depreciation": "348.304", "Net Income from Continuing Operation Net Minority Interest": "-3,841", "Total Unusual Items Excluding Goodwill": "-1,720", "Total Unusual Items": "-1,720", "Normalized EBITDA": "-1,601", "Tax Rate for Calcs": "0", "Tax Effect of Unusual Items": "0"}}, "bs": {"12/31/2020": {"Duration": "12/31/2020", "Total Assets": "14,857", "Total Liabilities Net Minority Interest": "813.769", "Total Equity Gross Minority Interest": "14,043", "Total Capitalization": "14,288", "Common Stock Equity": "14,043", "Capital Lease Obligations": "0", "Net Tangible Assets": "13,831", "Working Capital": "-38.725", "Invested Capital": "14,294", "Tangible Book Value": "13,831", "Total Debt": "250.094", "Net Debt": "-", "Share Issued": "2,602", "Ordinary Shares Number": "2,602", "Treasury Shares Number": "-"}, "12/31/2019": {"Duration": "12/31/2019", "Total Assets": "11,900", "Total Liabilities Net Minority Interest": "1,266", "Total Equity Gross Minority Interest": "10,634", "Total Capitalization": "11,134", "Common Stock Equity": "10,634", "Capital Lease Obligations": "46.435", "Net Tangible Assets": "10,422", "Working Capital": "-16.432", "Invested Capital": "11,145", "Tangible Book Value": "10,422", "Total Debt": "557.46", "Net Debt": "-", "Share Issued": "2,567", "Ordinary Shares Number": "2,567", "Treasury Shares Number": "0"}, "12/31/2018": {"Duration": "12/31/2018", "Total Assets": "24,519", "Total Liabilities Net Minority Interest": "8,604", "Total Equity Gross Minority Interest": "15,916", "Total Capitalization": "22,485", "Common Stock Equity": "15,916", "Capital Lease Obligations": "-", "Net Tangible Assets": "14,679", "Working Capital": "-1,092", "Invested Capital": "23,647", "Tangible Book Value": "14,679", "Total Debt": "7,731", "Net Debt": "7,272", "Share Issued": "2,625", "Ordinary Shares Number": "2,545", "Treasury Shares Number": "80.506"}}, "cf": {"TTM": {"Duration": "TTM", "Operating Cash Flow": "-674.751", "Investing Cash Flow": "484.04", "Financing Cash Flow": "-135.092", "End Cash Position": "341.007", "Interest Paid Supplemental Data": "22.914", "Capital Expenditure": "-", "Issuance of Capital Stock": "0", "Issuance of Debt": "125.839", "Repayment of Debt": "-260.931", "Free Cash Flow": "-674.751"}, "12/31/2020": {"Duration": "12/31/2020", "Operating Cash Flow": "-674.751", "Investing Cash Flow": "484.04", "Financing Cash Flow": "-135.092", "End Cash Position": "341.007", "Interest Paid Supplemental Data": "22.914", "Capital Expenditure": "-", "Issuance of Capital Stock": "-", "Issuance of Debt": "125.839", "Repayment of Debt": "-260.931", "Free Cash Flow": "-674.751"}, "12/31/2019": {"Duration": "12/31/2019", "Operating Cash Flow": "-1,336", "Investing Cash Flow": "2,422", "Financing Cash Flow": "-854.632", "End Cash Position": "666.81", "Interest Paid Supplemental Data": "-", "Capital Expenditure": "-", "Issuance of Capital Stock": "0", "Issuance of Debt": "300", "Repayment of Debt": "-1,122", "Free Cash Flow": "-1,336"}, "12/31/2018": {"Duration": "12/31/2018", "Operating Cash Flow": "-682.078", "Investing Cash Flow": "-3,441", "Financing Cash Flow": "1,286", "End Cash Position": "459.68", "Interest Paid Supplemental Data": "-", "Capital Expenditure": "-1,014", "Issuance of Capital Stock": "180.283", "Issuance of Debt": "1,876", "Repayment of Debt": "-770.439", "Free Cash Flow": "-1,696"}}}}]