[{"CLGX": {"quote": {"03/20/2021": {"value": "79.22", "Market Cap": "5.795B", "Beta (5Y Monthly)": "1.16", "PE Ratio (TTM)": "21.18", "EPS (TTM)": "3.74", "Earnings Date": "Apr 28, 2021 - May 03, 2021", "Forward Dividend & Yield": "1.32 (1.67%)", "Ex-Dividend Date": "Feb 26, 2021", "1y Target Est": "78.73"}}, "fin": {"TTM": {"Duration": "TTM", "Total Revenue": "1,642,375", "Cost of Revenue": "597,022", "Gross Profit": "1,045,353", "Operating Expense": "712,062", "Operating Income": "333,291", "Net Non Operating Interest Income Expense": "-69,176", "Other Income Expense": "39,842", "Pretax Income": "303,957", "Tax Provision": "41,566", "Earnings from Equity Interest Net of Tax": "1,859", "Net Income Common Stockholders": "301,355", "Diluted NI Available to Com Stockholders": "301,355", "Basic EPS": "-", "Diluted EPS": "-", "Basic Average Shares": "-", "Diluted Average Shares": "-", "Total Operating Income as Reported": "330,982", "Total Expenses": "1,309,084", "Net Income from Continuing & Discontinued Operation": "301,355", "Normalized Income": "229,866", "Interest Income": "724", "Interest Expense": "69,900", "Net Interest Income": "-69,176", "EBIT": "373,857", "EBITDA": "563,157", "Reconciled Cost of Revenue": "582,167", "Reconciled Depreciation": "189,300", "Net Income from Continuing Operation Net Minority Interest": "264,250", "Total Unusual Items Excluding Goodwill": "39,842", "Total Unusual Items": "39,842", "Normalized EBITDA": "523,315", "Tax Rate for Calcs": "0", "Tax Effect of Unusual Items": "5,458"}, "12/31/2020": {"Duration": "12/31/2020", "Total Revenue": "1,642,375", "Cost of Revenue": "597,022", "Gross Profit": "1,045,353", "Operating Expense": "712,062", "Operating Income": "333,291", "Net Non Operating Interest Income Expense": "-69,176", "Other Income Expense": "39,842", "Pretax Income": "303,957", "Tax Provision": "41,566", "Earnings from Equity Interest Net of Tax": "1,859", "Net Income Common Stockholders": "301,355", "Diluted NI Available to Com Stockholders": "301,355", "Basic EPS": "3.83", "Diluted EPS": "3.74", "Basic Average Shares": "78,542", "Diluted Average Shares": "80,495", "Total Operating Income as Reported": "330,982", "Total Expenses": "1,309,084", "Net Income from Continuing & Discontinued Operation": "301,355", "Normalized Income": "229,866", "Interest Income": "724", "Interest Expense": "69,900", "Net Interest Income": "-69,176", "EBIT": "373,857", "EBITDA": "-", "Reconciled Cost of Revenue": "582,167", "Reconciled Depreciation": "189,300", "Net Income from Continuing Operation Net Minority Interest": "264,250", "Total Unusual Items Excluding Goodwill": "39,842", "Total Unusual Items": "39,842", "Normalized EBITDA": "523,315", "Tax Rate for Calcs": "0", "Tax Effect of Unusual Items": "5,458"}, "12/31/2019": {"Duration": "12/31/2019", "Total Revenue": "1,762,235", "Cost of Revenue": "880,133", "Gross Profit": "882,102", "Operating Expense": "668,654", "Operating Income": "213,448", "Net Non Operating Interest Income Expense": "-76,157", "Other Income Expense": "-61,806", "Pretax Income": "75,485", "Tax Provision": "9,190", "Earnings from Equity Interest Net of Tax": "555", "Net Income Common Stockholders": "49,380", "Diluted NI Available to Com Stockholders": "49,380", "Basic EPS": "0.62", "Diluted EPS": "0.61", "Basic Average Shares": "79,885", "Diluted Average Shares": "81,021", "Total Operating Income as Reported": "165,536", "Total Expenses": "1,548,787", "Net Income from Continuing & Discontinued Operation": "49,380", "Normalized Income": "109,356", "Interest Income": "2,136", "Interest Expense": "78,293", "Net Interest Income": "-76,157", "EBIT": "153,778", "EBITDA": "-", "Reconciled Cost of Revenue": "864,732", "Reconciled Depreciation": "203,117", "Net Income from Continuing Operation Net Minority Interest": "66,850", "Total Unusual Items Excluding Goodwill": "-48,412", "Total Unusual Items": "-48,412", "Normalized EBITDA": "405,307", "Tax Rate for Calcs": "0", "Tax Effect of Unusual Items": "-5,906"}, "12/31/2018": {"Duration": "12/31/2018", "Total Revenue": "1,788,378", "Cost of Revenue": "921,429", "Gross Profit": "866,949", "Operating Expense": "644,331", "Operating Income": "222,618", "Net Non Operating Interest Income Expense": "-73,974", "Other Income Expense": "18,005", "Pretax Income": "166,649", "Tax Provision": "45,691", "Earnings from Equity Interest Net of Tax": "1,493", "Net Income Common Stockholders": "121,864", "Diluted NI Available to Com Stockholders": "121,864", "Basic EPS": "1.50", "Diluted EPS": "1.48", "Basic Average Shares": "80,854", "Diluted Average Shares": "82,275", "Total Operating Income as Reported": "222,618", "Total Expenses": "1,565,760", "Net Income from Continuing & Discontinued Operation": "121,864", "Normalized Income": "109,379", "Interest Income": "1,577", "Interest Expense": "75,551", "Net Interest Income": "-73,974", "EBIT": "242,200", "EBITDA": "-", "Reconciled Cost of Revenue": "921,429", "Reconciled Depreciation": "199,717", "Net Income from Continuing Operation Net Minority Interest": "122,451", "Total Unusual Items Excluding Goodwill": "18,005", "Total Unusual Items": "18,005", "Normalized EBITDA": "423,912", "Tax Rate for Calcs": "0", "Tax Effect of Unusual Items": "4,933"}}, "bs": {"12/31/2020": {"Duration": "12/31/2020", "Total Assets": "4,283,222", "Total Liabilities Net Minority Interest": "3,559,960", "Total Equity Gross Minority Interest": "723,262", "Total Capitalization": "2,547,659", "Common Stock Equity": "723,262", "Capital Lease Obligations": "121,618", "Net Tangible Assets": "-2,234,365", "Working Capital": "5,436", "Invested Capital": "2,588,409", "Tangible Book Value": "-2,234,365", "Total Debt": "1,986,765", "Net Debt": "1,697,725", "Share Issued": "73,152", "Ordinary Shares Number": "73,152"}, "12/31/2019": {"Duration": "12/31/2019", "Total Assets": "4,158,657", "Total Liabilities Net Minority Interest": "3,207,447", "Total Equity Gross Minority Interest": "951,210", "Total Capitalization": "2,561,748", "Common Stock Equity": "951,210", "Capital Lease Obligations": "103,197", "Net Tangible Assets": "-2,150,782", "Working Capital": "-209,765", "Invested Capital": "2,617,770", "Tangible Book Value": "-2,150,782", "Total Debt": "1,769,757", "Net Debt": "1,561,375", "Share Issued": "78,972", "Ordinary Shares Number": "78,972"}, "12/31/2018": {"Duration": "12/31/2018", "Total Assets": "4,168,990", "Total Liabilities Net Minority Interest": "3,168,492", "Total Equity Gross Minority Interest": "1,000,498", "Total Capitalization": "2,752,739", "Common Stock Equity": "1,000,498", "Capital Lease Obligations": "-", "Net Tangible Assets": "-2,183,910", "Working Capital": "-183,572", "Invested Capital": "2,779,674", "Tangible Book Value": "-2,183,910", "Total Debt": "1,779,176", "Net Debt": "1,693,905", "Share Issued": "80,092", "Ordinary Shares Number": "80,092"}}, "cf": {"TTM": {"Duration": "TTM", "Operating Cash Flow": "535,772", "Investing Cash Flow": "-65,719", "Financing Cash Flow": "-409,457", "End Cash Position": "177,833", "Income Tax Paid Supplemental Data": "75,446", "Interest Paid Supplemental Data": "64,048", "Capital Expenditure": "-99,110", "Issuance of Capital Stock": "11,256", "Issuance of Debt": "300,000", "Repayment of Debt": "-103,197", "Repurchase of Capital Stock": "-509,259", "Free Cash Flow": "436,662"}, "12/31/2020": {"Duration": "12/31/2020", "Operating Cash Flow": "535,772", "Investing Cash Flow": "-65,719", "Financing Cash Flow": "-409,457", "End Cash Position": "177,833", "Income Tax Paid Supplemental Data": "75,446", "Interest Paid Supplemental Data": "64,048", "Capital Expenditure": "-99,110", "Issuance of Capital Stock": "11,256", "Issuance of Debt": "300,000", "Repayment of Debt": "-103,197", "Repurchase of Capital Stock": "-509,259", "Free Cash Flow": "436,662"}, "12/31/2019": {"Duration": "12/31/2019", "Operating Cash Flow": "364,216", "Investing Cash Flow": "-135,829", "Financing Cash Flow": "-211,165", "End Cash Position": "115,702", "Income Tax Paid Supplemental Data": "15,682", "Interest Paid Supplemental Data": "71,436", "Capital Expenditure": "-131,591", "Issuance of Capital Stock": "10,149", "Issuance of Debt": "1,770,000", "Repayment of Debt": "-1,883,955", "Repurchase of Capital Stock": "-86,675", "Free Cash Flow": "232,625"}, "12/31/2018": {"Duration": "12/31/2018", "Operating Cash Flow": "355,113", "Investing Cash Flow": "-308,866", "Financing Cash Flow": "-82,726", "End Cash Position": "98,250", "Income Tax Paid Supplemental Data": "26,780", "Interest Paid Supplemental Data": "68,539", "Capital Expenditure": "-97,379", "Issuance of Capital Stock": "21,140", "Issuance of Debt": "191,291", "Repayment of Debt": "-173,236", "Repurchase of Capital Stock": "-109,063", "Free Cash Flow": "257,734"}}}}, {"MSCI": {"quote": {"05/11/2021": {"value": "472.94", "Market Cap": "38.981B", "Beta (5Y Monthly)": "0.96", "PE Ratio (TTM)": "61.05", "EPS (TTM)": "7.75", "Earnings Date": "Jul 26, 2021 - Jul 30, 2021", "Forward Dividend & Yield": "3.12 (0.65%)", "Ex-Dividend Date": "May 13, 2021", "1y Target Est": "519.13"}}, "fin": {"TTM": {"Duration": "TTM", "Total Revenue": "1,757,033", "Cost of Revenue": "302,875", "Gross Profit": "1,454,158", "Operating Expense": "522,903", "Operating Income": "931,255", "Net Non Operating Interest Income Expense": "-151,744", "Other Income Expense": "-40,107", "Pretax Income": "739,404", "Tax Provision": "88,888", "Net Income Common Stockholders": "650,516", "Diluted NI Available to Com Stockholders": "650,516", "Basic EPS": "-", "Diluted EPS": "-", "Basic Average Shares": "-", "Diluted Average Shares": "-", "Total Operating Income as Reported": "931,255", "Total Expenses": "825,778", "Net Income from Continuing & Discontinued Operation": "650,516", "Normalized Income": "650,516", "Interest Income": "1,933", "Interest Expense": "153,677", "Net Interest Income": "-151,744", "EBIT": "893,081", "EBITDA": "1,004,883", "Reconciled Cost of Revenue": "278,687", "Reconciled Depreciation": "111,802", "Net Income from Continuing Operation Net Minority Interest": "650,516", "Total Unusual Items Excluding Goodwill": "-", "Total Unusual Items": "-", "Normalized EBITDA": "1,004,883", "Tax Rate for Calcs": "0", "Tax Effect of Unusual Items": "0"}, "12/31/2020": {"Duration": "12/31/2020", "Total Revenue": "1,695,390", "Cost of Revenue": "291,704", "Gross Profit": "1,403,686", "Operating Expense": "518,922", "Operating Income": "884,764", "Net Non Operating Interest Income Expense": "-151,294", "Other Income Expense": "-47,245", "Pretax Income": "686,225", "Tax Provision": "84,403", "Net Income Common Stockholders": "601,822", "Diluted NI Available to Com Stockholders": "601,822", "Basic EPS": "7.19", "Diluted EPS": "7.12", "Basic Average Shares": "83,716", "Diluted Average Shares": "84,517", "Total Operating Income as Reported": "884,764", "Total Expenses": "810,626", "Net Income from Continuing & Discontinued Operation": "601,822", "Normalized Income": "601,822", "Interest Income": "5,030", "Interest Expense": "156,324", "Net Interest Income": "-151,294", "EBIT": "842,549", "EBITDA": "-", "Reconciled Cost of Revenue": "267,655", "Reconciled Depreciation": "110,795", "Net Income from Continuing Operation Net Minority Interest": "601,822", "Total Unusual Items Excluding Goodwill": "-", "Total Unusual Items": "-", "Normalized EBITDA": "953,344", "Tax Rate for Calcs": "0", "Tax Effect of Unusual Items": "0"}, "12/31/2019": {"Duration": "12/31/2019", "Total Revenue": "1,557,796", "Cost of Revenue": "294,961", "Gross Profit": "1,262,835", "Operating Expense": "507,134", "Operating Income": "755,701", "Net Non Operating Interest Income Expense": "-131,638", "Other Income Expense": "-20,745", "Pretax Income": "603,318", "Tax Provision": "39,670", "Net Income Common Stockholders": "563,648", "Diluted NI Available to Com Stockholders": "563,648", "Basic EPS": "6.66", "Diluted EPS": "6.59", "Basic Average Shares": "84,644", "Diluted Average Shares": "85,536", "Total Operating Income as Reported": "755,701", "Total Expenses": "802,095", "Net Income from Continuing & Discontinued Operation": "563,648", "Normalized Income": "563,648", "Interest Income": "16,403", "Interest Expense": "148,041", "Net Interest Income": "-131,638", "EBIT": "751,359", "EBITDA": "-", "Reconciled Cost of Revenue": "294,961", "Reconciled Depreciation": "79,409", "Net Income from Continuing Operation Net Minority Interest": "563,648", "Total Unusual Items Excluding Goodwill": "-", "Total Unusual Items": "-", "Normalized EBITDA": "830,768", "Tax Rate for Calcs": "0", "Tax Effect of Unusual Items": "0"}, "12/31/2018": {"Duration": "12/31/2018", "Total Revenue": "1,433,984", "Cost of Revenue": "287,335", "Gross Profit": "1,146,649", "Operating Expense": "459,751", "Operating Income": "686,898", "Net Non Operating Interest Income Expense": "-113,445", "Other Income Expense": "56,443", "Pretax Income": "629,896", "Tax Provision": "122,011", "Net Income Common Stockholders": "507,885", "Diluted NI Available to Com Stockholders": "507,885", "Basic EPS": "5.83", "Diluted EPS": "5.66", "Basic Average Shares": "87,179", "Diluted Average Shares": "89,701", "Total Operating Income as Reported": "686,898", "Total Expenses": "747,086", "Net Income from Continuing & Discontinued Operation": "507,885", "Normalized Income": "507,885", "Interest Income": "19,669", "Interest Expense": "133,114", "Net Interest Income": "-113,445", "EBIT": "763,010", "EBITDA": "-", "Reconciled Cost of Revenue": "287,335", "Reconciled Depreciation": "85,535", "Net Income from Continuing Operation Net Minority Interest": "507,885", "Total Unusual Items Excluding Goodwill": "-", "Total Unusual Items": "-", "Normalized EBITDA": "848,545", "Tax Rate for Calcs": "0", "Tax Effect of Unusual Items": "0"}, "12/31/2017": {"Duration": "12/31/2017", "Total Revenue": "1,274,172", "Cost of Revenue": "273,913", "Gross Profit": "1,000,259", "Operating Expense": "421,071", "Operating Income": "579,188", "Net Non Operating Interest Income Expense": "-109,784", "Other Income Expense": "-2,505", "Pretax Income": "466,899", "Tax Provision": "162,927", "Net Income Common Stockholders": "303,972", "Diluted NI Available to Com Stockholders": "303,972", "Basic EPS": "3.36", "Diluted EPS": "3.31", "Basic Average Shares": "90,336", "Diluted Average Shares": "91,914", "Total Operating Income as Reported": "579,188", "Total Expenses": "694,984", "Net Income from Continuing & Discontinued Operation": "303,972", "Normalized Income": "303,972", "Interest Income": "6,314", "Interest Expense": "116,098", "Net Interest Income": "-109,784", "EBIT": "582,997", "EBITDA": "-", "Reconciled Cost of Revenue": "273,913", "Reconciled Depreciation": "79,987", "Net Income from Continuing Operation Net Minority Interest": "303,972", "Total Unusual Items Excluding Goodwill": "-", "Total Unusual Items": "-", "Normalized EBITDA": "662,984", "Tax Rate for Calcs": "0", "Tax Effect of Unusual Items": "0"}, "12/31/2016": {"Duration": "12/31/2016", "Total Revenue": "1,150,669", "Cost of Revenue": "252,107", "Gross Profit": "898,562", "Operating Expense": "410,458", "Operating Income": "488,104", "Net Non Operating Interest Income Expense": "-98,745", "Other Income Expense": "-3,421", "Pretax Income": "385,938", "Tax Provision": "125,083", "Net Income Common Stockholders": "260,855", "Diluted NI Available to Com Stockholders": "260,855", "Basic EPS": "2.72", "Diluted EPS": "2.70", "Basic Average Shares": "95,986", "Diluted Average Shares": "96,540", "Total Operating Income as Reported": "488,104", "Total Expenses": "662,565", "Net Income from Continuing & Discontinued Operation": "260,855", "Normalized Income": "260,855", "Interest Income": "2,906", "Interest Expense": "101,651", "Net Interest Income": "-98,745", "EBIT": "487,589", "EBITDA": "-", "Reconciled Cost of Revenue": "252,107", "Reconciled Depreciation": "81,353", "Net Income from Continuing Operation Net Minority Interest": "260,855", "Total Unusual Items Excluding Goodwill": "-", "Total Unusual Items": "-", "Normalized EBITDA": "568,942", "Tax Rate for Calcs": "0", "Tax Effect of Unusual Items": "0"}, "12/31/2015": {"Duration": "12/31/2015", "Total Revenue": "1,075,013", "Cost of Revenue": "267,695", "Gross Profit": "807,318", "Operating Expense": "403,420", "Operating Income": "403,898", "Net Non Operating Interest Income Expense": "-61,221", "Other Income Expense": "6,877", "Pretax Income": "349,554", "Tax Provision": "119,516", "Net Income Common Stockholders": "223,648", "Diluted NI Available to Com Stockholders": "223,648", "Basic EPS": "2.05", "Diluted EPS": "2.03", "Basic Average Shares": "109,124", "Diluted Average Shares": "109,926", "Total Operating Income as Reported": "403,898", "Total Expenses": "671,115", "Net Income from Continuing & Discontinued Operation": "223,648", "Normalized Income": "230,038", "Interest Income": "1,166", "Interest Expense": "62,387", "Net Interest Income": "-61,221", "EBIT": "411,941", "EBITDA": "-", "Reconciled Cost of Revenue": "267,695", "Reconciled Depreciation": "77,799", "Net Income from Continuing Operation Net Minority Interest": "230,038", "Total Unusual Items Excluding Goodwill": "-", "Total Unusual Items": "-", "Normalized EBITDA": "489,740", "Tax Rate for Calcs": "0", "Tax Effect of Unusual Items": "0"}, "12/31/2014": {"Duration": "12/31/2014", "Total Revenue": "996,680", "Cost of Revenue": "308,574", "Gross Profit": "688,106", "Operating Expense": "350,940", "Operating Income": "337,166", "Net Non Operating Interest Income Expense": "-30,969", "Other Income Expense": "2,141", "Pretax Income": "308,338", "Tax Provision": "109,396", "Net Income Common Stockholders": "283,745", "Diluted NI Available to Com Stockholders": "283,745", "Basic EPS": "2.45", "Diluted EPS": "2.43", "Basic Average Shares": "115,737", "Diluted Average Shares": "116,706", "Total Operating Income as Reported": "337,166", "Total Expenses": "659,514", "Net Income from Continuing & Discontinued Operation": "284,113", "Normalized Income": "198,942", "Interest Income": "851", "Interest Expense": "31,820", "Net Interest Income": "-30,969", "EBIT": "340,158", "EBITDA": "-", "Reconciled Cost of Revenue": "305,615", "Reconciled Depreciation": "74,547", "Net Income from Continuing Operation Net Minority Interest": "198,942", "Total Unusual Items Excluding Goodwill": "0", "Total Unusual Items": "0", "Normalized EBITDA": "414,705", "Tax Rate for Calcs": "0", "Tax Effect of Unusual Items": "0"}, "12/31/2013": {"Duration": "12/31/2013", "Total Revenue": "1,035,667", "Cost of Revenue": "328,311", "Gross Profit": "707,356", "Operating Expense": "335,850", "Operating Income": "371,506", "Net Non Operating Interest Income Expense": "-25,234", "Other Income Expense": "-651", "Pretax Income": "345,621", "Tax Provision": "123,064", "Net Income Common Stockholders": "221,924", "Diluted NI Available to Com Stockholders": "221,924", "Basic EPS": "1.85", "Diluted EPS": "1.83", "Basic Average Shares": "120,100", "Diluted Average Shares": "121,074", "Total Operating Income as Reported": "371,506", "Total Expenses": "664,161", "Net Income from Continuing & Discontinued Operation": "222,557", "Normalized Income": "222,557", "Interest Income": "1,031", "Interest Expense": "26,265", "Net Interest Income": "-25,234", "EBIT": "371,886", "EBITDA": "-", "Reconciled Cost of Revenue": "328,311", "Reconciled Depreciation": "80,505", "Net Income from Continuing Operation Net Minority Interest": "222,557", "Total Unusual Items Excluding Goodwill": "0", "Total Unusual Items": "0", "Normalized EBITDA": "452,391", "Tax Rate for Calcs": "0", "Tax Effect of Unusual Items": "0"}, "12/31/2012": {"Duration": "12/31/2012", "Total Revenue": "950,141", "Cost of Revenue": "288,075", "Gross Profit": "662,066", "Operating Expense": "315,181", "Operating Income": "346,885", "Net Non Operating Interest Income Expense": "-55,474", "Other Income Expense": "-2,002", "Pretax Income": "289,409", "Tax Provision": "105,171", "Net Income Common Stockholders": "182,691", "Diluted NI Available to Com Stockholders": "182,691", "Basic EPS": "1.50", "Diluted EPS": "1.48", "Basic Average Shares": "122,023", "Diluted Average Shares": "123,204", "Total Operating Income as Reported": "346,936", "Total Expenses": "603,256", "Net Income from Continuing & Discontinued Operation": "184,238", "Normalized Income": "184,206", "Interest Income": "954", "Interest Expense": "56,428", "Net Interest Income": "-55,474", "EBIT": "345,837", "EBITDA": "-", "Reconciled Cost of Revenue": "288,075", "Reconciled Depreciation": "81,998", "Net Income from Continuing Operation Net Minority Interest": "184,238", "Total Unusual Items Excluding Goodwill": "51", "Total Unusual Items": "51", "Normalized EBITDA": "427,784", "Tax Rate for Calcs": "0", "Tax Effect of Unusual Items": "18.513"}, "12/31/2011": {"Duration": "12/31/2011", "Total Revenue": "900,941", "Cost of Revenue": "277,147", "Gross Profit": "623,794", "Operating Expense": "298,202", "Operating Income": "325,592", "Net Non Operating Interest Income Expense": "-54,971", "Other Income Expense": "-7,208", "Pretax Income": "263,413", "Tax Provision": "89,959", "Net Income Common Stockholders": "173,454", "Diluted NI Available to Com Stockholders": "173,454", "Basic EPS": "1.43", "Diluted EPS": "1.41", "Basic Average Shares": "120,717", "Diluted Average Shares": "122,276", "Total Operating Income as Reported": "321,998", "Total Expenses": "575,349", "Net Income from Continuing & Discontinued Operation": "173,454", "Normalized Income": "178,200", "Interest Income": "848", "Interest Expense": "55,819", "Net Interest Income": "-54,971", "EBIT": "319,232", "EBITDA": "-", "Reconciled Cost of Revenue": "277,147", "Reconciled Depreciation": "85,230", "Net Income from Continuing Operation Net Minority Interest": "173,454", "Total Unusual Items Excluding Goodwill": "-7,208", "Total Unusual Items": "-7,208", "Normalized EBITDA": "411,670", "Tax Rate for Calcs": "0", "Tax Effect of Unusual Items": "-2,462"}, "11/30/2010": {"Duration": "11/30/2010", "Total Revenue": "662,901", "Cost of Revenue": "198,626", "Gross Profit": "464,275", "Operating Expense": "249,256", "Operating Income": "215,019", "Net Non Operating Interest Income Expense": "-50,344", "Other Income Expense": "-11,184", "Pretax Income": "153,491", "Tax Provision": "61,321", "Net Income Common Stockholders": "92,170", "Diluted NI Available to Com Stockholders": "92,170", "Basic EPS": "0.82", "Diluted EPS": "0.81", "Basic Average Shares": "112,074", "Diluted Average Shares": "113,357", "Total Operating Income as Reported": "206,123", "Total Expenses": "447,882", "Net Income from Continuing & Discontinued Operation": "92,170", "Normalized Income": "98,886", "Interest Income": "993", "Interest Expense": "51,337", "Net Interest Income": "-50,344", "EBIT": "204,828", "EBITDA": "-", "Reconciled Cost of Revenue": "198,626", "Reconciled Depreciation": "59,012", "Net Income from Continuing Operation Net Minority Interest": "92,170", "Total Unusual Items Excluding Goodwill": "-11,184", "Total Unusual Items": "-11,184", "Normalized EBITDA": "275,024", "Tax Rate for Calcs": "0", "Tax Effect of Unusual Items": "-4,468"}, "11/30/2009": {"Duration": "11/30/2009", "Total Revenue": "442,948", "Cost of Revenue": "118,665", "Gross Profit": "324,283", "Operating Expense": "173,291", "Operating Income": "150,992", "Net Non Operating Interest Income Expense": "-18,630", "Other Income Expense": "-641", "Pretax Income": "131,721", "Tax Provision": "49,920", "Net Income Common Stockholders": "81,801", "Diluted NI Available to Com Stockholders": "81,801", "Basic EPS": "0.81", "Diluted EPS": "0.80", "Basic Average Shares": "100,607", "Diluted Average Shares": "102,475", "Total Operating Income as Reported": "150,992", "Total Expenses": "291,956", "Net Income from Continuing & Discontinued Operation": "81,801", "Normalized Income": "82,199", "Interest Income": "1,053", "Interest Expense": "19,683", "Net Interest Income": "-18,630", "EBIT": "151,404", "EBITDA": "-", "Reconciled Cost of Revenue": "118,665", "Reconciled Depreciation": "37,511", "Net Income from Continuing Operation Net Minority Interest": "81,801", "Total Unusual Items Excluding Goodwill": "-641", "Total Unusual Items": "-641", "Normalized EBITDA": "189,556", "Tax Rate for Calcs": "0", "Tax Effect of Unusual Items": "-242.928"}, "11/30/2008": {"Duration": "11/30/2008", "Total Revenue": "430,961", "Cost of Revenue": "124,671", "Gross Profit": "306,290", "Operating Expense": "170,500", "Operating Income": "135,790", "Net Non Operating Interest Income Expense": "-", "Other Income Expense": "-7,357", "Pretax Income": "109,643", "Tax Provision": "41,375", "Net Income Common Stockholders": "68,268", "Diluted NI Available to Com Stockholders": "68,268", "Basic EPS": "0.68", "Diluted EPS": "0.67", "Basic Average Shares": "100,037", "Diluted Average Shares": "101,194", "Total Operating Income as Reported": "135,790", "Total Expenses": "295,171", "Net Income from Continuing & Discontinued Operation": "68,268", "Normalized Income": "72,849", "Interest Income": "-", "Interest Expense": "-", "Net Interest Income": "-", "EBIT": "135,790", "EBITDA": "-", "Reconciled Cost of Revenue": "119,701", "Reconciled Depreciation": "33,470", "Net Income from Continuing Operation Net Minority Interest": "68,268", "Total Unusual Items Excluding Goodwill": "-7,357", "Total Unusual Items": "-7,357", "Normalized EBITDA": "176,617", "Tax Rate for Calcs": "0", "Tax Effect of Unusual Items": "-2,776"}, "11/30/2007": {"Duration": "11/30/2007", "Total Revenue": "369,886", "Cost of Revenue": "121,711", "Gross Profit": "248,175", "Operating Expense": "118,830", "Operating Income": "129,345", "Net Non Operating Interest Income Expense": "-", "Other Income Expense": "390", "Pretax Income": "133,292", "Tax Provision": "52,181", "Net Income Common Stockholders": "81,111", "Diluted NI Available to Com Stockholders": "81,111", "Basic EPS": "0.96", "Diluted EPS": "0.96", "Basic Average Shares": "84,608", "Diluted Average Shares": "84,624", "Total Operating Income as Reported": "129,345", "Total Expenses": "240,541", "Net Income from Continuing & Discontinued Operation": "81,111", "Normalized Income": "80,874", "Interest Income": "-", "Interest Expense": "-", "Net Interest Income": "-", "EBIT": "129,345", "EBITDA": "-", "Reconciled Cost of Revenue": "120,236", "Reconciled Depreciation": "27,828", "Net Income from Continuing Operation Net Minority Interest": "81,111", "Total Unusual Items Excluding Goodwill": "390", "Total Unusual Items": "390", "Normalized EBITDA": "156,783", "Tax Rate for Calcs": "0", "Tax Effect of Unusual Items": "152.6768"}, "11/30/2006": {"Duration": "11/30/2006", "Total Revenue": "310,698", "Cost of Revenue": "115,426", "Gross Profit": "195,272", "Operating Expense": "111,976", "Operating Income": "83,296", "Net Non Operating Interest Income Expense": "-", "Other Income Expense": "1,043", "Pretax Income": "99,469", "Tax Provision": "36,097", "Net Income Common Stockholders": "71,445", "Diluted NI Available to Com Stockholders": "71,445", "Basic EPS": "0.86", "Diluted EPS": "0.86", "Basic Average Shares": "83,900", "Diluted Average Shares": "83,900", "Total Operating Income as Reported": "83,296", "Total Expenses": "227,402", "Net Income from Continuing & Discontinued Operation": "71,445", "Normalized Income": "62,708", "Interest Income": "-", "Interest Expense": "-", "Net Interest Income": "-", "EBIT": "83,296", "EBITDA": "-", "Reconciled Cost of Revenue": "111,927", "Reconciled Depreciation": "29,655", "Net Income from Continuing Operation Net Minority Interest": "63,372", "Total Unusual Items Excluding Goodwill": "1,043", "Total Unusual Items": "1,043", "Normalized EBITDA": "111,908", "Tax Rate for Calcs": "0", "Tax Effect of Unusual Items": "378.5016"}, "11/30/2005": {"Duration": "11/30/2005", "Total Revenue": "278,474", "Cost of Revenue": "106,598", "Gross Profit": "171,876", "Operating Expense": "98,251", "Operating Income": "73,625", "Net Non Operating Interest Income Expense": "-", "Other Income Expense": "398", "Pretax Income": "80,897", "Tax Provision": "30,449", "Net Income Common Stockholders": "54,554", "Diluted NI Available to Com Stockholders": "54,554", "Basic EPS": "0.65", "Diluted EPS": "0.65", "Basic Average Shares": "83,900", "Diluted Average Shares": "83,900", "Total Operating Income as Reported": "73,625", "Total Expenses": "204,849", "Net Income from Continuing & Discontinued Operation": "54,241", "Normalized Income": "50,200", "Interest Income": "-", "Interest Expense": "-", "Net Interest Income": "-", "EBIT": "73,625", "EBITDA": "-", "Reconciled Cost of Revenue": "102,552", "Reconciled Depreciation": "32,077", "Net Income from Continuing Operation Net Minority Interest": "50,448", "Total Unusual Items Excluding Goodwill": "398", "Total Unusual Items": "398", "Normalized EBITDA": "105,304", "Tax Rate for Calcs": "0", "Tax Effect of Unusual Items": "149.8041"}, "11/30/2004": {"Duration": "11/30/2004", "Total Revenue": "178,446", "Cost of Revenue": "-", "Gross Profit": "-", "Operating Expense": "-", "Operating Income": "178,446", "Net Non Operating Interest Income Expense": "-", "Other Income Expense": "-", "Pretax Income": "-", "Tax Provision": "-", "Net Income Common Stockholders": "20,853", "Diluted NI Available to Com Stockholders": "20,853", "Basic EPS": "0.37", "Diluted EPS": "0.37", "Basic Average Shares": "56,256", "Diluted Average Shares": "56,256", "Total Operating Income as Reported": "-", "Total Expenses": "-", "Net Income from Continuing & Discontinued Operation": "20,853", "Normalized Income": "20,907", "Interest Income": "-", "Interest Expense": "-", "Net Interest Income": "-", "EBIT": "178,446", "EBITDA": "-", "Reconciled Cost of Revenue": "-", "Reconciled Depreciation": "-", "Net Income from Continuing Operation Net Minority Interest": "20,907", "Total Unusual Items Excluding Goodwill": "-", "Total Unusual Items": "-", "Normalized EBITDA": "178,446", "Tax Rate for Calcs": "0", "Tax Effect of Unusual Items": "0"}, "11/30/2003": {"Duration": "11/30/2003", "Total Revenue": "91,277", "Cost of Revenue": "-", "Gross Profit": "-", "Operating Expense": "-", "Operating Income": "91,277", "Net Non Operating Interest Income Expense": "-", "Other Income Expense": "-", "Pretax Income": "5,476", "Tax Provision": "-5,921", "Net Income Common Stockholders": "11,397", "Diluted NI Available to Com Stockholders": "11,397", "Basic EPS": "0.40", "Diluted EPS": "0.40", "Basic Average Shares": "83,900", "Diluted Average Shares": "83,900", "Total Operating Income as Reported": "16,525", "Total Expenses": "-", "Net Income from Continuing & Discontinued Operation": "11,397", "Normalized Income": "11,397", "Interest Income": "-", "Interest Expense": "-", "Net Interest Income": "-", "EBIT": "91,277", "EBITDA": "-", "Reconciled Cost of Revenue": "-", "Reconciled Depreciation": "-", "Net Income from Continuing Operation Net Minority Interest": "11,397", "Total Unusual Items Excluding Goodwill": "-", "Total Unusual Items": "-", "Normalized EBITDA": "91,277", "Tax Rate for Calcs": "0", "Tax Effect of Unusual Items": "0"}}, "bs": {"12/31/2020": {"Duration": "12/31/2020", "Total Assets": "4,198,647", "Total Liabilities Net Minority Interest": "4,641,881", "Total Equity Gross Minority Interest": "-443,234", "Total Capitalization": "2,923,543", "Common Stock Equity": "-443,234", "Capital Lease Obligations": "152,342", "Net Tangible Assets": "-2,244,004", "Working Capital": "903,829", "Invested Capital": "2,923,543", "Tangible Book Value": "-2,244,004", "Total Debt": "3,519,119", "Net Debt": "2,066,256", "Share Issued": "132,829", "Ordinary Shares Number": "82,573", "Treasury Shares Number": "50,256"}, "12/31/2019": {"Duration": "12/31/2019", "Total Assets": "4,204,439", "Total Liabilities Net Minority Interest": "4,281,153", "Total Equity Gross Minority Interest": "-76,714", "Total Capitalization": "2,995,212", "Common Stock Equity": "-76,714", "Capital Lease Obligations": "164,144", "Net Tangible Assets": "-1,901,069", "Working Capital": "1,180,991", "Invested Capital": "2,995,212", "Tangible Book Value": "-1,901,069", "Total Debt": "3,236,070", "Net Debt": "1,565,359", "Share Issued": "132,419", "Ordinary Shares Number": "84,795", "Treasury Shares Number": "47,624"}, "12/31/2018": {"Duration": "12/31/2018", "Total Assets": "3,387,952", "Total Liabilities Net Minority Interest": "3,554,446", "Total Equity Gross Minority Interest": "-166,494", "Total Capitalization": "2,409,008", "Common Stock Equity": "-166,494", "Capital Lease Obligations": "-", "Net Tangible Assets": "-1,993,058", "Working Capital": "626,081", "Invested Capital": "2,409,008", "Tangible Book Value": "-1,993,058", "Total Debt": "2,575,502", "Net Debt": "1,671,326", "Share Issued": "130,030", "Ordinary Shares Number": "84,174", "Treasury Shares Number": "45,856"}, "12/31/2017": {"Duration": "12/31/2017", "Total Assets": "3,275,668", "Total Liabilities Net Minority Interest": "2,874,656", "Total Equity Gross Minority Interest": "401,012", "Total Capitalization": "2,479,105", "Common Stock Equity": "401,012", "Capital Lease Obligations": "-", "Net Tangible Assets": "-1,481,445", "Working Capital": "659,458", "Invested Capital": "2,479,105", "Tangible Book Value": "-1,481,445", "Total Debt": "2,078,093", "Net Debt": "1,188,591", "Share Issued": "129,544", "Ordinary Shares Number": "90,105", "Treasury Shares Number": "39,439"}, "12/31/2016": {"Duration": "12/31/2016", "Total Assets": "3,082,578", "Total Liabilities Net Minority Interest": "2,764,973", "Total Equity Gross Minority Interest": "317,605", "Total Capitalization": "2,392,806", "Common Stock Equity": "317,605", "Capital Lease Obligations": "-", "Net Tangible Assets": "-1,585,885", "Working Capital": "519,100", "Invested Capital": "2,392,806", "Tangible Book Value": "-1,585,885", "Total Debt": "2,075,201", "Net Debt": "1,283,367", "Share Issued": "128,996", "Ordinary Shares Number": "91,280", "Treasury Shares Number": "37,717"}, "12/31/2015": {"Duration": "12/31/2015", "Total Assets": "3,146,987", "Total Liabilities Net Minority Interest": "2,245,500", "Total Equity Gross Minority Interest": "901,487", "Total Capitalization": "2,480,891", "Common Stock Equity": "901,487", "Capital Lease Obligations": "-", "Net Tangible Assets": "-1,055,624", "Working Capital": "565,155", "Invested Capital": "2,480,891", "Tangible Book Value": "-1,055,624", "Total Debt": "1,579,404", "Net Debt": "801,698", "Share Issued": "128,200", "Ordinary Shares Number": "101,013", "Treasury Shares Number": "27,187"}, "12/31/2014": {"Duration": "12/31/2014", "Total Assets": "2,894,175", "Total Liabilities Net Minority Interest": "1,461,342", "Total Equity Gross Minority Interest": "1,432,833", "Total Capitalization": "2,232,833", "Common Stock Equity": "1,432,833", "Capital Lease Obligations": "-", "Net Tangible Assets": "-565,699", "Working Capital": "297,720", "Invested Capital": "2,232,833", "Tangible Book Value": "-565,699", "Total Debt": "800,000", "Net Debt": "291,201", "Share Issued": "126,637", "Ordinary Shares Number": "112,072", "Treasury Shares Number": "14,565"}, "12/31/2013": {"Duration": "12/31/2013", "Total Assets": "3,134,537", "Total Liabilities Net Minority Interest": "1,558,173", "Total Equity Gross Minority Interest": "1,576,364", "Total Capitalization": "2,364,374", "Common Stock Equity": "1,576,364", "Capital Lease Obligations": "-", "Net Tangible Assets": "-818,164", "Working Capital": "133,994", "Invested Capital": "2,384,146", "Tangible Book Value": "-818,164", "Total Debt": "807,782", "Net Debt": "449,348", "Share Issued": "125,555", "Ordinary Shares Number": "118,083", "Treasury Shares Number": "7,472"}, "12/31/2012": {"Duration": "12/31/2012", "Total Assets": "3,019,639", "Total Liabilities Net Minority Interest": "1,594,408", "Total Equity Gross Minority Interest": "1,425,231", "Total Capitalization": "2,236,854", "Common Stock Equity": "1,425,231", "Capital Lease Obligations": "-", "Net Tangible Assets": "-999,253", "Working Capital": "4,890", "Invested Capital": "2,279,947", "Tangible Book Value": "-999,253", "Total Debt": "854,716", "Net Debt": "671,407", "Share Issued": "124,034", "Ordinary Shares Number": "120,115", "Treasury Shares Number": "3,919"}, "12/31/2011": {"Duration": "12/31/2011", "Total Assets": "3,092,996", "Total Liabilities Net Minority Interest": "1,787,564", "Total Equity Gross Minority Interest": "1,305,432", "Total Capitalization": "2,371,980", "Common Stock Equity": "1,305,432", "Capital Lease Obligations": "-", "Net Tangible Assets": "-1,048,034", "Working Capital": "225,138", "Invested Capital": "2,382,319", "Tangible Book Value": "-1,048,034", "Total Debt": "1,076,887", "Net Debt": "824,676", "Share Issued": "122,713", "Ordinary Shares Number": "121,212", "Treasury Shares Number": "1,501"}, "11/30/2010": {"Duration": "11/30/2010", "Total Assets": "3,023,166", "Total Liabilities Net Minority Interest": "1,943,049", "Total Equity Gross Minority Interest": "1,080,117", "Total Capitalization": "2,287,998", "Common Stock Equity": "1,080,117", "Capital Lease Obligations": "-", "Net Tangible Assets": "-1,342,804", "Working Capital": "69,359", "Invested Capital": "2,342,914", "Tangible Book Value": "-1,342,804", "Total Debt": "1,262,797", "Net Debt": "1,036,222", "Share Issued": "120,545", "Ordinary Shares Number": "119,522", "Treasury Shares Number": "1,023"}, "11/30/2009": {"Duration": "11/30/2009", "Total Assets": "1,200,269", "Total Liabilities Net Minority Interest": "693,213", "Total Equity Gross Minority Interest": "507,056", "Total Capitalization": "844,678", "Common Stock Equity": "507,056", "Capital Lease Obligations": "-", "Net Tangible Assets": "-54,756", "Working Capital": "309,984", "Invested Capital": "886,766", "Tangible Book Value": "-54,756", "Total Debt": "379,710", "Net Debt": "203,686", "Share Issued": "105,392", "Ordinary Shares Number": "104,781", "Treasury Shares Number": "610.515"}, "11/30/2008": {"Duration": "11/30/2008", "Total Assets": "1,015,048", "Total Liabilities Net Minority Interest": "728,666", "Total Equity Gross Minority Interest": "286,382", "Total Capitalization": "666,091", "Common Stock Equity": "286,382", "Capital Lease Obligations": "-", "Net Tangible Assets": "-301,148", "Working Capital": "101,161", "Invested Capital": "688,177", "Tangible Book Value": "-301,148", "Total Debt": "401,795", "Net Debt": "133,718", "Share Issued": "100,058", "Ordinary Shares Number": "100,034", "Treasury Shares Number": "23.216"}, "11/30/2007": {"Duration": "11/30/2007", "Total Assets": "904,679", "Total Liabilities Net Minority Interest": "704,658", "Total Equity Gross Minority Interest": "200,021", "Total Capitalization": "602,771", "Common Stock Equity": "200,021", "Capital Lease Obligations": "-", "Net Tangible Assets": "-416,009", "Working Capital": "36,472", "Invested Capital": "625,021", "Tangible Book Value": "-416,009", "Total Debt": "425,000", "Net Debt": "391,182", "Share Issued": "100,011", "Ordinary Shares Number": "100,011", "Treasury Shares Number": "-"}, "11/30/2006": {"Duration": "11/30/2006", "Total Assets": "1,112,775", "Total Liabilities Net Minority Interest": "287,063", "Total Equity Gross Minority Interest": "825,712", "Total Capitalization": "825,712", "Common Stock Equity": "825,712", "Capital Lease Obligations": "-", "Net Tangible Assets": "183,329", "Working Capital": "241,224", "Invested Capital": "825,712", "Tangible Book Value": "183,329", "Total Debt": "-", "Net Debt": "-", "Share Issued": "100,011", "Ordinary Shares Number": "100,011", "Treasury Shares Number": "-"}, "11/30/2005": {"Duration": "11/30/2005", "Total Assets": "1,047,519", "Total Liabilities Net Minority Interest": "290,302", "Total Equity Gross Minority Interest": "757,217", "Total Capitalization": "757,217", "Common Stock Equity": "757,217", "Capital Lease Obligations": "-", "Net Tangible Assets": "88,678", "Working Capital": "154,897", "Invested Capital": "757,217", "Tangible Book Value": "88,678", "Total Debt": "-", "Net Debt": "-", "Share Issued": "100,011", "Ordinary Shares Number": "100,011", "Treasury Shares Number": "-"}, "11/30/2003": {"Duration": "11/30/2003", "Total Assets": "123,100", "Total Liabilities Net Minority Interest": "86,476", "Total Equity Gross Minority Interest": "36,624", "Total Capitalization": "36,624", "Common Stock Equity": "36,624", "Capital Lease Obligations": "-", "Net Tangible Assets": "36,624", "Working Capital": "-", "Invested Capital": "36,624", "Tangible Book Value": "36,624", "Total Debt": "-", "Net Debt": "-", "Share Issued": "100,011", "Ordinary Shares Number": "100,011", "Treasury Shares Number": "-"}}, "cf": {"TTM": {"Duration": "TTM", "Operating Cash Flow": "913,796", "Investing Cash Flow": "-50,513", "Financing Cash Flow": "-193,415", "End Cash Position": "1,736,724", "Income Tax Paid Supplemental Data": "116,976", "Interest Paid Supplemental Data": "142,222", "Capital Expenditure": "-50,519", "Issuance of Capital Stock": "-", "Issuance of Debt": "1,503,750", "Repayment of Debt": "-834,507", "Repurchase of Capital Stock": "-592,779", "Free Cash Flow": "863,277"}, "12/31/2020": {"Duration": "12/31/2020", "Operating Cash Flow": "811,109", "Investing Cash Flow": "-241,791", "Financing Cash Flow": "-779,038", "End Cash Position": "1,300,521", "Income Tax Paid Supplemental Data": "113,646", "Interest Paid Supplemental Data": "163,391", "Capital Expenditure": "-50,975", "Issuance of Capital Stock": "-", "Issuance of Debt": "1,405,000", "Repayment of Debt": "-1,142,382", "Repurchase of Capital Stock": "-778,519", "Free Cash Flow": "760,134"}, "12/31/2019": {"Duration": "12/31/2019", "Operating Cash Flow": "709,523", "Investing Cash Flow": "-71,937", "Financing Cash Flow": "-36,667", "End Cash Position": "1,506,567", "Income Tax Paid Supplemental Data": "72,935", "Interest Paid Supplemental Data": "141,484", "Capital Expenditure": "-53,770", "Issuance of Capital Stock": "-", "Issuance of Debt": "1,000,000", "Repayment of Debt": "-513,125", "Repurchase of Capital Stock": "-292,075", "Free Cash Flow": "655,753"}, "12/31/2018": {"Duration": "12/31/2018", "Operating Cash Flow": "612,762", "Investing Cash Flow": "34,874", "Financing Cash Flow": "-626,483", "End Cash Position": "904,176", "Income Tax Paid Supplemental Data": "143,215", "Interest Paid Supplemental Data": "125,986", "Capital Expenditure": "-48,961", "Issuance of Capital Stock": "-", "Issuance of Debt": "500,000", "Repayment of Debt": "-", "Repurchase of Capital Stock": "-949,888", "Free Cash Flow": "563,801"}, "12/31/2017": {"Duration": "12/31/2017", "Operating Cash Flow": "404,158", "Investing Cash Flow": "-48,046", "Financing Cash Flow": "-267,543", "End Cash Position": "889,502", "Income Tax Paid Supplemental Data": "128,727", "Interest Paid Supplemental Data": "112,502", "Capital Expenditure": "-48,817", "Issuance of Capital Stock": "-", "Issuance of Debt": "0", "Repayment of Debt": "-", "Repurchase of Capital Stock": "-150,461", "Free Cash Flow": "355,341"}, "12/31/2016": {"Duration": "12/31/2016", "Operating Cash Flow": "434,738", "Investing Cash Flow": "-42,031", "Financing Cash Flow": "-365,274", "End Cash Position": "791,834", "Income Tax Paid Supplemental Data": "97,845", "Interest Paid Supplemental Data": "89,139", "Capital Expenditure": "-42,628", "Issuance of Capital Stock": "-", "Issuance of Debt": "500,000", "Repayment of Debt": "0", "Repurchase of Capital Stock": "-774,565", "Free Cash Flow": "392,110"}, "12/31/2015": {"Duration": "12/31/2015", "Operating Cash Flow": "305,994", "Investing Cash Flow": "-48,861", "Financing Cash Flow": "19,949", "End Cash Position": "777,706", "Income Tax Paid Supplemental Data": "129,534", "Interest Paid Supplemental Data": "42,110", "Capital Expenditure": "-49,152", "Issuance of Capital Stock": "-", "Issuance of Debt": "800,000", "Repayment of Debt": "0", "Repurchase of Capital Stock": "-700,715", "Free Cash Flow": "256,842"}, "12/31/2014": {"Duration": "12/31/2014", "Operating Cash Flow": "305,673", "Investing Cash Flow": "297,037", "Financing Cash Flow": "-442,328", "End Cash Position": "508,799", "Income Tax Paid Supplemental Data": "120,419", "Interest Paid Supplemental Data": "17,233", "Capital Expenditure": "-50,875", "Issuance of Capital Stock": "-", "Issuance of Debt": "800,000", "Repayment of Debt": "-810,000", "Repurchase of Capital Stock": "-409,651", "Free Cash Flow": "254,798"}, "12/31/2013": {"Duration": "12/31/2013", "Operating Cash Flow": "320,447", "Investing Cash Flow": "4,121", "Financing Cash Flow": "-145,848", "End Cash Position": "358,434", "Income Tax Paid Supplemental Data": "128,604", "Interest Paid Supplemental Data": "20,429", "Capital Expenditure": "-43,540", "Issuance of Capital Stock": "-", "Issuance of Debt": "0", "Repayment of Debt": "-48,000", "Repurchase of Capital Stock": "-112,183", "Free Cash Flow": "276,907"}, "12/31/2012": {"Duration": "12/31/2012", "Operating Cash Flow": "347,075", "Investing Cash Flow": "-94,361", "Financing Cash Flow": "-322,976", "End Cash Position": "183,309", "Income Tax Paid Supplemental Data": "134,439", "Interest Paid Supplemental Data": "36,744", "Capital Expenditure": "-44,884", "Issuance of Capital Stock": "-", "Issuance of Debt": "876,087", "Repayment of Debt": "-1,103,563", "Repurchase of Capital Stock": "-105,989", "Free Cash Flow": "302,191"}, "12/31/2011": {"Duration": "12/31/2011", "Operating Cash Flow": "254,997", "Investing Cash Flow": "-90,611", "Financing Cash Flow": "-177,994", "End Cash Position": "252,211", "Income Tax Paid Supplemental Data": "93,728", "Interest Paid Supplemental Data": "52,713", "Capital Expenditure": "-23,111", "Issuance of Capital Stock": "-", "Issuance of Debt": "1,125,000", "Repayment of Debt": "-1,312,062", "Repurchase of Capital Stock": "-14,626", "Free Cash Flow": "231,886"}, "11/30/2010": {"Duration": "11/30/2010", "Operating Cash Flow": "183,354", "Investing Cash Flow": "-892,277", "Financing Cash Flow": "758,058", "End Cash Position": "226,575", "Income Tax Paid Supplemental Data": "46,190", "Interest Paid Supplemental Data": "40,100", "Capital Expenditure": "-13,190", "Issuance of Capital Stock": "0", "Issuance of Debt": "1,268,625", "Repayment of Debt": "-528,389", "Repurchase of Capital Stock": "-14,151", "Free Cash Flow": "170,164"}, "11/30/2009": {"Duration": "11/30/2009", "Operating Cash Flow": "130,942", "Investing Cash Flow": "-308,216", "Financing Cash Flow": "82,542", "End Cash Position": "176,024", "Income Tax Paid Supplemental Data": "61,385", "Interest Paid Supplemental Data": "18,253", "Capital Expenditure": "-13,412", "Issuance of Capital Stock": "115,755", "Issuance of Debt": "0", "Repayment of Debt": "-22,250", "Repurchase of Capital Stock": "-18,487", "Free Cash Flow": "117,530"}, "11/30/2008": {"Duration": "11/30/2008", "Operating Cash Flow": "155,081", "Investing Cash Flow": "112,069", "Financing Cash Flow": "-22,952", "End Cash Position": "268,077", "Income Tax Paid Supplemental Data": "-", "Interest Paid Supplemental Data": "-", "Capital Expenditure": "-25,556", "Issuance of Capital Stock": "-", "Issuance of Debt": "-", "Repayment of Debt": "-", "Repurchase of Capital Stock": "-681", "Free Cash Flow": "129,525"}, "11/30/2007": {"Duration": "11/30/2007", "Operating Cash Flow": "110,225", "Investing Cash Flow": "192,071", "Financing Cash Flow": "-292,064", "End Cash Position": "33,818", "Income Tax Paid Supplemental Data": "-", "Interest Paid Supplemental Data": "-", "Capital Expenditure": "-535", "Issuance of Capital Stock": "265,035", "Issuance of Debt": "-", "Repayment of Debt": "-", "Repurchase of Capital Stock": "-", "Free Cash Flow": "109,690"}, "11/30/2006": {"Duration": "11/30/2006", "Operating Cash Flow": "83,665", "Investing Cash Flow": "-79,764", "Financing Cash Flow": "-5,000", "End Cash Position": "24,362", "Income Tax Paid Supplemental Data": "-", "Interest Paid Supplemental Data": "-", "Capital Expenditure": "-2,435", "Issuance of Capital Stock": "-", "Issuance of Debt": "-", "Repayment of Debt": "-", "Repurchase of Capital Stock": "-", "Free Cash Flow": "81,230"}, "11/30/2005": {"Duration": "11/30/2005", "Operating Cash Flow": "59,881", "Investing Cash Flow": "-63,708", "Financing Cash Flow": "0", "End Cash Position": "23,411", "Income Tax Paid Supplemental Data": "-", "Interest Paid Supplemental Data": "-", "Capital Expenditure": "-346", "Issuance of Capital Stock": "-", "Issuance of Debt": "-", "Repayment of Debt": "-", "Repurchase of Capital Stock": "-", "Free Cash Flow": "59,535"}}, "ks": {"Current": {"Duration": "Current", "Market Cap (intraday) 5": "37.57B", "Enterprise Value 3": "39.83B", "Trailing P/E ": "58.81", "Forward P/E 1": "47.62", "PEG Ratio (5 yr expected) 1": "3.55", "Price/Sales (ttm)": "21.79", "Price/Book (mrq)": "N/A", "Enterprise Value/Revenue 3": "22.67", "Enterprise Value/EBITDA 7": "39.64"}, "3/31/2021": {"Duration": "3/31/2021", "Market Cap (intraday) 5": "34.56B", "Enterprise Value 3": "36.78B", "Trailing P/E ": "58.89", "Forward P/E 1": "44.64", "PEG Ratio (5 yr expected) 1": "3.64", "Price/Sales (ttm)": "20.90", "Price/Book (mrq)": "N/A", "Enterprise Value/Revenue 3": "76.87", "Enterprise Value/EBITDA 7": "130.44"}, "12/31/2020": {"Duration": "12/31/2020", "Market Cap (intraday) 5": "36.87B", "Enterprise Value 3": "39.09B", "Trailing P/E ": "66.65", "Forward P/E 1": "52.63", "PEG Ratio (5 yr expected) 1": "3.68", "Price/Sales (ttm)": "22.88", "Price/Book (mrq)": "N/A", "Enterprise Value/Revenue 3": "88.10", "Enterprise Value/EBITDA 7": "150.03"}, "9/30/2020": {"Duration": "9/30/2020", "Market Cap (intraday) 5": "29.63B", "Enterprise Value 3": "31.76B", "Trailing P/E ": "58.11", "Forward P/E 1": "44.25", "PEG Ratio (5 yr expected) 1": "3.28", "Price/Sales (ttm)": "18.69", "Price/Book (mrq)": "N/A", "Enterprise Value/Revenue 3": "74.68", "Enterprise Value/EBITDA 7": "124.83"}, "6/30/2020": {"Duration": "6/30/2020", "Market Cap (intraday) 5": "27.92B", "Enterprise Value 3": "30.18B", "Trailing P/E ": "53.50", "Forward P/E 1": "47.62", "PEG Ratio (5 yr expected) 1": "3.70", "Price/Sales (ttm)": "17.81", "Price/Book (mrq)": "N/A", "Enterprise Value/Revenue 3": "73.69", "Enterprise Value/EBITDA 7": "145.15"}, "3/31/2020": {"Duration": "3/31/2020", "Market Cap (intraday) 5": "24.19B", "Enterprise Value 3": "25.92B", "Trailing P/E ": "43.85", "Forward P/E 1": "40.16", "PEG Ratio (5 yr expected) 1": "3.52", "Price/Sales (ttm)": "15.87", "Price/Book (mrq)": "N/A", "Enterprise Value/Revenue 3": "62.19", "Enterprise Value/EBITDA 7": "112.49"}, "12/31/2019": {"Duration": "12/31/2019", "Market Cap (intraday) 5": "21.89B", "Enterprise Value 3": "23.75B", "Trailing P/E ": "37.20", "Forward P/E 1": "35.84", "PEG Ratio (5 yr expected) 1": "3.13", "Price/Sales (ttm)": "14.50", "Price/Book (mrq)": "N/A", "Enterprise Value/Revenue 3": "58.42", "Enterprise Value/EBITDA 7": "114.42"}, "9/30/2019": {"Duration": "9/30/2019", "Market Cap (intraday) 5": "18.44B", "Enterprise Value 3": "20.42B", "Trailing P/E ": "32.55", "Forward P/E 1": "30.40", "PEG Ratio (5 yr expected) 1": "4.27", "Price/Sales (ttm)": "12.74", "Price/Book (mrq)": "N/A", "Enterprise Value/Revenue 3": "51.78", "Enterprise Value/EBITDA 7": "91.04"}, "6/30/2019": {"Duration": "6/30/2019", "Market Cap (intraday) 5": "20.22B", "Enterprise Value 3": "22.32B", "Trailing P/E ": "36.74", "Forward P/E 1": "38.17", "PEG Ratio (5 yr expected) 1": "4.47", "Price/Sales (ttm)": "14.45", "Price/Book (mrq)": "N/A", "Enterprise Value/Revenue 3": "57.90", "Enterprise Value/EBITDA 7": "103.79"}, "3/31/2019": {"Duration": "3/31/2019", "Market Cap (intraday) 5": "16.83B", "Enterprise Value 3": "18.51B", "Trailing P/E ": "35.13", "Forward P/E 1": "32.26", "PEG Ratio (5 yr expected) 1": "3.78", "Price/Sales (ttm)": "12.44", "Price/Book (mrq)": "N/A", "Enterprise Value/Revenue 3": "49.83", "Enterprise Value/EBITDA 7": "97.69"}, "12/31/2018": {"Duration": "12/31/2018", "Market Cap (intraday) 5": "12.41B", "Enterprise Value 3": "13.59B", "Trailing P/E ": "32.26", "Forward P/E 1": "24.21", "PEG Ratio (5 yr expected) 1": "1.50", "Price/Sales (ttm)": "9.64", "Price/Book (mrq)": "32.79", "Enterprise Value/Revenue 3": "37.56", "Enterprise Value/EBITDA 7": "55.88"}, "9/30/2018": {"Duration": "9/30/2018", "Market Cap (intraday) 5": "15.76B", "Enterprise Value 3": "16.97B", "Trailing P/E ": "42.75", "Forward P/E 1": "28.90", "PEG Ratio (5 yr expected) 1": "1.71", "Price/Sales (ttm)": "11.92", "Price/Book (mrq)": "45.37", "Enterprise Value/Revenue 3": "47.40", "Enterprise Value/EBITDA 7": "84.04"}, "6/30/2018": {"Duration": "6/30/2018", "Market Cap (intraday) 5": "14.73B", "Enterprise Value 3": "15.96B", "Trailing P/E ": "44.11", "Forward P/E 1": "31.45", "PEG Ratio (5 yr expected) 1": "1.86", "Price/Sales (ttm)": "11.51", "Price/Book (mrq)": "34.88", "Enterprise Value/Revenue 3": "43.95", "Enterprise Value/EBITDA 7": "74.22"}, "3/31/2018": {"Duration": "3/31/2018", "Market Cap (intraday) 5": "13.43B", "Enterprise Value 3": "14.62B", "Trailing P/E ": "45.16", "Forward P/E 1": "27.47", "PEG Ratio (5 yr expected) 1": "1.64", "Price/Sales (ttm)": "10.78", "Price/Book (mrq)": "33.49", "Enterprise Value/Revenue 3": "41.62", "Enterprise Value/EBITDA 7": "77.56"}, "12/31/2017": {"Duration": "12/31/2017", "Market Cap (intraday) 5": "11.40B", "Enterprise Value 3": "12.68B", "Trailing P/E ": "38.00", "Forward P/E 1": "27.62", "PEG Ratio (5 yr expected) 1": "1.65", "Price/Sales (ttm)": "9.47", "Price/Book (mrq)": "31.64", "Enterprise Value/Revenue 3": "37.86", "Enterprise Value/EBITDA 7": "72.16"}, "9/30/2017": {"Duration": "9/30/2017", "Market Cap (intraday) 5": "10.53B", "Enterprise Value 3": "11.85B", "Trailing P/E ": "37.83", "Forward P/E 1": "25.77", "PEG Ratio (5 yr expected) 1": "1.54", "Price/Sales (ttm)": "9.09", "Price/Book (mrq)": "34.27", "Enterprise Value/Revenue 3": "36.80", "Enterprise Value/EBITDA 7": "69.83"}, "6/30/2017": {"Duration": "6/30/2017", "Market Cap (intraday) 5": "9.28B", "Enterprise Value 3": "10.66B", "Trailing P/E ": "35.51", "Forward P/E 1": "28.49", "PEG Ratio (5 yr expected) 1": "1.68", "Price/Sales (ttm)": "8.29", "Price/Book (mrq)": "33.29", "Enterprise Value/Revenue 3": "33.73", "Enterprise Value/EBITDA 7": "63.91"}, "3/31/2017": {"Duration": "3/31/2017", "Market Cap (intraday) 5": "8.79B", "Enterprise Value 3": "10.07B", "Trailing P/E ": "36.00", "Forward P/E 1": "26.25", "PEG Ratio (5 yr expected) 1": "1.82", "Price/Sales (ttm)": "8.15", "Price/Book (mrq)": "27.68", "Enterprise Value/Revenue 3": "33.45", "Enterprise Value/EBITDA 7": "66.83"}, "12/31/2016": {"Duration": "12/31/2016", "Market Cap (intraday) 5": "7.42B", "Enterprise Value 3": "8.52B", "Trailing P/E ": "30.89", "Forward P/E 1": "21.69", "PEG Ratio (5 yr expected) 1": "1.11", "Price/Sales (ttm)": "6.90", "Price/Book (mrq)": "13.04", "Enterprise Value/Revenue 3": "29.08", "Enterprise Value/EBITDA 7": "57.90"}, "9/30/2016": {"Duration": "9/30/2016", "Market Cap (intraday) 5": "7.95B", "Enterprise Value 3": "9.12B", "Trailing P/E ": "34.26", "Forward P/E 1": "23.47", "PEG Ratio (5 yr expected) 1": "1.20", "Price/Sales (ttm)": "7.75", "Price/Book (mrq)": "14.85", "Enterprise Value/Revenue 3": "31.63", "Enterprise Value/EBITDA 7": "63.19"}, "6/30/2016": {"Duration": "6/30/2016", "Market Cap (intraday) 5": "7.33B", "Enterprise Value 3": "8.46B", "Trailing P/E ": "34.28", "Forward P/E 1": "26.25", "PEG Ratio (5 yr expected) 1": "1.46", "Price/Sales (ttm)": "7.53", "Price/Book (mrq)": "11.90", "Enterprise Value/Revenue 3": "29.11", "Enterprise Value/EBITDA 7": "58.84"}, "3/31/2016": {"Duration": "3/31/2016", "Market Cap (intraday) 5": "7.15B", "Enterprise Value 3": "7.95B", "Trailing P/E ": "35.44", "Forward P/E 1": "20.28", "PEG Ratio (5 yr expected) 1": "1.26", "Price/Sales (ttm)": "7.58", "Price/Book (mrq)": "7.93", "Enterprise Value/Revenue 3": "28.52", "Enterprise Value/EBITDA 7": "59.49"}, "12/31/2015": {"Duration": "12/31/2015", "Market Cap (intraday) 5": "7.29B", "Enterprise Value 3": "7.87B", "Trailing P/E ": "37.96", "Forward P/E 1": "26.67", "PEG Ratio (5 yr expected) 1": "1.65", "Price/Sales (ttm)": "7.69", "Price/Book (mrq)": "6.51", "Enterprise Value/Revenue 3": "28.84", "Enterprise Value/EBITDA 7": "61.64"}, "9/30/2015": {"Duration": "9/30/2015", "Market Cap (intraday) 5": "6.24B", "Enterprise Value 3": "6.58B", "Trailing P/E ": "33.98", "Forward P/E 1": "22.52", "PEG Ratio (5 yr expected) 1": "1.54", "Price/Sales (ttm)": "6.56", "Price/Book (mrq)": "4.35", "Enterprise Value/Revenue 3": "24.50", "Enterprise Value/EBITDA 7": "48.39"}, "6/30/2015": {"Duration": "6/30/2015", "Market Cap (intraday) 5": "6.81B", "Enterprise Value 3": "7.07B", "Trailing P/E ": "35.37", "Forward P/E 1": "22.88", "PEG Ratio (5 yr expected) 1": "1.61", "Price/Sales (ttm)": "6.97", "Price/Book (mrq)": "4.68", "Enterprise Value/Revenue 3": "26.12", "Enterprise Value/EBITDA 7": "59.75"}, "3/31/2015": {"Duration": "3/31/2015", "Market Cap (intraday) 5": "6.89B", "Enterprise Value 3": "7.18B", "Trailing P/E ": "36.06", "Forward P/E 1": "13.32", "PEG Ratio (5 yr expected) 1": "1.26", "Price/Sales (ttm)": "7.18", "Price/Book (mrq)": "4.81", "Enterprise Value/Revenue 3": "27.34", "Enterprise Value/EBITDA 7": "66.71"}, "12/31/2014": {"Duration": "12/31/2014", "Market Cap (intraday) 5": "5.32B", "Enterprise Value 3": "5.66B", "Trailing P/E ": "25.78", "Forward P/E 1": "22.88", "PEG Ratio (5 yr expected) 1": "1.62", "Price/Sales (ttm)": "5.08", "Price/Book (mrq)": "3.81", "Enterprise Value/Revenue 3": "22.55", "Enterprise Value/EBITDA 7": "53.55"}, "9/30/2014": {"Duration": "9/30/2014", "Market Cap (intraday) 5": "5.27B", "Enterprise Value 3": "5.38B", "Trailing P/E ": "25.84", "Forward P/E 1": "20.96", "PEG Ratio (5 yr expected) 1": "1.62", "Price/Sales (ttm)": "5.18", "Price/Book (mrq)": "3.16", "Enterprise Value/Revenue 3": "21.39", "Enterprise Value/EBITDA 7": "51.99"}, "6/30/2014": {"Duration": "6/30/2014", "Market Cap (intraday) 5": "5.34B", "Enterprise Value 3": "5.88B", "Trailing P/E ": "25.47", "Forward P/E 1": "18.94", "PEG Ratio (5 yr expected) 1": "1.36", "Price/Sales (ttm)": "5.22", "Price/Book (mrq)": "3.41", "Enterprise Value/Revenue 3": "23.12", "Enterprise Value/EBITDA 7": "55.03"}, "3/31/2014": {"Duration": "3/31/2014", "Market Cap (intraday) 5": "5.02B", "Enterprise Value 3": "5.47B", "Trailing P/E ": "23.51", "Forward P/E 1": "17.36", "PEG Ratio (5 yr expected) 1": "1.66", "Price/Sales (ttm)": "5.03", "Price/Book (mrq)": "3.18", "Enterprise Value/Revenue 3": "22.82", "Enterprise Value/EBITDA 7": "55.45"}, "12/31/2013": {"Duration": "12/31/2013", "Market Cap (intraday) 5": "5.16B", "Enterprise Value 3": "5.69B", "Trailing P/E ": "23.38", "Forward P/E 1": "18.18", "PEG Ratio (5 yr expected) 1": "1.66", "Price/Sales (ttm)": "5.25", "Price/Book (mrq)": "3.39", "Enterprise Value/Revenue 3": "21.25", "Enterprise Value/EBITDA 7": "50.64"}, "9/30/2013": {"Duration": "9/30/2013", "Market Cap (intraday) 5": "4.77B", "Enterprise Value 3": "5.25B", "Trailing P/E ": "22.37", "Forward P/E 1": "17.01", "PEG Ratio (5 yr expected) 1": "1.86", "Price/Sales (ttm)": "4.97", "Price/Book (mrq)": "3.06", "Enterprise Value/Revenue 3": "20.33", "Enterprise Value/EBITDA 7": "46.69"}, "6/30/2013": {"Duration": "6/30/2013", "Market Cap (intraday) 5": "4.02B", "Enterprise Value 3": "4.58B", "Trailing P/E ": "20.66", "Forward P/E 1": "14.49", "PEG Ratio (5 yr expected) 1": "2.12", "Price/Sales (ttm)": "4.20", "Price/Book (mrq)": "2.70", "Enterprise Value/Revenue 3": "17.77", "Enterprise Value/EBITDA 7": "38.99"}, "3/31/2013": {"Duration": "3/31/2013", "Market Cap (intraday) 5": "4.09B", "Enterprise Value 3": "4.69B", "Trailing P/E ": "22.93", "Forward P/E 1": "14.66", "PEG Ratio (5 yr expected) 1": "2.14", "Price/Sales (ttm)": "4.40", "Price/Book (mrq)": "2.87", "Enterprise Value/Revenue 3": "18.63", "Enterprise Value/EBITDA 7": "42.62"}, "12/31/2012": {"Duration": "12/31/2012", "Market Cap (intraday) 5": "3.72B", "Enterprise Value 3": "4.32B", "Trailing P/E ": "20.94", "Forward P/E 1": "15.08", "PEG Ratio (5 yr expected) 1": "2.26", "Price/Sales (ttm)": "4.02", "Price/Book (mrq)": "2.61", "Enterprise Value/Revenue 3": "17.50", "Enterprise Value/EBITDA 7": "37.30"}, "9/30/2012": {"Duration": "9/30/2012", "Market Cap (intraday) 5": "4.36B", "Enterprise Value 3": "4.88B", "Trailing P/E ": "25.03", "Forward P/E 1": "16.31", "PEG Ratio (5 yr expected) 1": "1.73", "Price/Sales (ttm)": "4.78", "Price/Book (mrq)": "3.10", "Enterprise Value/Revenue 3": "20.71", "Enterprise Value/EBITDA 7": "47.11"}, "6/30/2012": {"Duration": "6/30/2012", "Market Cap (intraday) 5": "4.14B", "Enterprise Value 3": "4.75B", "Trailing P/E ": "22.83", "Forward P/E 1": "15.60", "PEG Ratio (5 yr expected) 1": "0.80", "Price/Sales (ttm)": "4.60", "Price/Book (mrq)": "3.04", "Enterprise Value/Revenue 3": "19.91", "Enterprise Value/EBITDA 7": "44.19"}, "3/31/2012": {"Duration": "3/31/2012", "Market Cap (intraday) 5": "4.47B", "Enterprise Value 3": "5.16B", "Trailing P/E ": "26.11", "Forward P/E 1": "16.67", "PEG Ratio (5 yr expected) 1": "1.11", "Price/Sales (ttm)": "5.00", "Price/Book (mrq)": "3.43", "Enterprise Value/Revenue 3": "22.51", "Enterprise Value/EBITDA 7": "51.06"}, "12/31/2011": {"Duration": "12/31/2011", "Market Cap (intraday) 5": "3.97B", "Enterprise Value 3": "4.72B", "Trailing P/E ": "40.65", "Forward P/E 1": "16.58", "PEG Ratio (5 yr expected) 1": "1.11", "Price/Sales (ttm)": "5.63", "Price/Book (mrq)": "3.16", "Enterprise Value/Revenue 3": "20.87", "Enterprise Value/EBITDA 7": "45.33"}, "9/30/2011": {"Duration": "9/30/2011", "Market Cap (intraday) 5": "3.66B", "Enterprise Value 3": "4.41B", "Trailing P/E ": "37.44", "Forward P/E 1": "14.68", "PEG Ratio (5 yr expected) 1": "0.98", "Price/Sales (ttm)": "5.19", "Price/Book (mrq)": "2.90", "Enterprise Value/Revenue 3": "19.58", "Enterprise Value/EBITDA 7": "42.17"}, "6/30/2011": {"Duration": "6/30/2011", "Market Cap (intraday) 5": "4.54B", "Enterprise Value 3": "5.37B", "Trailing P/E ": "46.52", "Forward P/E 1": "18.35", "PEG Ratio (5 yr expected) 1": "1.06", "Price/Sales (ttm)": "6.44", "Price/Book (mrq)": "3.75", "Enterprise Value/Revenue 3": "23.71", "Enterprise Value/EBITDA 7": "51.58"}, "3/31/2011": {"Duration": "3/31/2011", "Market Cap (intraday) 5": "4.42B", "Enterprise Value 3": "5.36B", "Trailing P/E ": "45.46", "Forward P/E 1": "18.94", "PEG Ratio (5 yr expected) 1": "1.07", "Price/Sales (ttm)": "6.30", "Price/Book (mrq)": "3.85", "Enterprise Value/Revenue 3": "24.02", "Enterprise Value/EBITDA 7": "58.47"}, "11/30/2010": {"Duration": "11/30/2010", "Market Cap (intraday) 5": "4.07B", "Enterprise Value 3": "5.03B", "Trailing P/E ": "42.05", "Forward P/E 1": "19.92", "PEG Ratio (5 yr expected) 1": "1.18", "Price/Sales (ttm)": "5.82", "Price/Book (mrq)": "3.77", "Enterprise Value/Revenue 3": "23.60", "Enterprise Value/EBITDA 7": "55.43"}, "8/31/2010": {"Duration": "8/31/2010", "Market Cap (intraday) 5": "3.54B", "Enterprise Value 3": "4.57B", "Trailing P/E ": "37.38", "Forward P/E 1": "N/A", "PEG Ratio (5 yr expected) 1": "N/A", "Price/Sales (ttm)": "5.80", "Price/Book (mrq)": "3.43", "Enterprise Value/Revenue 3": "22.54", "Enterprise Value/EBITDA 7": "73.33"}, "5/31/2010": {"Duration": "5/31/2010", "Market Cap (intraday) 5": "3.11B", "Enterprise Value 3": "2.97B", "Trailing P/E ": "32.94", "Forward P/E 1": "N/A", "PEG Ratio (5 yr expected) 1": "N/A", "Price/Sales (ttm)": "6.71", "Price/Book (mrq)": "5.71", "Enterprise Value/Revenue 3": "23.73", "Enterprise Value/EBITDA 7": "54.24"}, "2/28/2010": {"Duration": "2/28/2010", "Market Cap (intraday) 5": "3.16B", "Enterprise Value 3": "3.07B", "Trailing P/E ": "37.48", "Forward P/E 1": "N/A", "PEG Ratio (5 yr expected) 1": "N/A", "Price/Sales (ttm)": "6.94", "Price/Book (mrq)": "6.21", "Enterprise Value/Revenue 3": "25.25", "Enterprise Value/EBITDA 7": "54.93"}, "11/30/2009": {"Duration": "11/30/2009", "Market Cap (intraday) 5": "3.19B", "Enterprise Value 3": "3.10B", "Trailing P/E ": "38.09", "Forward P/E 1": "N/A", "PEG Ratio (5 yr expected) 1": "N/A", "Price/Sales (ttm)": "7.05", "Price/Book (mrq)": "6.30", "Enterprise Value/Revenue 3": "26.11", "Enterprise Value/EBITDA 7": "57.97"}, "8/31/2009": {"Duration": "8/31/2009", "Market Cap (intraday) 5": "2.95B", "Enterprise Value 3": "2.97B", "Trailing P/E ": "43.26", "Forward P/E 1": "N/A", "PEG Ratio (5 yr expected) 1": "N/A", "Price/Sales (ttm)": "6.94", "Price/Book (mrq)": "7.98", "Enterprise Value/Revenue 3": "27.28", "Enterprise Value/EBITDA 7": "62.34"}, "5/31/2009": {"Duration": "5/31/2009", "Market Cap (intraday) 5": "2.13B", "Enterprise Value 3": "2.25B", "Trailing P/E ": "32.72", "Forward P/E 1": "N/A", "PEG Ratio (5 yr expected) 1": "N/A", "Price/Sales (ttm)": "4.99", "Price/Book (mrq)": "6.80", "Enterprise Value/Revenue 3": "20.55", "Enterprise Value/EBITDA 7": "48.58"}, "2/28/2009": {"Duration": "2/28/2009", "Market Cap (intraday) 5": "1.58B", "Enterprise Value 3": "1.71B", "Trailing P/E ": "23.52", "Forward P/E 1": "N/A", "PEG Ratio (5 yr expected) 1": "N/A", "Price/Sales (ttm)": "3.70", "Price/Book (mrq)": "5.51", "Enterprise Value/Revenue 3": "16.15", "Enterprise Value/EBITDA 7": "41.22"}, "11/30/2008": {"Duration": "11/30/2008", "Market Cap (intraday) 5": "1.54B", "Enterprise Value 3": "1.70B", "Trailing P/E ": "20.30", "Forward P/E 1": "N/A", "PEG Ratio (5 yr expected) 1": "N/A", "Price/Sales (ttm)": "3.54", "Price/Book (mrq)": "5.65", "Enterprise Value/Revenue 3": "15.87", "Enterprise Value/EBITDA 7": "42.73"}, "8/31/2008": {"Duration": "8/31/2008", "Market Cap (intraday) 5": "2.99B", "Enterprise Value 3": "3.37B", "Trailing P/E ": "35.96", "Forward P/E 1": "N/A", "PEG Ratio (5 yr expected) 1": "N/A", "Price/Sales (ttm)": "6.84", "Price/Book (mrq)": "11.90", "Enterprise Value/Revenue 3": "30.50", "Enterprise Value/EBITDA 7": "73.15"}, "5/31/2008": {"Duration": "5/31/2008", "Market Cap (intraday) 5": "3.56B", "Enterprise Value 3": "3.95B", "Trailing P/E ": "82.20", "Forward P/E 1": "N/A", "PEG Ratio (5 yr expected) 1": "N/A", "Price/Sales (ttm)": "9.42", "Price/Book (mrq)": "16.01", "Enterprise Value/Revenue 3": "36.54", "Enterprise Value/EBITDA 7": "96.21"}, "2/29/2008": {"Duration": "2/29/2008", "Market Cap (intraday) 5": "2.97B", "Enterprise Value 3": "3.37B", "Trailing P/E ": "68.74", "Forward P/E 1": "N/A", "PEG Ratio (5 yr expected) 1": "N/A", "Price/Sales (ttm)": "7.87", "Price/Book (mrq)": "13.38", "Enterprise Value/Revenue 3": "32.12", "Enterprise Value/EBITDA 7": "79.69"}, "11/30/2007": {"Duration": "11/30/2007", "Market Cap (intraday) 5": "2.77B", "Enterprise Value 3": "3.16B", "Trailing P/E ": "28.80", "Forward P/E 1": "N/A", "PEG Ratio (5 yr expected) 1": "N/A", "Price/Sales (ttm)": "6.33", "Price/Book (mrq)": "13.83", "Enterprise Value/Revenue 3": "31.05", "Enterprise Value/EBITDA 7": "66.61"}}, "inside": {"Date": ["INSIDER NAME", "TITLE", "DATE", "TRANSATION", "SHARE", "PRICE", "AMOUNT"], "2021-05-06 16:00:44": ["PETTIT CD BAER", "PRESIDENT & COO", "2021-05-04", "SELL", "2,500", "484.11", "1,210,286"], "2021-04-07 16:17:22": ["PETTIT CD BAER", "PRESIDENT & COO", "2021-04-05", "SELL", "2,500", "430.66", "1,076,638"], "2021-03-08 16:03:08": ["PETTIT CD BAER", "PRESIDENT & COO", "2021-03-04", "SELL", "2,500", "407.77", "1,019,421"], "2021-03-03 16:02:29": ["MAK JENNIFER H", "GLOBAL CONTROLLER", "2021-03-01", "SELL", "596", "421.38", "251,142"], "2021-02-08 16:14:20": ["PETTIT CD BAER", "PRESIDENT & COO", "2021-02-04", "SELL", "2,500", "420.52", "1,051,294"], "2020-12-08 16:00:26": ["PETTIT CD BAER", "PRESIDENT & COO", "2020-12-04", "SELL", "2,500", "424.17", "1,060,419"], "2020-11-18 09:00:24": ["CRUM SCOTT A", "CHIEF HUMAN RESOURCES OFFICER", "2020-11-17", "SELL", "1,000", "395.00", "395,000"], "2020-11-05 13:35:51": ["PETTIT CD BAER", "PRESIDENT & COO", "2020-11-04", "SELL", "2,500", "378.24", "945,606"], "2020-10-07 11:32:09": ["PETTIT CD BAER", "PRESIDENT & COO", "2020-10-05", "SELL", "2,500", "350.37", "875,937"], "2020-09-09 16:43:29": ["PETTIT CD BAER", "PRESIDENT & COO", "2020-09-04", "SELL", "2,500", "353.42", "883,548"], "2020-08-06 16:38:47": ["PETTIT CD BAER", "PRESIDENT & COO", "2020-08-04", "SELL", "2,500", "367.31", "918,279"], "2020-07-31 16:57:46": ["CRUM SCOTT A", "CHIEF HUMAN RESOURCES OFFICER", "2020-07-30", "SELL", "3,500", "376.69", "1,318,415"], "2020-07-08 16:45:06": ["PETTIT CD BAER", "PRESIDENT & COO", "2020-07-06", "SELL", "2,500", "347.47", "868,664"], "2020-06-08 16:38:20": ["PETTIT CD BAER", "PRESIDENT & COO", "2020-06-04", "SELL", "2,500", "317.15", "792,885"]}}}, {"PLT": {"quote": {"05/11/2021": {"value": "40.70", "Market Cap": "1.679B", "Beta (5Y Monthly)": "1.87", "PE Ratio (TTM)": "N/A", "EPS (TTM)": "-18.34", "Earnings Date": "May 13, 2021", "Forward Dividend & Yield": "N/A (N/A)", "Ex-Dividend Date": "Feb 19, 2020", "1y Target Est": "45.40"}}, "fin": {"TTM": {"Duration": "TTM", "Total Revenue": "1,727,607", "Cost of Revenue": "951,056", "Gross Profit": "776,551", "Operating Expense": "697,668", "Operating Income": "78,883", "Net Non Operating Interest Income Expense": "-82,606", "Other Income Expense": "-61,157", "Pretax Income": "-64,880", "Tax Provision": "-7,549", "Net Income Common Stockholders": "-57,331", "Diluted NI Available to Com Stockholders": "-57,331", "Basic EPS": "-", "Diluted EPS": "-", "Basic Average Shares": "-", "Diluted Average Shares": "-", "Total Operating Income as Reported": "12,618", "Total Expenses": "1,648,724", "Net Income from Continuing & Discontinued Operation": "-57,331", "Normalized Income": "1,247", "Interest Expense": "82,606", "Net Interest Income": "-82,606", "EBIT": "17,726", "EBITDA": "182,593", "Reconciled Cost of Revenue": "951,056", "Reconciled Depreciation": "164,867", "Net Income from Continuing Operation Net Minority Interest": "-57,331", "Total Unusual Items Excluding Goodwill": "-66,265", "Total Unusual Items": "-66,265", "Normalized EBITDA": "248,858", "Tax Rate for Calcs": "0", "Tax Effect of Unusual Items": "-7,687"}, "3/31/2020": {"Duration": "3/31/2020", "Total Revenue": "1,696,990", "Cost of Revenue": "1,144,755", "Gross Profit": "552,235", "Operating Expense": "813,740", "Operating Income": "-261,505", "Net Non Operating Interest Income Expense": "-92,640", "Other Income Expense": "-542,438", "Pretax Income": "-896,583", "Tax Provision": "-69,401", "Net Income Common Stockholders": "-827,182", "Diluted NI Available to Com Stockholders": "-827,182", "Basic EPS": "-20.48", "Diluted EPS": "-20.48", "Basic Average Shares": "39,658", "Diluted Average Shares": "39,658", "Total Operating Income as Reported": "-804,055", "Total Expenses": "1,958,495", "Net Income from Continuing & Discontinued Operation": "-827,182", "Normalized Income": "-326,408", "Interest Expense": "92,640", "Net Interest Income": "-92,640", "EBIT": "-803,943", "EBITDA": "-", "Reconciled Cost of Revenue": "1,144,755", "Reconciled Depreciation": "230,262", "Net Income from Continuing Operation Net Minority Interest": "-827,182", "Total Unusual Items Excluding Goodwill": "-542,550", "Total Unusual Items": "-542,550", "Normalized EBITDA": "-31,131", "Tax Rate for Calcs": "0", "Tax Effect of Unusual Items": "-41,776"}, "3/31/2019": {"Duration": "3/31/2019", "Total Revenue": "1,674,535", "Cost of Revenue": "980,396", "Gross Profit": "694,139", "Operating Expense": "769,765", "Operating Income": "-75,626", "Net Non Operating Interest Income Expense": "-83,000", "Other Income Expense": "-27,066", "Pretax Income": "-185,692", "Tax Provision": "-50,131", "Net Income Common Stockholders": "-135,561", "Diluted NI Available to Com Stockholders": "-135,561", "Basic EPS": "-3.61", "Diluted EPS": "-3.61", "Basic Average Shares": "37,569", "Diluted Average Shares": "37,569", "Total Operating Income as Reported": "-109,295", "Total Expenses": "1,750,161", "Net Income from Continuing & Discontinued Operation": "-135,561", "Normalized Income": "-110,983", "Interest Expense": "-", "Net Interest Income": "-83,000", "EBIT": "-75,626", "EBITDA": "-", "Reconciled Cost of Revenue": "980,396", "Reconciled Depreciation": "201,369", "Net Income from Continuing Operation Net Minority Interest": "-135,561", "Total Unusual Items Excluding Goodwill": "-33,669", "Total Unusual Items": "-33,669", "Normalized EBITDA": "159,412", "Tax Rate for Calcs": "0", "Tax Effect of Unusual Items": "-9,091"}, "3/31/2018": {"Duration": "3/31/2018", "Total Revenue": "856,903", "Cost of Revenue": "417,788", "Gross Profit": "439,115", "Operating Expense": "313,583", "Operating Income": "125,532", "Net Non Operating Interest Income Expense": "-29,297", "Other Income Expense": "3,992", "Pretax Income": "100,227", "Tax Provision": "101,096", "Net Income Common Stockholders": "-869", "Diluted NI Available to Com Stockholders": "-869", "Basic EPS": "-0.03", "Diluted EPS": "-0.03", "Basic Average Shares": "32,345", "Diluted Average Shares": "32,345", "Total Operating Income as Reported": "123,501", "Total Expenses": "731,371", "Net Income from Continuing & Discontinued Operation": "-869", "Normalized Income": "613.63", "Interest Expense": "-", "Net Interest Income": "-29,297", "EBIT": "125,532", "EBITDA": "-", "Reconciled Cost of Revenue": "417,788", "Reconciled Depreciation": "21,178", "Net Income from Continuing Operation Net Minority Interest": "-869", "Total Unusual Items Excluding Goodwill": "-2,031", "Total Unusual Items": "-2,031", "Normalized EBITDA": "148,741", "Tax Rate for Calcs": "0", "Tax Effect of Unusual Items": "-548.37"}, "3/31/2021": {"Duration": "3/31/2021", "Total Revenue": "1,727,607", "Cost of Revenue": "951,056", "Gross Profit": "776,551", "Operating Expense": "697,668", "Operating Income": "78,883", "Net Non Operating Interest Income Expense": "-82,606", "Other Income Expense": "-61,157", "Pretax Income": "-64,880", "Tax Provision": "-7,549", "Net Income Common Stockholders": "-57,331", "Diluted NI Available to Com Stockholders": "-57,331", "Basic EPS": "-1.40", "Diluted EPS": "-1.40", "Basic Average Shares": "41,044", "Diluted Average Shares": "41,044", "Total Operating Income as Reported": "12,618", "Total Expenses": "1,648,724", "Net Income from Continuing & Discontinued Operation": "-57,331", "Normalized Income": "1,247", "Interest Expense": "82,606", "Net Interest Income": "-82,606", "EBIT": "17,726", "EBITDA": "-", "Reconciled Cost of Revenue": "951,056", "Reconciled Depreciation": "164,867", "Net Income from Continuing Operation Net Minority Interest": "-57,331", "Total Unusual Items Excluding Goodwill": "-66,265", "Total Unusual Items": "-66,265", "Normalized EBITDA": "248,858", "Tax Rate for Calcs": "0", "Tax Effect of Unusual Items": "-7,687"}, "3/31/2017": {"Duration": "3/31/2017", "Total Revenue": "881,176", "Cost of Revenue": "439,806", "Gross Profit": "441,370", "Operating Expense": "312,148", "Operating Income": "129,222", "Net Non Operating Interest Income Expense": "-29,230", "Other Income Expense": "1,673", "Pretax Income": "101,665", "Tax Provision": "19,066", "Net Income Common Stockholders": "82,599", "Diluted NI Available to Com Stockholders": "82,599", "Basic EPS": "2.56", "Diluted EPS": "2.51", "Basic Average Shares": "32,279", "Diluted Average Shares": "32,963", "Total Operating Income as Reported": "125,076", "Total Expenses": "751,954", "Net Income from Continuing & Discontinued Operation": "82,599", "Normalized Income": "85,966", "Interest Expense": "-", "Net Interest Income": "-29,230", "EBIT": "129,222", "EBITDA": "-", "Reconciled Cost of Revenue": "439,806", "Reconciled Depreciation": "20,977", "Net Income from Continuing Operation Net Minority Interest": "82,599", "Total Unusual Items Excluding Goodwill": "-4,146", "Total Unusual Items": "-4,146", "Normalized EBITDA": "154,345", "Tax Rate for Calcs": "0", "Tax Effect of Unusual Items": "-779.448"}, "3/31/2016": {"Duration": "3/31/2016", "Total Revenue": "856,907", "Cost of Revenue": "422,233", "Gross Profit": "434,674", "Operating Expense": "311,707", "Operating Income": "122,967", "Net Non Operating Interest Income Expense": "-25,149", "Other Income Expense": "-15,642", "Pretax Income": "82,176", "Tax Provision": "13,784", "Net Income Common Stockholders": "68,392", "Diluted NI Available to Com Stockholders": "68,392", "Basic EPS": "2.00", "Diluted EPS": "1.96", "Basic Average Shares": "34,127", "Diluted Average Shares": "34,938", "Total Operating Income as Reported": "108,041", "Total Expenses": "733,940", "Net Income from Continuing & Discontinued Operation": "68,392", "Normalized Income": "80,810", "Interest Expense": "-", "Net Interest Income": "-25,149", "EBIT": "122,967", "EBITDA": "-", "Reconciled Cost of Revenue": "422,233", "Reconciled Depreciation": "20,142", "Net Income from Continuing Operation Net Minority Interest": "68,392", "Total Unusual Items Excluding Goodwill": "-14,926", "Total Unusual Items": "-14,926", "Normalized EBITDA": "158,035", "Tax Rate for Calcs": "0", "Tax Effect of Unusual Items": "-2,508"}, "3/31/2015": {"Duration": "3/31/2015", "Total Revenue": "865,010", "Cost of Revenue": "403,391", "Gross Profit": "461,619", "Operating Expense": "321,196", "Operating Income": "140,423", "Net Non Operating Interest Income Expense": "-3,834", "Other Income Expense": "8,662", "Pretax Income": "145,251", "Tax Provision": "32,950", "Net Income Common Stockholders": "112,301", "Diluted NI Available to Com Stockholders": "112,301", "Basic EPS": "2.69", "Diluted EPS": "2.63", "Basic Average Shares": "41,723", "Diluted Average Shares": "42,643", "Total Operating Income as Reported": "149,085", "Total Expenses": "724,587", "Net Income from Continuing & Discontinued Operation": "112,301", "Normalized Income": "105,605", "Interest Expense": "-", "Net Interest Income": "-3,834", "EBIT": "140,423", "EBITDA": "-", "Reconciled Cost of Revenue": "403,391", "Reconciled Depreciation": "18,711", "Net Income from Continuing Operation Net Minority Interest": "112,301", "Total Unusual Items Excluding Goodwill": "8,662", "Total Unusual Items": "8,662", "Normalized EBITDA": "150,472", "Tax Rate for Calcs": "0", "Tax Effect of Unusual Items": "1,966"}, "3/31/2014": {"Duration": "3/31/2014", "Total Revenue": "818,607", "Cost of Revenue": "391,979", "Gross Profit": "426,628", "Operating Expense": "285,957", "Operating Income": "140,671", "Net Non Operating Interest Income Expense": "1,015", "Other Income Expense": "-547", "Pretax Income": "141,139", "Tax Provision": "28,722", "Net Income Common Stockholders": "112,417", "Diluted NI Available to Com Stockholders": "112,417", "Basic EPS": "2.65", "Diluted EPS": "2.59", "Basic Average Shares": "42,452", "Diluted Average Shares": "43,364", "Total Operating Income as Reported": "140,124", "Total Expenses": "677,936", "Net Income from Continuing & Discontinued Operation": "112,417", "Normalized Income": "112,852", "Interest Expense": "-", "Net Interest Income": "1,015", "EBIT": "140,671", "EBITDA": "-", "Reconciled Cost of Revenue": "391,979", "Reconciled Depreciation": "15,566", "Net Income from Continuing Operation Net Minority Interest": "112,417", "Total Unusual Items Excluding Goodwill": "-547", "Total Unusual Items": "-547", "Normalized EBITDA": "156,784", "Tax Rate for Calcs": "0", "Tax Effect of Unusual Items": "-111.588"}, "3/31/2013": {"Duration": "3/31/2013", "Total Revenue": "762,226", "Cost of Revenue": "359,045", "Gross Profit": "403,181", "Operating Expense": "262,818", "Operating Income": "140,363", "Net Non Operating Interest Income Expense": "328", "Other Income Expense": "-2,266", "Pretax Income": "138,425", "Tax Provision": "32,023", "Net Income Common Stockholders": "106,402", "Diluted NI Available to Com Stockholders": "106,402", "Basic EPS": "2.55", "Diluted EPS": "2.49", "Basic Average Shares": "41,748", "Diluted Average Shares": "42,738", "Total Operating Income as Reported": "138,097", "Total Expenses": "621,863", "Net Income from Continuing & Discontinued Operation": "106,402", "Normalized Income": "108,145", "Interest Expense": "-", "Net Interest Income": "328", "EBIT": "140,363", "EBITDA": "-", "Reconciled Cost of Revenue": "359,045", "Reconciled Depreciation": "16,219", "Net Income from Continuing Operation Net Minority Interest": "106,402", "Total Unusual Items Excluding Goodwill": "-2,266", "Total Unusual Items": "-2,266", "Normalized EBITDA": "158,848", "Tax Rate for Calcs": "0", "Tax Effect of Unusual Items": "-523.446"}, "3/31/2012": {"Duration": "3/31/2012", "Total Revenue": "713,368", "Cost of Revenue": "329,017", "Gross Profit": "384,351", "Operating Expense": "242,998", "Operating Income": "141,353", "Net Non Operating Interest Income Expense": "1,249", "Other Income Expense": "-", "Pretax Income": "142,602", "Tax Provision": "33,566", "Net Income Common Stockholders": "109,036", "Diluted NI Available to Com Stockholders": "109,036", "Basic EPS": "2.48", "Diluted EPS": "2.41", "Basic Average Shares": "44,023", "Diluted Average Shares": "45,265", "Total Operating Income as Reported": "141,353", "Total Expenses": "572,015", "Net Income from Continuing & Discontinued Operation": "109,036", "Normalized Income": "109,036", "Interest Expense": "-", "Net Interest Income": "1,249", "EBIT": "141,353", "EBITDA": "-", "Reconciled Cost of Revenue": "329,017", "Reconciled Depreciation": "13,760", "Net Income from Continuing Operation Net Minority Interest": "109,036", "Total Unusual Items Excluding Goodwill": "0", "Total Unusual Items": "0", "Normalized EBITDA": "155,113", "Tax Rate for Calcs": "0", "Tax Effect of Unusual Items": "0"}, "3/31/2011": {"Duration": "3/31/2011", "Total Revenue": "683,602", "Cost of Revenue": "321,846", "Gross Profit": "361,756", "Operating Expense": "221,472", "Operating Income": "140,284", "Net Non Operating Interest Income Expense": "-56", "Other Income Expense": "428", "Pretax Income": "140,656", "Tax Provision": "31,413", "Net Income Common Stockholders": "109,243", "Diluted NI Available to Com Stockholders": "109,243", "Basic EPS": "2.31", "Diluted EPS": "2.23", "Basic Average Shares": "47,713", "Diluted Average Shares": "49,344", "Total Operating Income as Reported": "140,712", "Total Expenses": "543,318", "Net Income from Continuing & Discontinued Operation": "109,243", "Normalized Income": "108,911", "Interest Expense": "-", "Net Interest Income": "-56", "EBIT": "140,284", "EBITDA": "-", "Reconciled Cost of Revenue": "321,846", "Reconciled Depreciation": "16,275", "Net Income from Continuing Operation Net Minority Interest": "109,243", "Total Unusual Items Excluding Goodwill": "428", "Total Unusual Items": "428", "Normalized EBITDA": "156,131", "Tax Rate for Calcs": "0", "Tax Effect of Unusual Items": "95.5861"}, "3/31/2010": {"Duration": "3/31/2010", "Total Revenue": "613,837", "Cost of Revenue": "312,767", "Gross Profit": "301,070", "Operating Expense": "201,568", "Operating Income": "99,502", "Net Non Operating Interest Income Expense": "3,105", "Other Income Expense": "-1,867", "Pretax Income": "100,740", "Tax Provision": "24,287", "Net Income Common Stockholders": "57,378", "Diluted NI Available to Com Stockholders": "57,378", "Basic EPS": "1.19", "Diluted EPS": "1.17", "Basic Average Shares": "48,504", "Diluted Average Shares": "49,331", "Total Operating Income as Reported": "97,635", "Total Expenses": "514,335", "Net Income from Continuing & Discontinued Operation": "57,378", "Normalized Income": "77,870", "Interest Expense": "-", "Net Interest Income": "3,105", "EBIT": "99,502", "EBITDA": "-", "Reconciled Cost of Revenue": "312,767", "Reconciled Depreciation": "18,144", "Net Income from Continuing Operation Net Minority Interest": "76,453", "Total Unusual Items Excluding Goodwill": "-1,867", "Total Unusual Items": "-1,867", "Normalized EBITDA": "119,513", "Tax Rate for Calcs": "0", "Tax Effect of Unusual Items": "-450.1075"}, "3/31/2009": {"Duration": "3/31/2009", "Total Revenue": "765,619", "Cost of Revenue": "469,591", "Gross Profit": "296,028", "Operating Expense": "247,662", "Operating Income": "48,366", "Net Non Operating Interest Income Expense": "0", "Other Income Expense": "-133,082", "Pretax Income": "-84,716", "Tax Provision": "-19,817", "Net Income Common Stockholders": "-64,899", "Diluted NI Available to Com Stockholders": "-64,899", "Basic EPS": "-1.34", "Diluted EPS": "-1.34", "Basic Average Shares": "48,589", "Diluted Average Shares": "48,589", "Total Operating Income as Reported": "-81,172", "Total Expenses": "717,253", "Net Income from Continuing & Discontinued Operation": "-64,899", "Normalized Income": "37,052", "Interest Expense": "-", "Net Interest Income": "0", "EBIT": "48,366", "EBITDA": "-", "Reconciled Cost of Revenue": "469,591", "Reconciled Depreciation": "25,822", "Net Income from Continuing Operation Net Minority Interest": "-64,899", "Total Unusual Items Excluding Goodwill": "-133,082", "Total Unusual Items": "-133,082", "Normalized EBITDA": "207,270", "Tax Rate for Calcs": "0", "Tax Effect of Unusual Items": "-31,131"}, "3/31/2008": {"Duration": "3/31/2008", "Total Revenue": "856,286", "Cost of Revenue": "507,181", "Gross Profit": "349,105", "Operating Expense": "266,138", "Operating Income": "82,967", "Net Non Operating Interest Income Expense": "-", "Other Income Expense": "-3,584", "Pretax Income": "85,237", "Tax Provision": "16,842", "Net Income Common Stockholders": "68,395", "Diluted NI Available to Com Stockholders": "68,395", "Basic EPS": "1.42", "Diluted EPS": "1.39", "Basic Average Shares": "48,232", "Diluted Average Shares": "49,090", "Total Operating Income as Reported": "79,383", "Total Expenses": "773,319", "Net Income from Continuing & Discontinued Operation": "68,395", "Normalized Income": "71,271", "Interest Expense": "-", "Net Interest Income": "-", "EBIT": "82,967", "EBITDA": "-", "Reconciled Cost of Revenue": "507,181", "Reconciled Depreciation": "28,486", "Net Income from Continuing Operation Net Minority Interest": "68,395", "Total Unusual Items Excluding Goodwill": "-3,584", "Total Unusual Items": "-3,584", "Normalized EBITDA": "115,037", "Tax Rate for Calcs": "0", "Tax Effect of Unusual Items": "-708.1635"}, "3/31/2007": {"Duration": "3/31/2007", "Total Revenue": "800,154", "Cost of Revenue": "491,339", "Gross Profit": "308,815", "Operating Expense": "251,366", "Operating Income": "57,449", "Net Non Operating Interest Income Expense": "-", "Other Income Expense": "2,637", "Pretax Income": "61,538", "Tax Provision": "11,395", "Net Income Common Stockholders": "50,143", "Diluted NI Available to Com Stockholders": "50,143", "Basic EPS": "1.06", "Diluted EPS": "1.04", "Basic Average Shares": "47,361", "Diluted Average Shares": "48,020", "Total Operating Income as Reported": "57,449", "Total Expenses": "742,705", "Net Income from Continuing & Discontinued Operation": "50,143", "Normalized Income": "47,994", "Interest Expense": "-", "Net Interest Income": "-", "EBIT": "57,449", "EBITDA": "-", "Reconciled Cost of Revenue": "491,339", "Reconciled Depreciation": "29,151", "Net Income from Continuing Operation Net Minority Interest": "50,143", "Total Unusual Items Excluding Goodwill": "2,637", "Total Unusual Items": "2,637", "Normalized EBITDA": "83,963", "Tax Rate for Calcs": "0", "Tax Effect of Unusual Items": "488.2937"}, "3/31/2006": {"Duration": "3/31/2006", "Total Revenue": "750,394", "Cost of Revenue": "424,140", "Gross Profit": "326,254", "Operating Expense": "215,892", "Operating Income": "110,362", "Net Non Operating Interest Income Expense": "-", "Other Income Expense": "-", "Pretax Income": "112,554", "Tax Provision": "31,404", "Net Income Common Stockholders": "81,150", "Diluted NI Available to Com Stockholders": "81,150", "Basic EPS": "1.72", "Diluted EPS": "1.66", "Basic Average Shares": "47,120", "Diluted Average Shares": "48,788", "Total Operating Income as Reported": "110,362", "Total Expenses": "640,032", "Net Income from Continuing & Discontinued Operation": "81,150", "Normalized Income": "81,150", "Interest Expense": "-", "Net Interest Income": "-", "EBIT": "110,362", "EBITDA": "-", "Reconciled Cost of Revenue": "424,140", "Reconciled Depreciation": "24,244", "Net Income from Continuing Operation Net Minority Interest": "81,150", "Total Unusual Items Excluding Goodwill": "-", "Total Unusual Items": "-", "Normalized EBITDA": "134,606", "Tax Rate for Calcs": "0", "Tax Effect of Unusual Items": "0"}, "3/31/2005": {"Duration": "3/31/2005", "Total Revenue": "559,995", "Cost of Revenue": "271,537", "Gross Profit": "288,458", "Operating Expense": "161,837", "Operating Income": "126,621", "Net Non Operating Interest Income Expense": "-", "Other Income Expense": "-", "Pretax Income": "130,360", "Tax Provision": "32,840", "Net Income Common Stockholders": "97,520", "Diluted NI Available to Com Stockholders": "97,520", "Basic EPS": "2.02", "Diluted EPS": "1.92", "Basic Average Shares": "48,249", "Diluted Average Shares": "50,821", "Total Operating Income as Reported": "126,621", "Total Expenses": "433,374", "Net Income from Continuing & Discontinued Operation": "97,520", "Normalized Income": "97,520", "Interest Expense": "-", "Net Interest Income": "-", "EBIT": "126,621", "EBITDA": "-", "Reconciled Cost of Revenue": "271,537", "Reconciled Depreciation": "12,228", "Net Income from Continuing Operation Net Minority Interest": "97,520", "Total Unusual Items Excluding Goodwill": "-", "Total Unusual Items": "-", "Normalized EBITDA": "138,849", "Tax Rate for Calcs": "0", "Tax Effect of Unusual Items": "0"}, "3/31/2004": {"Duration": "3/31/2004", "Total Revenue": "416,965", "Cost of Revenue": "200,995", "Gross Profit": "215,970", "Operating Expense": "131,216", "Operating Income": "84,754", "Net Non Operating Interest Income Expense": "-", "Other Income Expense": "-", "Pretax Income": "86,499", "Tax Provision": "24,220", "Net Income Common Stockholders": "62,279", "Diluted NI Available to Com Stockholders": "62,279", "Basic EPS": "1.39", "Diluted EPS": "1.31", "Basic Average Shares": "44,830", "Diluted Average Shares": "47,492", "Total Operating Income as Reported": "84,754", "Total Expenses": "332,211", "Net Income from Continuing & Discontinued Operation": "62,279", "Normalized Income": "62,279", "Interest Expense": "-", "Net Interest Income": "-", "EBIT": "84,754", "EBITDA": "-", "Reconciled Cost of Revenue": "200,995", "Reconciled Depreciation": "12,353", "Net Income from Continuing Operation Net Minority Interest": "62,279", "Total Unusual Items Excluding Goodwill": "-", "Total Unusual Items": "-", "Normalized EBITDA": "97,107", "Tax Rate for Calcs": "0", "Tax Effect of Unusual Items": "0"}, "3/31/2003": {"Duration": "3/31/2003", "Total Revenue": "337,508", "Cost of Revenue": "168,565", "Gross Profit": "168,943", "Operating Expense": "114,482", "Operating Income": "54,461", "Net Non Operating Interest Income Expense": "-", "Other Income Expense": "-", "Pretax Income": "56,760", "Tax Provision": "15,284", "Net Income Common Stockholders": "41,476", "Diluted NI Available to Com Stockholders": "41,476", "Basic EPS": "0.92", "Diluted EPS": "0.89", "Basic Average Shares": "45,187", "Diluted Average Shares": "46,584", "Total Operating Income as Reported": "54,461", "Total Expenses": "283,047", "Net Income from Continuing & Discontinued Operation": "41,476", "Normalized Income": "41,476", "Interest Expense": "-", "Net Interest Income": "-", "EBIT": "54,461", "EBITDA": "-", "Reconciled Cost of Revenue": "168,565", "Reconciled Depreciation": "11,482", "Net Income from Continuing Operation Net Minority Interest": "41,476", "Total Unusual Items Excluding Goodwill": "-", "Total Unusual Items": "-", "Normalized EBITDA": "65,943", "Tax Rate for Calcs": "0", "Tax Effect of Unusual Items": "0"}, "3/31/2002": {"Duration": "3/31/2002", "Total Revenue": "311,181", "Cost of Revenue": "163,336", "Gross Profit": "147,845", "Operating Expense": "106,576", "Operating Income": "41,269", "Net Non Operating Interest Income Expense": "-", "Other Income Expense": "-", "Pretax Income": "43,200", "Tax Provision": "6,952", "Net Income Common Stockholders": "36,248", "Diluted NI Available to Com Stockholders": "36,248", "Basic EPS": "0.77", "Diluted EPS": "0.74", "Basic Average Shares": "47,304", "Diluted Average Shares": "49,238", "Total Operating Income as Reported": "41,269", "Total Expenses": "269,912", "Net Income from Continuing & Discontinued Operation": "36,248", "Normalized Income": "36,248", "Interest Expense": "-", "Net Interest Income": "-", "EBIT": "41,269", "EBITDA": "-", "Reconciled Cost of Revenue": "163,336", "Reconciled Depreciation": "9,464", "Net Income from Continuing Operation Net Minority Interest": "36,248", "Total Unusual Items Excluding Goodwill": "-", "Total Unusual Items": "-", "Normalized EBITDA": "50,733", "Tax Rate for Calcs": "0", "Tax Effect of Unusual Items": "0"}, "3/31/2001": {"Duration": "3/31/2001", "Total Revenue": "401,038", "Cost of Revenue": "173,912", "Gross Profit": "227,126", "Operating Expense": "118,078", "Operating Income": "109,048", "Net Non Operating Interest Income Expense": "-", "Other Income Expense": "-", "Pretax Income": "102,152", "Tax Provision": "28,602", "Net Income Common Stockholders": "73,550", "Diluted NI Available to Com Stockholders": "73,550", "Basic EPS": "1.49", "Diluted EPS": "1.38", "Basic Average Shares": "49,213", "Diluted Average Shares": "53,263", "Total Operating Income as Reported": "102,014", "Total Expenses": "291,990", "Net Income from Continuing & Discontinued Operation": "73,550", "Normalized Income": "73,550", "Interest Expense": "-", "Net Interest Income": "-", "EBIT": "109,048", "EBITDA": "-", "Reconciled Cost of Revenue": "173,912", "Reconciled Depreciation": "7,034", "Net Income from Continuing Operation Net Minority Interest": "73,550", "Total Unusual Items Excluding Goodwill": "-", "Total Unusual Items": "-", "Normalized EBITDA": "116,082", "Tax Rate for Calcs": "0", "Tax Effect of Unusual Items": "0"}, "3/31/2000": {"Duration": "3/31/2000", "Total Revenue": "315,012", "Cost of Revenue": "125,241", "Gross Profit": "189,771", "Operating Expense": "96,466", "Operating Income": "93,305", "Net Non Operating Interest Income Expense": "-", "Other Income Expense": "-", "Pretax Income": "94,878", "Tax Provision": "30,361", "Net Income Common Stockholders": "64,517", "Diluted NI Available to Com Stockholders": "64,517", "Basic EPS": "1.30", "Diluted EPS": "1.22", "Basic Average Shares": "49,515", "Diluted Average Shares": "53,019", "Total Operating Income as Reported": "93,305", "Total Expenses": "221,707", "Net Income from Continuing & Discontinued Operation": "64,517", "Normalized Income": "64,517", "Interest Expense": "-", "Net Interest Income": "-", "EBIT": "93,305", "EBITDA": "-", "Reconciled Cost of Revenue": "125,241", "Reconciled Depreciation": "4,272", "Net Income from Continuing Operation Net Minority Interest": "64,517", "Total Unusual Items Excluding Goodwill": "-", "Total Unusual Items": "-", "Normalized EBITDA": "97,577", "Tax Rate for Calcs": "0", "Tax Effect of Unusual Items": "0"}, "3/31/1999": {"Duration": "3/31/1999", "Total Revenue": "286,300", "Cost of Revenue": "121,000", "Gross Profit": "165,300", "Operating Expense": "81,700", "Operating Income": "83,600", "Net Non Operating Interest Income Expense": "-", "Other Income Expense": "3,500", "Pretax Income": "81,300", "Tax Provision": "26,000", "Net Income Common Stockholders": "54,300", "Diluted NI Available to Com Stockholders": "54,300", "Basic EPS": "1.09", "Diluted EPS": "0.99", "Basic Average Shares": "49,722", "Diluted Average Shares": "54,846", "Total Operating Income as Reported": "83,600", "Total Expenses": "202,700", "Net Income from Continuing & Discontinued Operation": "55,300", "Normalized Income": "52,919", "Interest Expense": "-", "Net Interest Income": "-", "EBIT": "83,600", "EBITDA": "-", "Reconciled Cost of Revenue": "121,000", "Reconciled Depreciation": "4,700", "Net Income from Continuing Operation Net Minority Interest": "55,300", "Total Unusual Items Excluding Goodwill": "3,500", "Total Unusual Items": "3,500", "Normalized EBITDA": "84,800", "Tax Rate for Calcs": "0", "Tax Effect of Unusual Items": "1,119"}, "3/31/1998": {"Duration": "3/31/1998", "Total Revenue": "236,100", "Cost of Revenue": "104,900", "Gross Profit": "131,200", "Operating Expense": "68,800", "Operating Income": "62,400", "Net Non Operating Interest Income Expense": "-", "Other Income Expense": "2,200", "Pretax Income": "57,600", "Tax Provision": "18,400", "Net Income Common Stockholders": "39,200", "Diluted NI Available to Com Stockholders": "39,200", "Basic EPS": "0.79", "Diluted EPS": "0.72", "Basic Average Shares": "49,443", "Diluted Average Shares": "54,669", "Total Operating Income as Reported": "62,400", "Total Expenses": "173,700", "Net Income from Continuing & Discontinued Operation": "39,200", "Normalized Income": "37,703", "Interest Expense": "-", "Net Interest Income": "-", "EBIT": "62,400", "EBITDA": "-", "Reconciled Cost of Revenue": "104,900", "Reconciled Depreciation": "3,600", "Net Income from Continuing Operation Net Minority Interest": "39,200", "Total Unusual Items Excluding Goodwill": "2,200", "Total Unusual Items": "2,200", "Normalized EBITDA": "63,800", "Tax Rate for Calcs": "0", "Tax Effect of Unusual Items": "702.7778"}, "3/31/1997": {"Duration": "3/31/1997", "Total Revenue": "195,300", "Cost of Revenue": "87,700", "Gross Profit": "107,600", "Operating Expense": "57,300", "Operating Income": "50,300", "Net Non Operating Interest Income Expense": "-", "Other Income Expense": "1,700", "Pretax Income": "45,000", "Tax Provision": "15,300", "Net Income Common Stockholders": "29,700", "Diluted NI Available to Com Stockholders": "29,700", "Basic EPS": "0.56", "Diluted EPS": "0.56", "Basic Average Shares": "53,376", "Diluted Average Shares": "54,000", "Total Operating Income as Reported": "50,300", "Total Expenses": "145,000", "Net Income from Continuing & Discontinued Operation": "29,700", "Normalized Income": "28,578", "Interest Expense": "-", "Net Interest Income": "-", "EBIT": "50,300", "EBITDA": "-", "Reconciled Cost of Revenue": "87,700", "Reconciled Depreciation": "2,900", "Net Income from Continuing Operation Net Minority Interest": "29,700", "Total Unusual Items Excluding Goodwill": "1,700", "Total Unusual Items": "1,700", "Normalized EBITDA": "51,500", "Tax Rate for Calcs": "0", "Tax Effect of Unusual Items": "578"}, "3/31/1996": {"Duration": "3/31/1996", "Total Revenue": "183,000", "Cost of Revenue": "84,500", "Gross Profit": "98,500", "Operating Expense": "50,900", "Operating Income": "47,600", "Net Non Operating Interest Income Expense": "-", "Other Income Expense": "1,400", "Pretax Income": "41,800", "Tax Provision": "16,300", "Net Income Common Stockholders": "25,500", "Diluted NI Available to Com Stockholders": "25,500", "Basic EPS": "0.47", "Diluted EPS": "0.47", "Basic Average Shares": "54,255", "Diluted Average Shares": "54,255", "Total Operating Income as Reported": "47,600", "Total Expenses": "135,400", "Net Income from Continuing & Discontinued Operation": "25,500", "Normalized Income": "24,646", "Interest Expense": "-", "Net Interest Income": "-", "EBIT": "47,600", "EBITDA": "-", "Reconciled Cost of Revenue": "84,500", "Reconciled Depreciation": "2,400", "Net Income from Continuing Operation Net Minority Interest": "25,500", "Total Unusual Items Excluding Goodwill": "1,400", "Total Unusual Items": "1,400", "Normalized EBITDA": "48,600", "Tax Rate for Calcs": "0", "Tax Effect of Unusual Items": "545.933"}, "3/31/1995": {"Duration": "3/31/1995", "Total Revenue": "169,900", "Cost of Revenue": "82,500", "Gross Profit": "87,400", "Operating Expense": "44,300", "Operating Income": "43,100", "Net Non Operating Interest Income Expense": "-", "Other Income Expense": "100", "Pretax Income": "35,300", "Tax Provision": "14,500", "Net Income Common Stockholders": "20,800", "Diluted NI Available to Com Stockholders": "20,800", "Basic EPS": "0.40", "Diluted EPS": "0.40", "Basic Average Shares": "52,000", "Diluted Average Shares": "52,000", "Total Operating Income as Reported": "43,100", "Total Expenses": "126,800", "Net Income from Continuing & Discontinued Operation": "20,800", "Normalized Income": "20,740", "Interest Expense": "-", "Net Interest Income": "-", "EBIT": "43,100", "EBITDA": "-", "Reconciled Cost of Revenue": "82,500", "Reconciled Depreciation": "1,800", "Net Income from Continuing Operation Net Minority Interest": "20,800", "Total Unusual Items Excluding Goodwill": "100", "Total Unusual Items": "100", "Normalized EBITDA": "44,800", "Tax Rate for Calcs": "0", "Tax Effect of Unusual Items": "40"}, "3/31/1994": {"Duration": "3/31/1994", "Total Revenue": "134,000", "Cost of Revenue": "65,300", "Gross Profit": "68,700", "Operating Expense": "36,000", "Operating Income": "32,700", "Net Non Operating Interest Income Expense": "-", "Other Income Expense": "-48,000", "Pretax Income": "-37,700", "Tax Provision": "3,000", "Net Income Common Stockholders": "-40,700", "Diluted NI Available to Com Stockholders": "-40,700", "Basic EPS": "-1.09", "Diluted EPS": "-1.09", "Basic Average Shares": "37,339", "Diluted Average Shares": "37,339", "Total Operating Income as Reported": "32,700", "Total Expenses": "101,300", "Net Income from Continuing & Discontinued Operation": "-40,700", "Normalized Income": "-11,900", "Interest Expense": "-", "Net Interest Income": "-", "EBIT": "32,700", "EBITDA": "-", "Reconciled Cost of Revenue": "65,300", "Reconciled Depreciation": "2,000", "Net Income from Continuing Operation Net Minority Interest": "-40,700", "Total Unusual Items Excluding Goodwill": "-48,000", "Total Unusual Items": "-48,000", "Normalized EBITDA": "82,700", "Tax Rate for Calcs": "0", "Tax Effect of Unusual Items": "-19,200"}}, "bs": {"3/31/2020": {"Duration": "3/31/2020", "Total Assets": "2,257,174", "Total Liabilities Net Minority Interest": "2,339,990", "Total Equity Gross Minority Interest": "-82,816", "Total Capitalization": "1,538,878", "Common Stock Equity": "-82,816", "Capital Lease Obligations": "22,517", "Net Tangible Assets": "-1,345,947", "Working Capital": "209,203", "Invested Capital": "1,538,878", "Tangible Book Value": "-1,345,947", "Total Debt": "1,644,211", "Net Debt": "1,407,815", "Share Issued": "57,237", "Ordinary Shares Number": "40,408", "Treasury Shares Number": "16,829"}, "3/31/2019": {"Duration": "3/31/2019", "Total Assets": "3,116,535", "Total Liabilities Net Minority Interest": "2,394,848", "Total Equity Gross Minority Interest": "721,687", "Total Capitalization": "2,362,488", "Common Stock Equity": "721,687", "Capital Lease Obligations": "-", "Net Tangible Assets": "-1,382,368", "Working Capital": "252,917", "Invested Capital": "2,362,488", "Tangible Book Value": "-1,382,368", "Total Debt": "1,640,801", "Net Debt": "1,438,292", "Share Issued": "56,113", "Ordinary Shares Number": "39,518", "Treasury Shares Number": "16,595"}, "3/31/2018": {"Duration": "3/31/2018", "Total Assets": "1,076,887", "Total Liabilities Net Minority Interest": "723,917", "Total Equity Gross Minority Interest": "352,970", "Total Capitalization": "845,479", "Common Stock Equity": "352,970", "Capital Lease Obligations": "-", "Net Tangible Assets": "337,472", "Working Capital": "774,212", "Invested Capital": "845,479", "Tangible Book Value": "337,472", "Total Debt": "492,509", "Net Debt": "101,848", "Share Issued": "49,278", "Ordinary Shares Number": "33,251", "Treasury Shares Number": "16,027"}, "3/31/2021": {"Duration": "3/31/2021", "Total Assets": "2,664,269", "Total Liabilities Net Minority Interest": "2,745,035", "Total Equity Gross Minority Interest": "-80,766", "Total Capitalization": "1,415,298", "Common Stock Equity": "-80,766", "Capital Lease Obligations": "-", "Net Tangible Assets": "-1,218,596", "Working Capital": "213,975", "Invested Capital": "1,974,871", "Tangible Book Value": "-1,218,596", "Total Debt": "1,974,871", "Net Debt": "1,772,311", "Share Issued": "41,262", "Ordinary Shares Number": "41,262", "Treasury Shares Number": "-"}, "3/31/2017": {"Duration": "3/31/2017", "Total Assets": "1,017,159", "Total Liabilities Net Minority Interest": "635,003", "Total Equity Gross Minority Interest": "382,156", "Total Capitalization": "873,215", "Common Stock Equity": "382,156", "Capital Lease Obligations": "-", "Net Tangible Assets": "366,579", "Working Capital": "581,807", "Invested Capital": "873,215", "Tangible Book Value": "366,579", "Total Debt": "491,059", "Net Debt": "189,089", "Share Issued": "48,088", "Ordinary Shares Number": "33,416", "Treasury Shares Number": "14,672"}, "3/31/2016": {"Duration": "3/31/2016", "Total Assets": "933,437", "Total Liabilities Net Minority Interest": "621,038", "Total Equity Gross Minority Interest": "312,399", "Total Capitalization": "802,008", "Common Stock Equity": "312,399", "Capital Lease Obligations": "-", "Net Tangible Assets": "296,572", "Working Capital": "487,828", "Invested Capital": "802,008", "Tangible Book Value": "296,572", "Total Debt": "489,609", "Net Debt": "254,343", "Share Issued": "47,028", "Ordinary Shares Number": "33,319", "Treasury Shares Number": "13,709"}, "3/31/2015": {"Duration": "3/31/2015", "Total Assets": "876,042", "Total Liabilities Net Minority Interest": "148,645", "Total Equity Gross Minority Interest": "727,397", "Total Capitalization": "761,897", "Common Stock Equity": "727,397", "Capital Lease Obligations": "-", "Net Tangible Assets": "711,320", "Working Capital": "507,832", "Invested Capital": "761,897", "Tangible Book Value": "711,320", "Total Debt": "34,500", "Net Debt": "-", "Share Issued": "46,050", "Ordinary Shares Number": "41,601", "Treasury Shares Number": "4,449"}, "3/31/2014": {"Duration": "3/31/2014", "Total Assets": "811,815", "Total Liabilities Net Minority Interest": "113,151", "Total Equity Gross Minority Interest": "698,664", "Total Capitalization": "698,664", "Common Stock Equity": "698,664", "Capital Lease Obligations": "-", "Net Tangible Assets": "682,499", "Working Capital": "458,680", "Invested Capital": "698,664", "Tangible Book Value": "682,499", "Total Debt": "-", "Net Debt": "-", "Share Issued": "44,731", "Ordinary Shares Number": "42,649", "Treasury Shares Number": "2,082"}, "3/31/2013": {"Duration": "3/31/2013", "Total Assets": "764,605", "Total Liabilities Net Minority Interest": "118,158", "Total Equity Gross Minority Interest": "646,447", "Total Capitalization": "646,447", "Common Stock Equity": "646,447", "Capital Lease Obligations": "-", "Net Tangible Assets": "630,007", "Working Capital": "463,004", "Invested Capital": "646,447", "Tangible Book Value": "630,007", "Total Debt": "-", "Net Debt": "-", "Share Issued": "43,296", "Ordinary Shares Number": "43,283", "Treasury Shares Number": "13"}, "3/31/2012": {"Duration": "3/31/2012", "Total Assets": "672,470", "Total Liabilities Net Minority Interest": "145,226", "Total Equity Gross Minority Interest": "527,244", "Total Capitalization": "564,244", "Common Stock Equity": "527,244", "Capital Lease Obligations": "-", "Net Tangible Assets": "512,856", "Working Capital": "437,981", "Invested Capital": "564,244", "Tangible Book Value": "512,856", "Total Debt": "37,000", "Net Debt": "-", "Share Issued": "47,160", "Ordinary Shares Number": "42,512", "Treasury Shares Number": "4,648"}, "3/31/2011": {"Duration": "3/31/2011", "Total Assets": "744,647", "Total Liabilities Net Minority Interest": "109,795", "Total Equity Gross Minority Interest": "634,852", "Total Capitalization": "634,852", "Common Stock Equity": "634,852", "Capital Lease Obligations": "-", "Net Tangible Assets": "619,991", "Working Capital": "524,118", "Invested Capital": "634,852", "Tangible Book Value": "619,991", "Total Debt": "-", "Net Debt": "-", "Share Issued": "50,043", "Ordinary Shares Number": "48,315", "Treasury Shares Number": "1,728"}, "3/31/2010": {"Duration": "3/31/2010", "Total Assets": "655,351", "Total Liabilities Net Minority Interest": "84,017", "Total Equity Gross Minority Interest": "571,334", "Total Capitalization": "571,334", "Common Stock Equity": "571,334", "Capital Lease Obligations": "-", "Net Tangible Assets": "553,880", "Working Capital": "499,976", "Invested Capital": "571,334", "Tangible Book Value": "553,880", "Total Debt": "-", "Net Debt": "-", "Share Issued": "51,449", "Ordinary Shares Number": "48,870", "Treasury Shares Number": "2,579"}, "3/31/2009": {"Duration": "3/31/2009", "Total Assets": "633,120", "Total Liabilities Net Minority Interest": "107,753", "Total Equity Gross Minority Interest": "525,367", "Total Capitalization": "525,367", "Common Stock Equity": "525,367", "Capital Lease Obligations": "-", "Net Tangible Assets": "484,787", "Working Capital": "377,585", "Invested Capital": "525,367", "Tangible Book Value": "484,787", "Total Debt": "-", "Net Debt": "-", "Share Issued": "51,820", "Ordinary Shares Number": "48,892", "Treasury Shares Number": "2,928"}, "3/31/2008": {"Duration": "3/31/2008", "Total Assets": "741,393", "Total Liabilities Net Minority Interest": "162,773", "Total Equity Gross Minority Interest": "578,620", "Total Capitalization": "578,620", "Common Stock Equity": "578,620", "Capital Lease Obligations": "-", "Net Tangible Assets": "417,938", "Working Capital": "334,989", "Invested Capital": "578,620", "Tangible Book Value": "417,938", "Total Debt": "-", "Net Debt": "-", "Share Issued": "48,944", "Ordinary Shares Number": "48,944", "Treasury Shares Number": "-"}, "3/31/2007": {"Duration": "3/31/2007", "Total Assets": "651,304", "Total Liabilities Net Minority Interest": "154,497", "Total Equity Gross Minority Interest": "496,807", "Total Capitalization": "496,807", "Common Stock Equity": "496,807", "Capital Lease Obligations": "-", "Net Tangible Assets": "323,862", "Working Capital": "258,404", "Invested Capital": "496,807", "Tangible Book Value": "323,862", "Total Debt": "-", "Net Debt": "-", "Share Issued": "48,069", "Ordinary Shares Number": "48,069", "Treasury Shares Number": "-"}, "3/31/2006": {"Duration": "3/31/2006", "Total Assets": "612,249", "Total Liabilities Net Minority Interest": "176,628", "Total Equity Gross Minority Interest": "435,621", "Total Capitalization": "435,621", "Common Stock Equity": "435,621", "Capital Lease Obligations": "-", "Net Tangible Assets": "251,336", "Working Capital": "201,420", "Invested Capital": "457,664", "Tangible Book Value": "251,336", "Total Debt": "22,043", "Net Debt": "-", "Share Issued": "47,538", "Ordinary Shares Number": "47,538", "Treasury Shares Number": "-"}, "3/31/2005": {"Duration": "3/31/2005", "Total Assets": "487,929", "Total Liabilities Net Minority Interest": "82,210", "Total Equity Gross Minority Interest": "405,719", "Total Capitalization": "405,719", "Common Stock Equity": "405,719", "Capital Lease Obligations": "-", "Net Tangible Assets": "393,385", "Working Capital": "335,523", "Invested Capital": "405,719", "Tangible Book Value": "393,385", "Total Debt": "-", "Net Debt": "-", "Share Issued": "48,429", "Ordinary Shares Number": "48,429", "Treasury Shares Number": "-"}, "3/31/2004": {"Duration": "3/31/2004", "Total Assets": "368,252", "Total Liabilities Net Minority Interest": "68,949", "Total Equity Gross Minority Interest": "299,303", "Total Capitalization": "299,303", "Common Stock Equity": "299,303", "Capital Lease Obligations": "-", "Net Tangible Assets": "286,477", "Working Capital": "249,397", "Invested Capital": "299,303", "Tangible Book Value": "286,477", "Total Debt": "-", "Net Debt": "-", "Share Issued": "47,606", "Ordinary Shares Number": "47,606", "Treasury Shares Number": "-"}, "3/31/2003": {"Duration": "3/31/2003", "Total Assets": "205,209", "Total Liabilities Net Minority Interest": "58,279", "Total Equity Gross Minority Interest": "146,930", "Total Capitalization": "146,930", "Common Stock Equity": "146,930", "Capital Lease Obligations": "-", "Net Tangible Assets": "133,862", "Working Capital": "103,605", "Invested Capital": "146,930", "Tangible Book Value": "133,862", "Total Debt": "-", "Net Debt": "-", "Share Issued": "43,638", "Ordinary Shares Number": "43,638", "Treasury Shares Number": "-"}, "3/31/2002": {"Duration": "3/31/2002", "Total Assets": "201,058", "Total Liabilities Net Minority Interest": "59,065", "Total Equity Gross Minority Interest": "141,993", "Total Capitalization": "141,993", "Common Stock Equity": "141,993", "Capital Lease Obligations": "-", "Net Tangible Assets": "127,867", "Working Capital": "96,669", "Invested Capital": "141,993", "Tangible Book Value": "127,867", "Total Debt": "-", "Net Debt": "-", "Share Issued": "45,858", "Ordinary Shares Number": "45,858", "Treasury Shares Number": "-"}, "3/31/2001": {"Duration": "3/31/2001", "Total Assets": "233,272", "Total Liabilities Net Minority Interest": "60,225", "Total Equity Gross Minority Interest": "173,047", "Total Capitalization": "173,047", "Common Stock Equity": "173,047", "Capital Lease Obligations": "-", "Net Tangible Assets": "173,047", "Working Capital": "136,778", "Invested Capital": "173,047", "Tangible Book Value": "173,047", "Total Debt": "-", "Net Debt": "-", "Share Issued": "48,169", "Ordinary Shares Number": "48,169", "Treasury Shares Number": "-"}, "3/31/2000": {"Duration": "3/31/2000", "Total Assets": "170,030", "Total Liabilities Net Minority Interest": "64,654", "Total Equity Gross Minority Interest": "105,376", "Total Capitalization": "105,376", "Common Stock Equity": "105,376", "Capital Lease Obligations": "-", "Net Tangible Assets": "105,376", "Working Capital": "78,306", "Invested Capital": "105,376", "Tangible Book Value": "105,376", "Total Debt": "-", "Net Debt": "-", "Share Issued": "48,946", "Ordinary Shares Number": "48,946", "Treasury Shares Number": "-"}, "3/31/1999": {"Duration": "3/31/1999", "Total Assets": "142,900", "Total Liabilities Net Minority Interest": "53,500", "Total Equity Gross Minority Interest": "89,400", "Total Capitalization": "89,400", "Common Stock Equity": "89,400", "Capital Lease Obligations": "-", "Net Tangible Assets": "89,400", "Working Capital": "76,300", "Invested Capital": "89,400", "Tangible Book Value": "89,400", "Total Debt": "-", "Net Debt": "-", "Share Issued": "50,444", "Ordinary Shares Number": "50,444", "Treasury Shares Number": "-"}, "3/31/1998": {"Duration": "3/31/1998", "Total Assets": "165,500", "Total Liabilities Net Minority Interest": "112,100", "Total Equity Gross Minority Interest": "53,400", "Total Capitalization": "118,500", "Common Stock Equity": "53,400", "Capital Lease Obligations": "-", "Net Tangible Assets": "53,400", "Working Capital": "98,800", "Invested Capital": "118,500", "Tangible Book Value": "53,400", "Total Debt": "65,100", "Net Debt": "200", "Share Issued": "49,396", "Ordinary Shares Number": "49,396", "Treasury Shares Number": "-"}, "3/31/1997": {"Duration": "3/31/1997", "Total Assets": "127,200", "Total Liabilities Net Minority Interest": "106,400", "Total Equity Gross Minority Interest": "20,800", "Total Capitalization": "85,900", "Common Stock Equity": "20,800", "Capital Lease Obligations": "-", "Net Tangible Assets": "20,800", "Working Capital": "63,300", "Invested Capital": "85,900", "Tangible Book Value": "20,800", "Total Debt": "65,100", "Net Debt": "22,800", "Share Issued": "53,261", "Ordinary Shares Number": "53,261", "Treasury Shares Number": "-"}, "3/31/1996": {"Duration": "3/31/1996", "Total Assets": "108,700", "Total Liabilities Net Minority Interest": "107,300", "Total Equity Gross Minority Interest": "1,400", "Total Capitalization": "66,500", "Common Stock Equity": "1,400", "Capital Lease Obligations": "-", "Net Tangible Assets": "1,400", "Working Capital": "48,600", "Invested Capital": "66,500", "Tangible Book Value": "1,400", "Total Debt": "65,100", "Net Debt": "38,300", "Share Issued": "50,384", "Ordinary Shares Number": "50,384", "Treasury Shares Number": "-"}, "3/31/1995": {"Duration": "3/31/1995", "Total Assets": "74,900", "Total Liabilities Net Minority Interest": "99,600", "Total Equity Gross Minority Interest": "-24,700", "Total Capitalization": "40,400", "Common Stock Equity": "-24,700", "Capital Lease Obligations": "-", "Net Tangible Assets": "-24,700", "Working Capital": "23,200", "Invested Capital": "40,400", "Tangible Book Value": "-24,700", "Total Debt": "65,100", "Net Debt": "61,700", "Share Issued": "49,303", "Ordinary Shares Number": "49,303", "Treasury Shares Number": "-"}, "3/31/1994": {"Duration": "3/31/1994", "Total Assets": "67,000", "Total Liabilities Net Minority Interest": "113,500", "Total Equity Gross Minority Interest": "-46,500", "Total Capitalization": "38,500", "Common Stock Equity": "-46,500", "Capital Lease Obligations": "-", "Net Tangible Assets": "-46,500", "Working Capital": "21,600", "Invested Capital": "38,500", "Tangible Book Value": "-46,500", "Total Debt": "85,000", "Net Debt": "76,500", "Share Issued": "49,249", "Ordinary Shares Number": "49,249", "Treasury Shares Number": "-"}}, "cf": {"TTM": {"Duration": "TTM", "Operating Cash Flow": "145,180", "Investing Cash Flow": "-18,877", "Financing Cash Flow": "353,319", "End Cash Position": "696,468", "Income Tax Paid Supplemental Data": "-", "Interest Paid Supplemental Data": "-", "Capital Expenditure": "-22,715", "Issuance of Capital Stock": "-", "Issuance of Debt": "543,922", "Repayment of Debt": "-196,980", "Repurchase of Capital Stock": "-", "Free Cash Flow": "122,465"}, "3/31/2020": {"Duration": "3/31/2020", "Operating Cash Flow": "78,019", "Investing Cash Flow": "-17,082", "Financing Cash Flow": "-46,375", "End Cash Position": "213,879", "Income Tax Paid Supplemental Data": "3,550", "Interest Paid Supplemental Data": "82,059", "Capital Expenditure": "-22,880", "Issuance of Capital Stock": "-", "Issuance of Debt": "0", "Repayment of Debt": "-25,000", "Repurchase of Capital Stock": "0", "Free Cash Flow": "55,139"}, "3/31/2019": {"Duration": "3/31/2019", "Operating Cash Flow": "116,047", "Investing Cash Flow": "-1,407,543", "Financing Cash Flow": "1,107,128", "End Cash Position": "202,509", "Income Tax Paid Supplemental Data": "44,917", "Interest Paid Supplemental Data": "75,684", "Capital Expenditure": "-26,797", "Issuance of Capital Stock": "-", "Issuance of Debt": "1,244,713", "Repayment of Debt": "-103,188", "Repurchase of Capital Stock": "-13,177", "Free Cash Flow": "89,250"}, "3/31/2018": {"Duration": "3/31/2018", "Operating Cash Flow": "121,148", "Investing Cash Flow": "23,489", "Financing Cash Flow": "-60,446", "End Cash Position": "390,661", "Income Tax Paid Supplemental Data": "9,757", "Interest Paid Supplemental Data": "27,899", "Capital Expenditure": "-12,468", "Issuance of Capital Stock": "-", "Issuance of Debt": "8,000", "Repayment of Debt": "-8,000", "Repurchase of Capital Stock": "-52,948", "Free Cash Flow": "108,680"}, "3/31/2021": {"Duration": "3/31/2021", "Operating Cash Flow": "145,180", "Investing Cash Flow": "-18,877", "Financing Cash Flow": "353,319", "End Cash Position": "696,468", "Income Tax Paid Supplemental Data": "-", "Interest Paid Supplemental Data": "-", "Capital Expenditure": "-22,715", "Issuance of Capital Stock": "-", "Issuance of Debt": "543,922", "Repayment of Debt": "-196,980", "Repurchase of Capital Stock": "-", "Free Cash Flow": "122,465"}, "3/31/2017": {"Duration": "3/31/2017", "Operating Cash Flow": "137,971", "Investing Cash Flow": "-22,452", "Financing Cash Flow": "-46,552", "End Cash Position": "301,970", "Income Tax Paid Supplemental Data": "20,948", "Interest Paid Supplemental Data": "27,783", "Capital Expenditure": "-23,176", "Issuance of Capital Stock": "-", "Issuance of Debt": "0", "Repayment of Debt": "0", "Repurchase of Capital Stock": "-34,236", "Free Cash Flow": "114,795"}, "3/31/2016": {"Duration": "3/31/2016", "Operating Cash Flow": "146,869", "Investing Cash Flow": "-131,600", "Financing Cash Flow": "-56,697", "End Cash Position": "235,266", "Income Tax Paid Supplemental Data": "25,517", "Interest Paid Supplemental Data": "12,833", "Capital Expenditure": "-30,661", "Issuance of Capital Stock": "-", "Issuance of Debt": "644,150", "Repayment of Debt": "-190,249", "Repurchase of Capital Stock": "-497,393", "Free Cash Flow": "116,208"}, "3/31/2015": {"Duration": "3/31/2015", "Operating Cash Flow": "154,438", "Investing Cash Flow": "-21,566", "Financing Cash Flow": "-85,218", "End Cash Position": "276,850", "Income Tax Paid Supplemental Data": "33,804", "Interest Paid Supplemental Data": "-", "Capital Expenditure": "-21,962", "Issuance of Capital Stock": "-", "Issuance of Debt": "34,500", "Repayment of Debt": "0", "Repurchase of Capital Stock": "-112,939", "Free Cash Flow": "132,476"}, "3/31/2014": {"Duration": "3/31/2014", "Operating Cash Flow": "141,491", "Investing Cash Flow": "-57,971", "Financing Cash Flow": "-80,534", "End Cash Position": "232,704", "Income Tax Paid Supplemental Data": "31,021", "Interest Paid Supplemental Data": "-", "Capital Expenditure": "-50,985", "Issuance of Capital Stock": "-", "Issuance of Debt": "0", "Repayment of Debt": "0", "Repurchase of Capital Stock": "-85,654", "Free Cash Flow": "90,506"}, "3/31/2013": {"Duration": "3/31/2013", "Operating Cash Flow": "125,501", "Investing Cash Flow": "-58,928", "Financing Cash Flow": "-46,463", "End Cash Position": "228,776", "Income Tax Paid Supplemental Data": "29,953", "Interest Paid Supplemental Data": "-", "Capital Expenditure": "-39,310", "Issuance of Capital Stock": "-", "Issuance of Debt": "18,000", "Repayment of Debt": "-55,000", "Repurchase of Capital Stock": "-23,931", "Free Cash Flow": "86,191"}, "3/31/2012": {"Duration": "3/31/2012", "Operating Cash Flow": "140,448", "Investing Cash Flow": "-9,415", "Financing Cash Flow": "-198,261", "End Cash Position": "209,335", "Income Tax Paid Supplemental Data": "20,752", "Interest Paid Supplemental Data": "-", "Capital Expenditure": "-19,140", "Issuance of Capital Stock": "43,123", "Issuance of Debt": "68,500", "Repayment of Debt": "-31,500", "Repurchase of Capital Stock": "-273,791", "Free Cash Flow": "121,308"}, "3/31/2011": {"Duration": "3/31/2011", "Operating Cash Flow": "158,232", "Investing Cash Flow": "-169,911", "Financing Cash Flow": "-55,371", "End Cash Position": "284,375", "Income Tax Paid Supplemental Data": "29,180", "Interest Paid Supplemental Data": "-", "Capital Expenditure": "-18,567", "Issuance of Capital Stock": "54,301", "Issuance of Debt": "-", "Repayment of Debt": "-", "Repurchase of Capital Stock": "-105,716", "Free Cash Flow": "139,665"}, "3/31/2010": {"Duration": "3/31/2010", "Operating Cash Flow": "143,729", "Investing Cash Flow": "67,896", "Financing Cash Flow": "-20,982", "End Cash Position": "349,961", "Income Tax Paid Supplemental Data": "-", "Interest Paid Supplemental Data": "-", "Capital Expenditure": "-", "Issuance of Capital Stock": "36,204", "Issuance of Debt": "-", "Repayment of Debt": "-", "Repurchase of Capital Stock": "-49,652", "Free Cash Flow": "143,729"}, "3/31/2009": {"Duration": "3/31/2009", "Operating Cash Flow": "99,150", "Investing Cash Flow": "-83,172", "Financing Cash Flow": "-14,915", "End Cash Position": "158,193", "Income Tax Paid Supplemental Data": "12,519", "Interest Paid Supplemental Data": "101", "Capital Expenditure": "-", "Issuance of Capital Stock": "12,097", "Issuance of Debt": "0", "Repayment of Debt": "-", "Repurchase of Capital Stock": "-17,817", "Free Cash Flow": "99,150"}, "3/31/2008": {"Duration": "3/31/2008", "Operating Cash Flow": "102,900", "Investing Cash Flow": "-42,148", "Financing Cash Flow": "5,618", "End Cash Position": "163,091", "Income Tax Paid Supplemental Data": "-", "Interest Paid Supplemental Data": "-", "Capital Expenditure": "-23,298", "Issuance of Capital Stock": "15,108", "Issuance of Debt": "-", "Repayment of Debt": "-", "Repurchase of Capital Stock": "-1,542", "Free Cash Flow": "79,602"}, "3/31/2007": {"Duration": "3/31/2007", "Operating Cash Flow": "73,048", "Investing Cash Flow": "-22,482", "Financing Cash Flow": "-26,244", "End Cash Position": "94,131", "Income Tax Paid Supplemental Data": "-", "Interest Paid Supplemental Data": "-", "Capital Expenditure": "-24,028", "Issuance of Capital Stock": "8,152", "Issuance of Debt": "-", "Repayment of Debt": "-", "Repurchase of Capital Stock": "-4,021", "Free Cash Flow": "49,020"}, "3/31/2006": {"Duration": "3/31/2006", "Operating Cash Flow": "78,348", "Investing Cash Flow": "-50,866", "Financing Cash Flow": "-36,558", "End Cash Position": "68,703", "Income Tax Paid Supplemental Data": "-", "Interest Paid Supplemental Data": "-", "Capital Expenditure": "-41,860", "Issuance of Capital Stock": "21,249", "Issuance of Debt": "-", "Repayment of Debt": "-", "Repurchase of Capital Stock": "-70,395", "Free Cash Flow": "36,488"}, "3/31/2005": {"Duration": "3/31/2005", "Operating Cash Flow": "93,604", "Investing Cash Flow": "-67,499", "Financing Cash Flow": "-4,061", "End Cash Position": "78,398", "Income Tax Paid Supplemental Data": "-", "Interest Paid Supplemental Data": "-", "Capital Expenditure": "-27,723", "Issuance of Capital Stock": "31,687", "Issuance of Debt": "-", "Repayment of Debt": "-", "Repurchase of Capital Stock": "-28,466", "Free Cash Flow": "65,881"}, "3/31/2004": {"Duration": "3/31/2004", "Operating Cash Flow": "72,393", "Investing Cash Flow": "-12,312", "Financing Cash Flow": "65,359", "End Cash Position": "180,616", "Income Tax Paid Supplemental Data": "-", "Interest Paid Supplemental Data": "-", "Capital Expenditure": "-16,883", "Issuance of Capital Stock": "67,192", "Issuance of Debt": "-", "Repayment of Debt": "-", "Repurchase of Capital Stock": "-1,833", "Free Cash Flow": "55,510"}, "3/31/2003": {"Duration": "3/31/2003", "Operating Cash Flow": "50,093", "Investing Cash Flow": "491", "Financing Cash Flow": "-40,340", "End Cash Position": "54,704", "Income Tax Paid Supplemental Data": "-", "Interest Paid Supplemental Data": "-", "Capital Expenditure": "-11,752", "Issuance of Capital Stock": "4,486", "Issuance of Debt": "-", "Repayment of Debt": "-", "Repurchase of Capital Stock": "-44,826", "Free Cash Flow": "38,341"}, "3/31/2002": {"Duration": "3/31/2002", "Operating Cash Flow": "76,824", "Investing Cash Flow": "-25,912", "Financing Cash Flow": "-68,408", "End Cash Position": "43,048", "Income Tax Paid Supplemental Data": "-", "Interest Paid Supplemental Data": "-", "Capital Expenditure": "-11,368", "Issuance of Capital Stock": "3,705", "Issuance of Debt": "-", "Repayment of Debt": "-", "Repurchase of Capital Stock": "-72,082", "Free Cash Flow": "65,456"}, "3/31/2001": {"Duration": "3/31/2001", "Operating Cash Flow": "65,807", "Investing Cash Flow": "-23,081", "Financing Cash Flow": "-22,453", "End Cash Position": "60,544", "Income Tax Paid Supplemental Data": "-", "Interest Paid Supplemental Data": "-", "Capital Expenditure": "-14,946", "Issuance of Capital Stock": "17,878", "Issuance of Debt": "-", "Repayment of Debt": "-", "Repurchase of Capital Stock": "-40,050", "Free Cash Flow": "50,861"}, "3/31/2000": {"Duration": "3/31/2000", "Operating Cash Flow": "81,137", "Investing Cash Flow": "-20,221", "Financing Cash Flow": "-63,644", "End Cash Position": "40,271", "Income Tax Paid Supplemental Data": "-", "Interest Paid Supplemental Data": "-", "Capital Expenditure": "-15,221", "Issuance of Capital Stock": "8,969", "Issuance of Debt": "-", "Repayment of Debt": "-", "Repurchase of Capital Stock": "-72,613", "Free Cash Flow": "65,916"}, "3/31/1999": {"Duration": "3/31/1999", "Operating Cash Flow": "86,900", "Investing Cash Flow": "-3,800", "Financing Cash Flow": "-105,000", "End Cash Position": "0", "Income Tax Paid Supplemental Data": "-", "Interest Paid Supplemental Data": "-", "Capital Expenditure": "-3,800", "Issuance of Capital Stock": "6,400", "Issuance of Debt": "-", "Repayment of Debt": "-", "Repurchase of Capital Stock": "-46,400", "Free Cash Flow": "83,100"}, "3/31/1998": {"Duration": "3/31/1998", "Operating Cash Flow": "39,200", "Investing Cash Flow": "-5,900", "Financing Cash Flow": "-10,700", "End Cash Position": "0", "Income Tax Paid Supplemental Data": "-", "Interest Paid Supplemental Data": "-", "Capital Expenditure": "-5,900", "Issuance of Capital Stock": "2,500", "Issuance of Debt": "-", "Repayment of Debt": "-", "Repurchase of Capital Stock": "-13,200", "Free Cash Flow": "33,300"}, "3/31/1997": {"Duration": "3/31/1997", "Operating Cash Flow": "34,600", "Investing Cash Flow": "-8,200", "Financing Cash Flow": "-10,900", "End Cash Position": "0", "Income Tax Paid Supplemental Data": "-", "Interest Paid Supplemental Data": "-", "Capital Expenditure": "-8,200", "Issuance of Capital Stock": "1,800", "Issuance of Debt": "-", "Repayment of Debt": "-", "Repurchase of Capital Stock": "-12,800", "Free Cash Flow": "26,400"}, "3/31/1996": {"Duration": "3/31/1996", "Operating Cash Flow": "26,900", "Investing Cash Flow": "-3,900", "Financing Cash Flow": "800", "End Cash Position": "0", "Income Tax Paid Supplemental Data": "-", "Interest Paid Supplemental Data": "-", "Capital Expenditure": "-3,900", "Issuance of Capital Stock": "800", "Issuance of Debt": "-", "Repayment of Debt": "-", "Repurchase of Capital Stock": "-", "Free Cash Flow": "23,000"}, "3/31/1995": {"Duration": "3/31/1995", "Operating Cash Flow": "18,300", "Investing Cash Flow": "-3,600", "Financing Cash Flow": "-19,900", "End Cash Position": "0", "Income Tax Paid Supplemental Data": "-", "Interest Paid Supplemental Data": "-", "Capital Expenditure": "-3,600", "Issuance of Capital Stock": "100", "Issuance of Debt": "-", "Repayment of Debt": "-", "Repurchase of Capital Stock": "-", "Free Cash Flow": "14,700"}, "3/31/1994": {"Duration": "3/31/1994", "Operating Cash Flow": "28,900", "Investing Cash Flow": "-2,200", "Financing Cash Flow": "-51,500", "End Cash Position": "0", "Income Tax Paid Supplemental Data": "-", "Interest Paid Supplemental Data": "-", "Capital Expenditure": "-2,200", "Issuance of Capital Stock": "35,700", "Issuance of Debt": "-", "Repayment of Debt": "-", "Repurchase of Capital Stock": "-", "Free Cash Flow": "26,700"}}, "ks": {"Current": {"Duration": "Current", "Market Cap (intraday) 5": "1.18B", "Enterprise Value 3": "2.93B", "Trailing P/E ": "N/A", "Forward P/E 1": "N/A", "PEG Ratio (5 yr expected) 1": "N/A", "Price/Sales (ttm)": "0.68", "Price/Book (mrq)": "N/A", "Enterprise Value/Revenue 3": "1.70", "Enterprise Value/EBITDA 7": "16.07"}, "3/31/2021": {"Duration": "3/31/2021", "Market Cap (intraday) 5": "1.61B", "Enterprise Value 3": "2.94B", "Trailing P/E ": "N/A", "Forward P/E 1": "N/A", "PEG Ratio (5 yr expected) 1": "N/A", "Price/Sales (ttm)": "0.96", "Price/Book (mrq)": "N/A", "Enterprise Value/Revenue 3": "6.17", "Enterprise Value/EBITDA 7": "39.14"}, "12/31/2020": {"Duration": "12/31/2020", "Market Cap (intraday) 5": "1.12B", "Enterprise Value 3": "2.50B", "Trailing P/E ": "N/A", "Forward P/E 1": "N/A", "PEG Ratio (5 yr expected) 1": "N/A", "Price/Sales (ttm)": "0.70", "Price/Book (mrq)": "N/A", "Enterprise Value/Revenue 3": "5.15", "Enterprise Value/EBITDA 7": "34.67"}, "9/30/2020": {"Duration": "9/30/2020", "Market Cap (intraday) 5": "488.35M", "Enterprise Value 3": "1.87B", "Trailing P/E ": "N/A", "Forward P/E 1": "N/A", "PEG Ratio (5 yr expected) 1": "N/A", "Price/Sales (ttm)": "0.29", "Price/Book (mrq)": "N/A", "Enterprise Value/Revenue 3": "4.55", "Enterprise Value/EBITDA 7": "38.06"}, "6/30/2020": {"Duration": "6/30/2020", "Market Cap (intraday) 5": "597.21M", "Enterprise Value 3": "2.02B", "Trailing P/E ": "N/A", "Forward P/E 1": "N/A", "PEG Ratio (5 yr expected) 1": "N/A", "Price/Sales (ttm)": "0.34", "Price/Book (mrq)": "N/A", "Enterprise Value/Revenue 3": "5.67", "Enterprise Value/EBITDA 7": "-148.13"}, "3/31/2020": {"Duration": "3/31/2020", "Market Cap (intraday) 5": "406.50M", "Enterprise Value 3": "1.88B", "Trailing P/E ": "N/A", "Forward P/E 1": "N/A", "PEG Ratio (5 yr expected) 1": "N/A", "Price/Sales (ttm)": "0.23", "Price/Book (mrq)": "0.69", "Enterprise Value/Revenue 3": "4.65", "Enterprise Value/EBITDA 7": "-2.75"}, "12/31/2019": {"Duration": "12/31/2019", "Market Cap (intraday) 5": "1.09B", "Enterprise Value 3": "2.53B", "Trailing P/E ": "N/A", "Forward P/E 1": "N/A", "PEG Ratio (5 yr expected) 1": "N/A", "Price/Sales (ttm)": "0.57", "Price/Book (mrq)": "1.66", "Enterprise Value/Revenue 3": "6.58", "Enterprise Value/EBITDA 7": "953.48"}, "9/30/2019": {"Duration": "9/30/2019", "Market Cap (intraday) 5": "1.49B", "Enterprise Value 3": "2.95B", "Trailing P/E ": "N/A", "Forward P/E 1": "N/A", "PEG Ratio (5 yr expected) 1": "N/A", "Price/Sales (ttm)": "0.77", "Price/Book (mrq)": "2.23", "Enterprise Value/Revenue 3": "6.38", "Enterprise Value/EBITDA 7": "51.17"}, "6/30/2019": {"Duration": "6/30/2019", "Market Cap (intraday) 5": "1.46B", "Enterprise Value 3": "2.89B", "Trailing P/E ": "N/A", "Forward P/E 1": "N/A", "PEG Ratio (5 yr expected) 1": "N/A", "Price/Sales (ttm)": "0.83", "Price/Book (mrq)": "2.03", "Enterprise Value/Revenue 3": "6.45", "Enterprise Value/EBITDA 7": "61.19"}, "3/31/2019": {"Duration": "3/31/2019", "Market Cap (intraday) 5": "1.82B", "Enterprise Value 3": "3.22B", "Trailing P/E ": "N/A", "Forward P/E 1": "N/A", "PEG Ratio (5 yr expected) 1": "N/A", "Price/Sales (ttm)": "1.16", "Price/Book (mrq)": "2.45", "Enterprise Value/Revenue 3": "6.87", "Enterprise Value/EBITDA 7": "61.51"}, "12/31/2018": {"Duration": "12/31/2018", "Market Cap (intraday) 5": "1.32B", "Enterprise Value 3": "2.75B", "Trailing P/E ": "N/A", "Forward P/E 1": "N/A", "PEG Ratio (5 yr expected) 1": "N/A", "Price/Sales (ttm)": "0.98", "Price/Book (mrq)": "1.67", "Enterprise Value/Revenue 3": "5.48", "Enterprise Value/EBITDA 7": "64.66"}, "9/30/2018": {"Duration": "9/30/2018", "Market Cap (intraday) 5": "2.40B", "Enterprise Value 3": "2.24B", "Trailing P/E ": "N/A", "Forward P/E 1": "N/A", "PEG Ratio (5 yr expected) 1": "N/A", "Price/Sales (ttm)": "2.24", "Price/Book (mrq)": "6.40", "Enterprise Value/Revenue 3": "4.64", "Enterprise Value/EBITDA 7": "609.00"}, "6/30/2018": {"Duration": "6/30/2018", "Market Cap (intraday) 5": "2.55B", "Enterprise Value 3": "2.38B", "Trailing P/E ": "N/A", "Forward P/E 1": "N/A", "PEG Ratio (5 yr expected) 1": "N/A", "Price/Sales (ttm)": "2.88", "Price/Book (mrq)": "7.21", "Enterprise Value/Revenue 3": "10.75", "Enterprise Value/EBITDA 7": "87.48"}, "3/31/2018": {"Duration": "3/31/2018", "Market Cap (intraday) 5": "2.01B", "Enterprise Value 3": "2.00B", "Trailing P/E ": "232.19", "Forward P/E 1": "17.24", "PEG Ratio (5 yr expected) 1": "1.15", "Price/Sales (ttm)": "2.31", "Price/Book (mrq)": "6.10", "Enterprise Value/Revenue 3": "9.26", "Enterprise Value/EBITDA 7": "52.23"}, "12/31/2017": {"Duration": "12/31/2017", "Market Cap (intraday) 5": "1.67B", "Enterprise Value 3": "1.66B", "Trailing P/E ": "20.90", "Forward P/E 1": "15.04", "PEG Ratio (5 yr expected) 1": "1.00", "Price/Sales (ttm)": "1.95", "Price/Book (mrq)": "4.30", "Enterprise Value/Revenue 3": "7.32", "Enterprise Value/EBITDA 7": "39.63"}, "9/30/2017": {"Duration": "9/30/2017", "Market Cap (intraday) 5": "1.49B", "Enterprise Value 3": "1.49B", "Trailing P/E ": "17.98", "Forward P/E 1": "15.50", "PEG Ratio (5 yr expected) 1": "1.03", "Price/Sales (ttm)": "1.70", "Price/Book (mrq)": "3.83", "Enterprise Value/Revenue 3": "7.09", "Enterprise Value/EBITDA 7": "42.13"}, "6/30/2017": {"Duration": "6/30/2017", "Market Cap (intraday) 5": "1.77B", "Enterprise Value 3": "1.78B", "Trailing P/E ": "20.84", "Forward P/E 1": "16.05", "PEG Ratio (5 yr expected) 1": "1.07", "Price/Sales (ttm)": "1.96", "Price/Book (mrq)": "4.63", "Enterprise Value/Revenue 3": "8.72", "Enterprise Value/EBITDA 7": "56.97"}, "3/31/2017": {"Duration": "3/31/2017", "Market Cap (intraday) 5": "1.81B", "Enterprise Value 3": "1.88B", "Trailing P/E ": "23.32", "Forward P/E 1": "15.67", "PEG Ratio (5 yr expected) 1": "1.05", "Price/Sales (ttm)": "2.02", "Price/Book (mrq)": "5.16", "Enterprise Value/Revenue 3": "8.99", "Enterprise Value/EBITDA 7": "51.37"}, "12/31/2016": {"Duration": "12/31/2016", "Market Cap (intraday) 5": "1.82B", "Enterprise Value 3": "1.89B", "Trailing P/E ": "25.71", "Forward P/E 1": "14.99", "PEG Ratio (5 yr expected) 1": "1.00", "Price/Sales (ttm)": "2.07", "Price/Book (mrq)": "5.51", "Enterprise Value/Revenue 3": "8.11", "Enterprise Value/EBITDA 7": "50.77"}, "9/30/2016": {"Duration": "9/30/2016", "Market Cap (intraday) 5": "1.72B", "Enterprise Value 3": "1.81B", "Trailing P/E ": "25.60", "Forward P/E 1": "16.39", "PEG Ratio (5 yr expected) 1": "1.09", "Price/Sales (ttm)": "1.99", "Price/Book (mrq)": "5.55", "Enterprise Value/Revenue 3": "8.40", "Enterprise Value/EBITDA 7": "49.98"}, "6/30/2016": {"Duration": "6/30/2016", "Market Cap (intraday) 5": "1.47B", "Enterprise Value 3": "1.56B", "Trailing P/E ": "22.45", "Forward P/E 1": "14.18", "PEG Ratio (5 yr expected) 1": "0.95", "Price/Sales (ttm)": "1.79", "Price/Book (mrq)": "4.69", "Enterprise Value/Revenue 3": "7.00", "Enterprise Value/EBITDA 7": "38.93"}, "3/31/2016": {"Duration": "3/31/2016", "Market Cap (intraday) 5": "1.31B", "Enterprise Value 3": "1.41B", "Trailing P/E ": "18.14", "Forward P/E 1": "12.85", "PEG Ratio (5 yr expected) 1": "0.86", "Price/Sales (ttm)": "1.73", "Price/Book (mrq)": "4.30", "Enterprise Value/Revenue 3": "6.72", "Enterprise Value/EBITDA 7": "45.87"}, "12/31/2015": {"Duration": "12/31/2015", "Market Cap (intraday) 5": "1.60B", "Enterprise Value 3": "1.66B", "Trailing P/E ": "19.92", "Forward P/E 1": "19.08", "PEG Ratio (5 yr expected) 1": "1.27", "Price/Sales (ttm)": "2.20", "Price/Book (mrq)": "5.45", "Enterprise Value/Revenue 3": "7.36", "Enterprise Value/EBITDA 7": "41.53"}, "9/30/2015": {"Duration": "9/30/2015", "Market Cap (intraday) 5": "1.79B", "Enterprise Value 3": "1.69B", "Trailing P/E ": "20.34", "Forward P/E 1": "20.04", "PEG Ratio (5 yr expected) 1": "1.34", "Price/Sales (ttm)": "2.48", "Price/Book (mrq)": "3.93", "Enterprise Value/Revenue 3": "7.86", "Enterprise Value/EBITDA 7": "43.46"}, "6/30/2015": {"Duration": "6/30/2015", "Market Cap (intraday) 5": "2.17B", "Enterprise Value 3": "1.83B", "Trailing P/E ": "21.41", "Forward P/E 1": "19.49", "PEG Ratio (5 yr expected) 1": "1.30", "Price/Sales (ttm)": "2.78", "Price/Book (mrq)": "2.99", "Enterprise Value/Revenue 3": "8.88", "Enterprise Value/EBITDA 7": "54.77"}, "3/31/2015": {"Duration": "3/31/2015", "Market Cap (intraday) 5": "2.20B", "Enterprise Value 3": "1.83B", "Trailing P/E ": "19.76", "Forward P/E 1": "17.86", "PEG Ratio (5 yr expected) 1": "1.19", "Price/Sales (ttm)": "2.59", "Price/Book (mrq)": "2.84", "Enterprise Value/Revenue 3": "9.12", "Enterprise Value/EBITDA 7": "49.86"}, "12/31/2014": {"Duration": "12/31/2014", "Market Cap (intraday) 5": "2.28B", "Enterprise Value 3": "1.92B", "Trailing P/E ": "19.21", "Forward P/E 1": "18.94", "PEG Ratio (5 yr expected) 1": "1.26", "Price/Sales (ttm)": "2.66", "Price/Book (mrq)": "3.04", "Enterprise Value/Revenue 3": "8.27", "Enterprise Value/EBITDA 7": "43.74"}, "9/30/2014": {"Duration": "9/30/2014", "Market Cap (intraday) 5": "2.05B", "Enterprise Value 3": "1.72B", "Trailing P/E ": "18.03", "Forward P/E 1": "16.45", "PEG Ratio (5 yr expected) 1": "1.10", "Price/Sales (ttm)": "2.47", "Price/Book (mrq)": "2.87", "Enterprise Value/Revenue 3": "7.96", "Enterprise Value/EBITDA 7": "45.03"}, "6/30/2014": {"Duration": "6/30/2014", "Market Cap (intraday) 5": "2.06B", "Enterprise Value 3": "1.73B", "Trailing P/E ": "18.55", "Forward P/E 1": "15.70", "PEG Ratio (5 yr expected) 1": "1.05", "Price/Sales (ttm)": "2.55", "Price/Book (mrq)": "2.95", "Enterprise Value/Revenue 3": "7.97", "Enterprise Value/EBITDA 7": "42.74"}, "3/31/2014": {"Duration": "3/31/2014", "Market Cap (intraday) 5": "1.90B", "Enterprise Value 3": "1.57B", "Trailing P/E ": "17.03", "Forward P/E 1": "14.73", "PEG Ratio (5 yr expected) 1": "0.98", "Price/Sales (ttm)": "2.37", "Price/Book (mrq)": "2.74", "Enterprise Value/Revenue 3": "7.53", "Enterprise Value/EBITDA 7": "39.95"}, "12/31/2013": {"Duration": "12/31/2013", "Market Cap (intraday) 5": "2.03B", "Enterprise Value 3": "1.67B", "Trailing P/E ": "18.73", "Forward P/E 1": "17.06", "PEG Ratio (5 yr expected) 1": "1.14", "Price/Sales (ttm)": "2.52", "Price/Book (mrq)": "2.96", "Enterprise Value/Revenue 3": "7.87", "Enterprise Value/EBITDA 7": "40.22"}, "9/30/2013": {"Duration": "9/30/2013", "Market Cap (intraday) 5": "2.02B", "Enterprise Value 3": "1.66B", "Trailing P/E ": "17.99", "Forward P/E 1": "15.24", "PEG Ratio (5 yr expected) 1": "1.02", "Price/Sales (ttm)": "2.53", "Price/Book (mrq)": "3.00", "Enterprise Value/Revenue 3": "8.57", "Enterprise Value/EBITDA 7": "48.24"}, "6/30/2013": {"Duration": "6/30/2013", "Market Cap (intraday) 5": "1.93B", "Enterprise Value 3": "1.59B", "Trailing P/E ": "17.64", "Forward P/E 1": "14.56", "PEG Ratio (5 yr expected) 1": "0.97", "Price/Sales (ttm)": "2.46", "Price/Book (mrq)": "2.99", "Enterprise Value/Revenue 3": "7.83", "Enterprise Value/EBITDA 7": "38.97"}, "3/31/2013": {"Duration": "3/31/2013", "Market Cap (intraday) 5": "1.88B", "Enterprise Value 3": "1.57B", "Trailing P/E ": "18.65", "Forward P/E 1": "14.66", "PEG Ratio (5 yr expected) 1": "0.98", "Price/Sales (ttm)": "2.57", "Price/Book (mrq)": "3.21", "Enterprise Value/Revenue 3": "7.71", "Enterprise Value/EBITDA 7": "38.02"}, "12/31/2012": {"Duration": "12/31/2012", "Market Cap (intraday) 5": "1.57B", "Enterprise Value 3": "1.26B", "Trailing P/E ": "15.56", "Forward P/E 1": "12.18", "PEG Ratio (5 yr expected) 1": "0.87", "Price/Sales (ttm)": "2.15", "Price/Book (mrq)": "2.64", "Enterprise Value/Revenue 3": "6.41", "Enterprise Value/EBITDA 7": "31.07"}, "9/30/2012": {"Duration": "9/30/2012", "Market Cap (intraday) 5": "1.49B", "Enterprise Value 3": "1.18B", "Trailing P/E ": "14.72", "Forward P/E 1": "11.24", "PEG Ratio (5 yr expected) 1": "0.75", "Price/Sales (ttm)": "2.16", "Price/Book (mrq)": "2.76", "Enterprise Value/Revenue 3": "6.58", "Enterprise Value/EBITDA 7": "30.57"}, "6/30/2012": {"Duration": "6/30/2012", "Market Cap (intraday) 5": "1.42B", "Enterprise Value 3": "1.12B", "Trailing P/E ": "13.86", "Forward P/E 1": "10.52", "PEG Ratio (5 yr expected) 1": "0.70", "Price/Sales (ttm)": "2.12", "Price/Book (mrq)": "2.69", "Enterprise Value/Revenue 3": "6.19", "Enterprise Value/EBITDA 7": "31.31"}, "3/31/2012": {"Duration": "3/31/2012", "Market Cap (intraday) 5": "1.73B", "Enterprise Value 3": "1.47B", "Trailing P/E ": "16.85", "Forward P/E 1": "13.97", "PEG Ratio (5 yr expected) 1": "1.19", "Price/Sales (ttm)": "2.66", "Price/Book (mrq)": "3.32", "Enterprise Value/Revenue 3": "8.29", "Enterprise Value/EBITDA 7": "41.54"}, "12/31/2011": {"Duration": "12/31/2011", "Market Cap (intraday) 5": "1.55B", "Enterprise Value 3": "1.28B", "Trailing P/E ": "15.36", "Forward P/E 1": "12.47", "PEG Ratio (5 yr expected) 1": "0.91", "Price/Sales (ttm)": "2.43", "Price/Book (mrq)": "3.00", "Enterprise Value/Revenue 3": "6.98", "Enterprise Value/EBITDA 7": "31.26"}, "9/30/2011": {"Duration": "9/30/2011", "Market Cap (intraday) 5": "1.33B", "Enterprise Value 3": "1.06B", "Trailing P/E ": "12.26", "Forward P/E 1": "9.47", "PEG Ratio (5 yr expected) 1": "0.63", "Price/Sales (ttm)": "1.94", "Price/Book (mrq)": "2.57", "Enterprise Value/Revenue 3": "5.97", "Enterprise Value/EBITDA 7": "26.22"}, "6/30/2011": {"Duration": "6/30/2011", "Market Cap (intraday) 5": "1.71B", "Enterprise Value 3": "1.38B", "Trailing P/E ": "16.24", "Forward P/E 1": "12.09", "PEG Ratio (5 yr expected) 1": "0.81", "Price/Sales (ttm)": "2.60", "Price/Book (mrq)": "3.00", "Enterprise Value/Revenue 3": "7.83", "Enterprise Value/EBITDA 7": "35.72"}, "3/31/2011": {"Duration": "3/31/2011", "Market Cap (intraday) 5": "1.79B", "Enterprise Value 3": "1.36B", "Trailing P/E ": "16.42", "Forward P/E 1": "14.41", "PEG Ratio (5 yr expected) 1": "0.96", "Price/Sales (ttm)": "2.64", "Price/Book (mrq)": "2.82", "Enterprise Value/Revenue 3": "7.86", "Enterprise Value/EBITDA 7": "34.65"}, "12/31/2010": {"Duration": "12/31/2010", "Market Cap (intraday) 5": "1.77B", "Enterprise Value 3": "1.36B", "Trailing P/E ": "17.15", "Forward P/E 1": "14.31", "PEG Ratio (5 yr expected) 1": "0.95", "Price/Sales (ttm)": "2.73", "Price/Book (mrq)": "2.78", "Enterprise Value/Revenue 3": "7.48", "Enterprise Value/EBITDA 7": "34.24"}, "9/30/2010": {"Duration": "9/30/2010", "Market Cap (intraday) 5": "1.61B", "Enterprise Value 3": "1.25B", "Trailing P/E ": "16.81", "Forward P/E 1": "N/A", "PEG Ratio (5 yr expected) 1": "N/A", "Price/Sales (ttm)": "2.54", "Price/Book (mrq)": "2.80", "Enterprise Value/Revenue 3": "7.90", "Enterprise Value/EBITDA 7": "33.11"}, "6/30/2010": {"Duration": "6/30/2010", "Market Cap (intraday) 5": "1.40B", "Enterprise Value 3": "1.03B", "Trailing P/E ": "15.89", "Forward P/E 1": "N/A", "PEG Ratio (5 yr expected) 1": "N/A", "Price/Sales (ttm)": "2.20", "Price/Book (mrq)": "2.48", "Enterprise Value/Revenue 3": "6.06", "Enterprise Value/EBITDA 7": "25.96"}, "3/31/2010": {"Duration": "3/31/2010", "Market Cap (intraday) 5": "1.53B", "Enterprise Value 3": "1.16B", "Trailing P/E ": "20.18", "Forward P/E 1": "N/A", "PEG Ratio (5 yr expected) 1": "N/A", "Price/Sales (ttm)": "2.51", "Price/Book (mrq)": "2.67", "Enterprise Value/Revenue 3": "7.14", "Enterprise Value/EBITDA 7": "36.47"}, "12/31/2009": {"Duration": "12/31/2009", "Market Cap (intraday) 5": "1.28B", "Enterprise Value 3": "959.64M", "Trailing P/E ": "N/A", "Forward P/E 1": "N/A", "PEG Ratio (5 yr expected) 1": "N/A", "Price/Sales (ttm)": "1.89", "Price/Book (mrq)": "2.37", "Enterprise Value/Revenue 3": "5.78", "Enterprise Value/EBITDA 7": "29.63"}, "9/30/2009": {"Duration": "9/30/2009", "Market Cap (intraday) 5": "1.31B", "Enterprise Value 3": "1.04B", "Trailing P/E ": "N/A", "Forward P/E 1": "16.95", "PEG Ratio (5 yr expected) 1": "0.49", "Price/Sales (ttm)": "1.98", "Price/Book (mrq)": "2.47", "Enterprise Value/Revenue 3": "6.22", "Enterprise Value/EBITDA 7": "38.65"}, "6/30/2009": {"Duration": "6/30/2009", "Market Cap (intraday) 5": "924.54M", "Enterprise Value 3": "670.98M", "Trailing P/E ": "N/A", "Forward P/E 1": "N/A", "PEG Ratio (5 yr expected) 1": "N/A", "Price/Sales (ttm)": "1.30", "Price/Book (mrq)": "1.75", "Enterprise Value/Revenue 3": "4.19", "Enterprise Value/EBITDA 7": "27.79"}, "3/31/2009": {"Duration": "3/31/2009", "Market Cap (intraday) 5": "587.39M", "Enterprise Value 3": "369.21M", "Trailing P/E ": "N/A", "Forward P/E 1": "N/A", "PEG Ratio (5 yr expected) 1": "N/A", "Price/Sales (ttm)": "0.77", "Price/Book (mrq)": "1.12", "Enterprise Value/Revenue 3": "2.52", "Enterprise Value/EBITDA 7": "3.02"}, "12/31/2008": {"Duration": "12/31/2008", "Market Cap (intraday) 5": "645.03M", "Enterprise Value 3": "461.61M", "Trailing P/E ": "N/A", "Forward P/E 1": "9.71", "PEG Ratio (5 yr expected) 1": "0.28", "Price/Sales (ttm)": "0.78", "Price/Book (mrq)": "1.21", "Enterprise Value/Revenue 3": "2.52", "Enterprise Value/EBITDA 7": "-4.13"}, "9/30/2008": {"Duration": "9/30/2008", "Market Cap (intraday) 5": "1.10B", "Enterprise Value 3": "900.48M", "Trailing P/E ": "14.82", "Forward P/E 1": "N/A", "PEG Ratio (5 yr expected) 1": "N/A", "Price/Sales (ttm)": "1.26", "Price/Book (mrq)": "1.74", "Enterprise Value/Revenue 3": "4.15", "Enterprise Value/EBITDA 7": "26.46"}, "6/30/2008": {"Duration": "6/30/2008", "Market Cap (intraday) 5": "1.09B", "Enterprise Value 3": "901.82M", "Trailing P/E ": "14.88", "Forward P/E 1": "N/A", "PEG Ratio (5 yr expected) 1": "N/A", "Price/Sales (ttm)": "1.26", "Price/Book (mrq)": "1.82", "Enterprise Value/Revenue 3": "4.11", "Enterprise Value/EBITDA 7": "30.15"}, "3/31/2008": {"Duration": "3/31/2008", "Market Cap (intraday) 5": "945.11M", "Enterprise Value 3": "782.02M", "Trailing P/E ": "13.89", "Forward P/E 1": "N/A", "PEG Ratio (5 yr expected) 1": "N/A", "Price/Sales (ttm)": "1.11", "Price/Book (mrq)": "1.63", "Enterprise Value/Revenue 3": "3.75", "Enterprise Value/EBITDA 7": "28.79"}, "12/31/2007": {"Duration": "12/31/2007", "Market Cap (intraday) 5": "1.27B", "Enterprise Value 3": "1.10B", "Trailing P/E ": "20.97", "Forward P/E 1": "N/A", "PEG Ratio (5 yr expected) 1": "N/A", "Price/Sales (ttm)": "1.51", "Price/Book (mrq)": "2.25", "Enterprise Value/Revenue 3": "4.73", "Enterprise Value/EBITDA 7": "33.29"}, "9/30/2007": {"Duration": "9/30/2007", "Market Cap (intraday) 5": "1.39B", "Enterprise Value 3": "1.28B", "Trailing P/E ": "25.95", "Forward P/E 1": "N/A", "PEG Ratio (5 yr expected) 1": "N/A", "Price/Sales (ttm)": "1.69", "Price/Book (mrq)": "2.69", "Enterprise Value/Revenue 3": "6.13", "Enterprise Value/EBITDA 7": "48.78"}, "6/30/2007": {"Duration": "6/30/2007", "Market Cap (intraday) 5": "1.26B", "Enterprise Value 3": "1.16B", "Trailing P/E ": "25.21", "Forward P/E 1": "N/A", "PEG Ratio (5 yr expected) 1": "N/A", "Price/Sales (ttm)": "1.57", "Price/Book (mrq)": "2.55", "Enterprise Value/Revenue 3": "5.62", "Enterprise Value/EBITDA 7": "46.35"}, "3/31/2007": {"Duration": "3/31/2007", "Market Cap (intraday) 5": "1.14B", "Enterprise Value 3": "1.07B", "Trailing P/E ": "18.90", "Forward P/E 1": "N/A", "PEG Ratio (5 yr expected) 1": "N/A", "Price/Sales (ttm)": "1.40", "Price/Book (mrq)": "2.36", "Enterprise Value/Revenue 3": "5.51", "Enterprise Value/EBITDA 7": "63.81"}, "12/31/2006": {"Duration": "12/31/2006", "Market Cap (intraday) 5": "1.02B", "Enterprise Value 3": "965.10M", "Trailing P/E ": "14.52", "Forward P/E 1": "N/A", "PEG Ratio (5 yr expected) 1": "N/A", "Price/Sales (ttm)": "1.25", "Price/Book (mrq)": "2.20", "Enterprise Value/Revenue 3": "4.48", "Enterprise Value/EBITDA 7": "39.85"}, "9/30/2006": {"Duration": "9/30/2006", "Market Cap (intraday) 5": "834.09M", "Enterprise Value 3": "788.63M", "Trailing P/E ": "11.93", "Forward P/E 1": "N/A", "PEG Ratio (5 yr expected) 1": "N/A", "Price/Sales (ttm)": "1.07", "Price/Book (mrq)": "1.88", "Enterprise Value/Revenue 3": "4.05", "Enterprise Value/EBITDA 7": "33.93"}, "6/30/2006": {"Duration": "6/30/2006", "Market Cap (intraday) 5": "1.05B", "Enterprise Value 3": "1.01B", "Trailing P/E ": "15.11", "Forward P/E 1": "N/A", "PEG Ratio (5 yr expected) 1": "N/A", "Price/Sales (ttm)": "1.35", "Price/Book (mrq)": "2.37", "Enterprise Value/Revenue 3": "5.16", "Enterprise Value/EBITDA 7": "45.11"}, "3/31/2006": {"Duration": "3/31/2006", "Market Cap (intraday) 5": "1.68B", "Enterprise Value 3": "1.63B", "Trailing P/E ": "21.34", "Forward P/E 1": "N/A", "PEG Ratio (5 yr expected) 1": "N/A", "Price/Sales (ttm)": "2.30", "Price/Book (mrq)": "3.87", "Enterprise Value/Revenue 3": "7.88", "Enterprise Value/EBITDA 7": "48.85"}, "12/31/2005": {"Duration": "12/31/2005", "Market Cap (intraday) 5": "1.33B", "Enterprise Value 3": "1.28B", "Trailing P/E ": "16.55", "Forward P/E 1": "N/A", "PEG Ratio (5 yr expected) 1": "N/A", "Price/Sales (ttm)": "2.29", "Price/Book (mrq)": "3.30", "Enterprise Value/Revenue 3": "5.76", "Enterprise Value/EBITDA 7": "30.40"}, "9/30/2005": {"Duration": "9/30/2005", "Market Cap (intraday) 5": "1.46B", "Enterprise Value 3": "1.41B", "Trailing P/E ": "18.02", "Forward P/E 1": "N/A", "PEG Ratio (5 yr expected) 1": "N/A", "Price/Sales (ttm)": "2.49", "Price/Book (mrq)": "3.62", "Enterprise Value/Revenue 3": "8.20", "Enterprise Value/EBITDA 7": "54.26"}, "6/30/2005": {"Duration": "6/30/2005", "Market Cap (intraday) 5": "1.71B", "Enterprise Value 3": "1.50B", "Trailing P/E ": "18.94", "Forward P/E 1": "N/A", "PEG Ratio (5 yr expected) 1": "N/A", "Price/Sales (ttm)": "3.18", "Price/Book (mrq)": "4.46", "Enterprise Value/Revenue 3": "10.08", "Enterprise Value/EBITDA 7": "45.38"}, "3/31/2005": {"Duration": "3/31/2005", "Market Cap (intraday) 5": "1.84B", "Enterprise Value 3": "1.60B", "Trailing P/E ": "19.83", "Forward P/E 1": "N/A", "PEG Ratio (5 yr expected) 1": "N/A", "Price/Sales (ttm)": "3.46", "Price/Book (mrq)": "4.55", "Enterprise Value/Revenue 3": "10.83", "Enterprise Value/EBITDA 7": "46.90"}, "12/31/2004": {"Duration": "12/31/2004", "Market Cap (intraday) 5": "2.02B", "Enterprise Value 3": "1.79B", "Trailing P/E ": "22.66", "Forward P/E 1": "N/A", "PEG Ratio (5 yr expected) 1": "N/A", "Price/Sales (ttm)": "3.95", "Price/Book (mrq)": "5.04", "Enterprise Value/Revenue 3": "11.87", "Enterprise Value/EBITDA 7": "51.01"}, "9/30/2004": {"Duration": "9/30/2004", "Market Cap (intraday) 5": "2.08B", "Enterprise Value 3": "1.86B", "Trailing P/E ": "25.14", "Forward P/E 1": "N/A", "PEG Ratio (5 yr expected) 1": "N/A", "Price/Sales (ttm)": "4.40", "Price/Book (mrq)": "5.84", "Enterprise Value/Revenue 3": "14.31", "Enterprise Value/EBITDA 7": "51.48"}, "6/30/2004": {"Duration": "6/30/2004", "Market Cap (intraday) 5": "2.00B", "Enterprise Value 3": "1.79B", "Trailing P/E ": "28.07", "Forward P/E 1": "N/A", "PEG Ratio (5 yr expected) 1": "N/A", "Price/Sales (ttm)": "4.51", "Price/Book (mrq)": "6.10", "Enterprise Value/Revenue 3": "13.65", "Enterprise Value/EBITDA 7": "53.61"}, "3/31/2004": {"Duration": "3/31/2004", "Market Cap (intraday) 5": "1.74B", "Enterprise Value 3": "1.56B", "Trailing P/E ": "27.95", "Forward P/E 1": "N/A", "PEG Ratio (5 yr expected) 1": "N/A", "Price/Sales (ttm)": "4.17", "Price/Book (mrq)": "5.82", "Enterprise Value/Revenue 3": "12.86", "Enterprise Value/EBITDA 7": "51.08"}, "12/31/2003": {"Duration": "12/31/2003", "Market Cap (intraday) 5": "1.47B", "Enterprise Value 3": "1.36B", "Trailing P/E ": "29.15", "Forward P/E 1": "N/A", "PEG Ratio (5 yr expected) 1": "N/A", "Price/Sales (ttm)": "3.91", "Price/Book (mrq)": "7.09", "Enterprise Value/Revenue 3": "12.63", "Enterprise Value/EBITDA 7": "50.49"}, "9/30/2003": {"Duration": "9/30/2003", "Market Cap (intraday) 5": "1.06B", "Enterprise Value 3": "965.46M", "Trailing P/E ": "25.13", "Forward P/E 1": "N/A", "PEG Ratio (5 yr expected) 1": "N/A", "Price/Sales (ttm)": "3.00", "Price/Book (mrq)": "5.89", "Enterprise Value/Revenue 3": "10.15", "Enterprise Value/EBITDA 7": "47.64"}, "6/30/2003": {"Duration": "6/30/2003", "Market Cap (intraday) 5": "948.80M", "Enterprise Value 3": "875.19M", "Trailing P/E ": "23.30", "Forward P/E 1": "N/A", "PEG Ratio (5 yr expected) 1": "N/A", "Price/Sales (ttm)": "2.84", "Price/Book (mrq)": "5.99", "Enterprise Value/Revenue 3": "9.43", "Enterprise Value/EBITDA 7": "45.28"}, "3/31/2003": {"Duration": "3/31/2003", "Market Cap (intraday) 5": "637.55M", "Enterprise Value 3": "577.83M", "Trailing P/E ": "16.42", "Forward P/E 1": "N/A", "PEG Ratio (5 yr expected) 1": "N/A", "Price/Sales (ttm)": "2.02", "Price/Book (mrq)": "4.34", "Enterprise Value/Revenue 3": "6.56", "Enterprise Value/EBITDA 7": "32.78"}, "12/31/2002": {"Duration": "12/31/2002", "Market Cap (intraday) 5": "675.75M", "Enterprise Value 3": "611.94M", "Trailing P/E ": "17.00", "Forward P/E 1": "N/A", "PEG Ratio (5 yr expected) 1": "N/A", "Price/Sales (ttm)": "2.19", "Price/Book (mrq)": "4.41", "Enterprise Value/Revenue 3": "7.05", "Enterprise Value/EBITDA 7": "39.66"}, "9/30/2002": {"Duration": "9/30/2002", "Market Cap (intraday) 5": "741.65M", "Enterprise Value 3": "675.08M", "Trailing P/E ": "18.11", "Forward P/E 1": "N/A", "PEG Ratio (5 yr expected) 1": "N/A", "Price/Sales (ttm)": "2.46", "Price/Book (mrq)": "4.71", "Enterprise Value/Revenue 3": "8.20", "Enterprise Value/EBITDA 7": "40.91"}, "6/30/2002": {"Duration": "6/30/2002", "Market Cap (intraday) 5": "873.17M", "Enterprise Value 3": "812.86M", "Trailing P/E ": "25.69", "Forward P/E 1": "N/A", "PEG Ratio (5 yr expected) 1": "N/A", "Price/Sales (ttm)": "3.01", "Price/Book (mrq)": "6.15", "Enterprise Value/Revenue 3": "10.13", "Enterprise Value/EBITDA 7": "49.32"}, "3/31/2002": {"Duration": "3/31/2002", "Market Cap (intraday) 5": "959.35M", "Enterprise Value 3": "876.66M", "Trailing P/E ": "29.06", "Forward P/E 1": "N/A", "PEG Ratio (5 yr expected) 1": "N/A", "Price/Sales (ttm)": "3.20", "Price/Book (mrq)": "6.28", "Enterprise Value/Revenue 3": "12.29", "Enterprise Value/EBITDA 7": "62.81"}, "12/31/2001": {"Duration": "12/31/2001", "Market Cap (intraday) 5": "1.20B", "Enterprise Value 3": "1.12B", "Trailing P/E ": "35.61", "Forward P/E 1": "N/A", "PEG Ratio (5 yr expected) 1": "N/A", "Price/Sales (ttm)": "3.92", "Price/Book (mrq)": "7.86", "Enterprise Value/Revenue 3": "13.61", "Enterprise Value/EBITDA 7": "84.31"}, "9/30/2001": {"Duration": "9/30/2001", "Market Cap (intraday) 5": "799.90M", "Enterprise Value 3": "722.42M", "Trailing P/E ": "14.70", "Forward P/E 1": "N/A", "PEG Ratio (5 yr expected) 1": "N/A", "Price/Sales (ttm)": "2.36", "Price/Book (mrq)": "4.93", "Enterprise Value/Revenue 3": "9.32", "Enterprise Value/EBITDA 7": "66.61"}, "6/30/2001": {"Duration": "6/30/2001", "Market Cap (intraday) 5": "1.12B", "Enterprise Value 3": "1.04B", "Trailing P/E ": "16.78", "Forward P/E 1": "N/A", "PEG Ratio (5 yr expected) 1": "N/A", "Price/Sales (ttm)": "3.07", "Price/Book (mrq)": "6.44", "Enterprise Value/Revenue 3": "13.00", "Enterprise Value/EBITDA 7": "82.25"}, "3/31/2001": {"Duration": "3/31/2001", "Market Cap (intraday) 5": "873.73M", "Enterprise Value 3": "812.24M", "Trailing P/E ": "11.64", "Forward P/E 1": "N/A", "PEG Ratio (5 yr expected) 1": "N/A", "Price/Sales (ttm)": "2.34", "Price/Book (mrq)": "5.38", "Enterprise Value/Revenue 3": "9.02", "Enterprise Value/EBITDA 7": "35.66"}, "12/31/2000": {"Duration": "12/31/2000", "Market Cap (intraday) 5": "2.31B", "Enterprise Value 3": "2.26B", "Trailing P/E ": "32.94", "Forward P/E 1": "N/A", "PEG Ratio (5 yr expected) 1": "N/A", "Price/Sales (ttm)": "6.63", "Price/Book (mrq)": "15.23", "Enterprise Value/Revenue 3": "21.14", "Enterprise Value/EBITDA 7": "71.65"}, "9/30/2000": {"Duration": "9/30/2000", "Market Cap (intraday) 5": "1.88B", "Enterprise Value 3": "1.83B", "Trailing P/E ": "28.86", "Forward P/E 1": "N/A", "PEG Ratio (5 yr expected) 1": "N/A", "Price/Sales (ttm)": "5.85", "Price/Book (mrq)": "15.37", "Enterprise Value/Revenue 3": "17.58", "Enterprise Value/EBITDA 7": "57.99"}, "6/30/2000": {"Duration": "6/30/2000", "Market Cap (intraday) 5": "1.88B", "Enterprise Value 3": "1.83B", "Trailing P/E ": "29.24", "Forward P/E 1": "N/A", "PEG Ratio (5 yr expected) 1": "N/A", "Price/Sales (ttm)": "5.92", "Price/Book (mrq)": "15.40", "Enterprise Value/Revenue 3": "18.25", "Enterprise Value/EBITDA 7": "60.41"}, "3/31/2000": {"Duration": "3/31/2000", "Market Cap (intraday) 5": "1.52B", "Enterprise Value 3": "1.48B", "Trailing P/E ": "25.53", "Forward P/E 1": "N/A", "PEG Ratio (5 yr expected) 1": "N/A", "Price/Sales (ttm)": "5.23", "Price/Book (mrq)": "14.43", "Enterprise Value/Revenue 3": "16.00", "Enterprise Value/EBITDA 7": "51.26"}, "12/31/1999": {"Duration": "12/31/1999", "Market Cap (intraday) 5": "1.16B", "Enterprise Value 3": "1.11B", "Trailing P/E ": "21.17", "Forward P/E 1": "N/A", "PEG Ratio (5 yr expected) 1": "N/A", "Price/Sales (ttm)": "4.33", "Price/Book (mrq)": "12.56", "Enterprise Value/Revenue 3": "14.64", "Enterprise Value/EBITDA 7": "47.42"}, "9/30/1999": {"Duration": "9/30/1999", "Market Cap (intraday) 5": "824.67M", "Enterprise Value 3": "777.47M", "Trailing P/E ": "15.26", "Forward P/E 1": "N/A", "PEG Ratio (5 yr expected) 1": "N/A", "Price/Sales (ttm)": "3.11", "Price/Book (mrq)": "8.41", "Enterprise Value/Revenue 3": "10.80", "Enterprise Value/EBITDA 7": "35.83"}, "6/30/1999": {"Duration": "6/30/1999", "Market Cap (intraday) 5": "1.09B", "Enterprise Value 3": "1.04B", "Trailing P/E ": "20.54", "Forward P/E 1": "N/A", "PEG Ratio (5 yr expected) 1": "N/A", "Price/Sales (ttm)": "4.10", "Price/Book (mrq)": "11.26", "Enterprise Value/Revenue 3": "13.86", "Enterprise Value/EBITDA 7": "43.50"}, "3/31/1999": {"Duration": "3/31/1999", "Market Cap (intraday) 5": "1.05B", "Enterprise Value 3": "1.01B", "Trailing P/E ": "20.72", "Forward P/E 1": "N/A", "PEG Ratio (5 yr expected) 1": "N/A", "Price/Sales (ttm)": "3.99", "Price/Book (mrq)": "11.77", "Enterprise Value/Revenue 3": "13.80", "Enterprise Value/EBITDA 7": "44.45"}, "12/31/1998": {"Duration": "12/31/1998", "Market Cap (intraday) 5": "1.42B", "Enterprise Value 3": "1.37B", "Trailing P/E ": "30.28", "Forward P/E 1": "N/A", "PEG Ratio (5 yr expected) 1": "N/A", "Price/Sales (ttm)": "5.64", "Price/Book (mrq)": "15.78", "Enterprise Value/Revenue 3": "18.97", "Enterprise Value/EBITDA 7": "59.39"}, "9/30/1998": {"Duration": "9/30/1998", "Market Cap (intraday) 5": "795.77M", "Enterprise Value 3": "765.77M", "Trailing P/E ": "18.53", "Forward P/E 1": "N/A", "PEG Ratio (5 yr expected) 1": "N/A", "Price/Sales (ttm)": "3.31", "Price/Book (mrq)": "10.44", "Enterprise Value/Revenue 3": "10.76", "Enterprise Value/EBITDA 7": "35.78"}, "6/30/1998": {"Duration": "6/30/1998", "Market Cap (intraday) 5": "850.46M", "Enterprise Value 3": "833.26M", "Trailing P/E ": "21.82", "Forward P/E 1": "N/A", "PEG Ratio (5 yr expected) 1": "N/A", "Price/Sales (ttm)": "3.76", "Price/Book (mrq)": "12.66", "Enterprise Value/Revenue 3": "11.89", "Enterprise Value/EBITDA 7": "39.30"}, "3/31/1998": {"Duration": "3/31/1998", "Market Cap (intraday) 5": "674.06M", "Enterprise Value 3": "674.26M", "Trailing P/E ": "19.04", "Forward P/E 1": "N/A", "PEG Ratio (5 yr expected) 1": "N/A", "Price/Sales (ttm)": "3.16", "Price/Book (mrq)": "12.62", "Enterprise Value/Revenue 3": "10.62", "Enterprise Value/EBITDA 7": "37.25"}, "12/31/1997": {"Duration": "12/31/1997", "Market Cap (intraday) 5": "661.48M", "Enterprise Value 3": "664.48M", "Trailing P/E ": "19.70", "Forward P/E 1": "N/A", "PEG Ratio (5 yr expected) 1": "N/A", "Price/Sales (ttm)": "3.20", "Price/Book (mrq)": "12.79", "Enterprise Value/Revenue 3": "10.72", "Enterprise Value/EBITDA 7": "37.54"}, "9/30/1997": {"Duration": "9/30/1997", "Market Cap (intraday) 5": "624.28M", "Enterprise Value 3": "633.18M", "Trailing P/E ": "20.08", "Forward P/E 1": "N/A", "PEG Ratio (5 yr expected) 1": "N/A", "Price/Sales (ttm)": "3.20", "Price/Book (mrq)": "15.76", "Enterprise Value/Revenue 3": "11.21", "Enterprise Value/EBITDA 7": "40.33"}, "6/30/1997": {"Duration": "6/30/1997", "Market Cap (intraday) 5": "412.33M", "Enterprise Value 3": "426.83M", "Trailing P/E ": "14.00", "Forward P/E 1": "N/A", "PEG Ratio (5 yr expected) 1": "N/A", "Price/Sales (ttm)": "2.18", "Price/Book (mrq)": "13.93", "Enterprise Value/Revenue 3": "7.90", "Enterprise Value/EBITDA 7": "29.85"}, "3/31/1997": {"Duration": "3/31/1997", "Market Cap (intraday) 5": "381.72M", "Enterprise Value 3": "404.52M", "Trailing P/E ": "12.87", "Forward P/E 1": "N/A", "PEG Ratio (5 yr expected) 1": "N/A", "Price/Sales (ttm)": "1.98", "Price/Book (mrq)": "18.35", "Enterprise Value/Revenue 3": "7.73", "Enterprise Value/EBITDA 7": "28.29"}, "12/31/1996": {"Duration": "12/31/1996", "Market Cap (intraday) 5": "350.32M", "Enterprise Value 3": "379.72M", "Trailing P/E ": "14.42", "Forward P/E 1": "N/A", "PEG Ratio (5 yr expected) 1": "N/A", "Price/Sales (ttm)": "2.16", "Price/Book (mrq)": "31.56", "Enterprise Value/Revenue 3": "7.55", "Enterprise Value/EBITDA 7": "26.93"}, "9/30/1996": {"Duration": "9/30/1996", "Market Cap (intraday) 5": "306.85M", "Enterprise Value 3": "346.25M", "Trailing P/E ": "12.30", "Forward P/E 1": "N/A", "PEG Ratio (5 yr expected) 1": "N/A", "Price/Sales (ttm)": "1.81", "Price/Book (mrq)": "76.71", "Enterprise Value/Revenue 3": "7.35", "Enterprise Value/EBITDA 7": "27.26"}, "6/30/1996": {"Duration": "6/30/1996", "Market Cap (intraday) 5": "294.55M", "Enterprise Value 3": "332.85M", "Trailing P/E ": "13.03", "Forward P/E 1": "N/A", "PEG Ratio (5 yr expected) 1": "N/A", "Price/Sales (ttm)": "1.82", "Price/Book (mrq)": "210.39", "Enterprise Value/Revenue 3": "7.30", "Enterprise Value/EBITDA 7": "27.28"}, "3/31/1996": {"Duration": "3/31/1996", "Market Cap (intraday) 5": "317.02M", "Enterprise Value 3": "359.42M", "Trailing P/E ": "14.30", "Forward P/E 1": "N/A", "PEG Ratio (5 yr expected) 1": "N/A", "Price/Sales (ttm)": "1.88", "Price/Book (mrq)": "N/A", "Enterprise Value/Revenue 3": "7.61", "Enterprise Value/EBITDA 7": "26.43"}, "12/31/1995": {"Duration": "12/31/1995", "Market Cap (intraday) 5": "307.38M", "Enterprise Value 3": "355.28M", "Trailing P/E ": "14.69", "Forward P/E 1": "N/A", "PEG Ratio (5 yr expected) 1": "N/A", "Price/Sales (ttm)": "1.86", "Price/Book (mrq)": "N/A", "Enterprise Value/Revenue 3": "7.62", "Enterprise Value/EBITDA 7": "27.54"}, "9/30/1995": {"Duration": "9/30/1995", "Market Cap (intraday) 5": "300.35M", "Enterprise Value 3": "352.75M", "Trailing P/E ": "14.84", "Forward P/E 1": "N/A", "PEG Ratio (5 yr expected) 1": "N/A", "Price/Sales (ttm)": "1.85", "Price/Book (mrq)": "N/A", "Enterprise Value/Revenue 3": "7.80", "Enterprise Value/EBITDA 7": "28.91"}, "6/30/1995": {"Duration": "6/30/1995", "Market Cap (intraday) 5": "219.82M", "Enterprise Value 3": "272.22M", "Trailing P/E ": "10.87", "Forward P/E 1": "N/A", "PEG Ratio (5 yr expected) 1": "N/A", "Price/Sales (ttm)": "1.35", "Price/Book (mrq)": "N/A", "Enterprise Value/Revenue 3": "6.17", "Enterprise Value/EBITDA 7": "23.67"}, "3/31/1995": {"Duration": "3/31/1995", "Market Cap (intraday) 5": "226.99M", "Enterprise Value 3": "288.69M", "Trailing P/E ": "11.51", "Forward P/E 1": "N/A", "PEG Ratio (5 yr expected) 1": "N/A", "Price/Sales (ttm)": "1.41", "Price/Book (mrq)": "N/A", "Enterprise Value/Revenue 3": "6.86", "Enterprise Value/EBITDA 7": "28.87"}, "12/31/1994": {"Duration": "12/31/1994", "Market Cap (intraday) 5": "246.25M", "Enterprise Value 3": "316.55M", "Trailing P/E ": "N/A", "Forward P/E 1": "N/A", "PEG Ratio (5 yr expected) 1": "N/A", "Price/Sales (ttm)": "1.42", "Price/Book (mrq)": "N/A", "Enterprise Value/Revenue 3": "7.52", "Enterprise Value/EBITDA 7": "27.77"}, "9/30/1994": {"Duration": "9/30/1994", "Market Cap (intraday) 5": "197.00M", "Enterprise Value 3": "267.30M", "Trailing P/E ": "N/A", "Forward P/E 1": "N/A", "PEG Ratio (5 yr expected) 1": "N/A", "Price/Sales (ttm)": "1.14", "Price/Book (mrq)": "N/A", "Enterprise Value/Revenue 3": "6.36", "Enterprise Value/EBITDA 7": "22.85"}, "6/30/1994": {"Duration": "6/30/1994", "Market Cap (intraday) 5": "140.56M", "Enterprise Value 3": "208.86M", "Trailing P/E ": "N/A", "Forward P/E 1": "N/A", "PEG Ratio (5 yr expected) 1": "N/A", "Price/Sales (ttm)": "0.81", "Price/Book (mrq)": "N/A", "Enterprise Value/Revenue 3": "4.78", "Enterprise Value/EBITDA 7": "17.41"}, "3/31/1994": {"Duration": "3/31/1994", "Market Cap (intraday) 5": "125.17M", "Enterprise Value 3": "201.67M", "Trailing P/E ": "N/A", "Forward P/E 1": "N/A", "PEG Ratio (5 yr expected) 1": "N/A", "Price/Sales (ttm)": "0.71", "Price/Book (mrq)": "N/A", "Enterprise Value/Revenue 3": "5.48", "Enterprise Value/EBITDA 7": "-3.13"}}, "inside": {"Date": ["INSIDER NAME", "TITLE", "DATE", "TRANSATION", "SHARE", "PRICE", "AMOUNT"], "2020-08-31 17:17:59": ["TRIANGLE PRIVATE HOLDINGS I, LLC", " 10% OWNER", "2020-08-27", "SELL", "4,065,666", "13.25", "53,870,076"]}}}, {"EDCI": {"fin": {}, "bs": {}, "cf": {}}}, {"CSRH": {"fin": {}, "bs": {}, "cf": {}}}]