[{"MDP": {"quote": {"03/20/2021": {"value": "34.86", "Market Cap": "1.591B", "Beta (5Y Monthly)": "2.33", "PE Ratio (TTM)": "N/A", "EPS (TTM)": "-6.51", "Earnings Date": "May 12, 2021 - May 17, 2021", "Forward Dividend & Yield": "N/A (N/A)", "Ex-Dividend Date": "Feb 27, 2020", "1y Target Est": "26.29"}}, "fin": {"TTM": {"Duration": "TTM", "Total Revenue": "2,907,900", "Cost of Revenue": "1,001,400", "Gross Profit": "1,906,500", "Operating Expense": "1,435,300", "Operating Income": "471,200", "Net Non Operating Interest Income Expense": "-156,600", "Other Income Expense": "-412,500", "Pretax Income": "-97,900", "Tax Provision": "-5,500", "Net Income Common Stockholders": "-299,000", "Diluted NI Available to Com Stockholders": "-299,000", "Basic EPS": "-", "Diluted EPS": "-", "Basic Average Shares": "-", "Diluted Average Shares": "-", "Total Operating Income as Reported": "55,600", "Total Expenses": "2,436,700", "Net Income from Continuing & Discontinued Operation": "-87,400", "Normalized Income": "299,852", "Interest Expense": "156,600", "Net Interest Income": "-156,600", "EBIT": "58,700", "EBITDA": "278,100", "Reconciled Cost of Revenue": "983,600", "Reconciled Depreciation": "219,400", "Net Income from Continuing Operation Net Minority Interest": "-92,400", "Total Unusual Items Excluding Goodwill": "-415,600", "Total Unusual Items": "-415,600", "Normalized EBITDA": "693,700", "Tax Rate for Calcs": "0", "Tax Effect of Unusual Items": "-23,348"}, "6/30/2020": {"Duration": "6/30/2020", "Total Revenue": "2,848,600", "Cost of Revenue": "1,047,600", "Gross Profit": "1,801,000", "Operating Expense": "1,479,000", "Operating Income": "322,000", "Net Non Operating Interest Income Expense": "-145,800", "Other Income Expense": "-417,400", "Pretax Income": "-241,200", "Tax Provision": "-32,200", "Net Income Common Stockholders": "-476,000", "Diluted NI Available to Com Stockholders": "-476,000", "Basic EPS": "-10.41", "Diluted EPS": "-10.41", "Basic Average Shares": "45,700", "Diluted Average Shares": "45,700", "Total Operating Income as Reported": "-94,100", "Total Expenses": "2,526,600", "Net Income from Continuing & Discontinued Operation": "-234,300", "Normalized Income": "151,759", "Interest Expense": "145,800", "Net Interest Income": "-145,800", "EBIT": "-95,400", "EBITDA": "-", "Reconciled Cost of Revenue": "1,028,600", "Reconciled Depreciation": "238,900", "Net Income from Continuing Operation Net Minority Interest": "-209,000", "Total Unusual Items Excluding Goodwill": "-416,100", "Total Unusual Items": "-416,100", "Normalized EBITDA": "559,600", "Tax Rate for Calcs": "0", "Tax Effect of Unusual Items": "-55,341"}, "6/30/2019": {"Duration": "6/30/2019", "Total Revenue": "3,188,500", "Cost of Revenue": "1,161,200", "Gross Profit": "2,027,300", "Operating Expense": "1,597,600", "Operating Income": "429,700", "Net Non Operating Interest Income Expense": "-170,600", "Other Income Expense": "-118,500", "Pretax Income": "140,600", "Tax Provision": "11,500", "Net Income Common Stockholders": "-32,000", "Diluted NI Available to Com Stockholders": "-32,000", "Basic EPS": "-0.71", "Diluted EPS": "-0.71", "Basic Average Shares": "45,300", "Diluted Average Shares": "45,500", "Total Operating Income as Reported": "287,000", "Total Expenses": "2,758,800", "Net Income from Continuing & Discontinued Operation": "-32,000", "Normalized Income": "181,828", "Interest Expense": "-", "Net Interest Income": "-170,600", "EBIT": "429,700", "EBITDA": "-", "Reconciled Cost of Revenue": "1,141,200", "Reconciled Depreciation": "267,600", "Net Income from Continuing Operation Net Minority Interest": "50,800", "Total Unusual Items Excluding Goodwill": "-142,700", "Total Unusual Items": "-142,700", "Normalized EBITDA": "840,000", "Tax Rate for Calcs": "0", "Tax Effect of Unusual Items": "-11,672"}, "6/30/2018": {"Duration": "6/30/2018", "Total Revenue": "2,247,400", "Cost of Revenue": "860,600", "Gross Profit": "1,386,800", "Operating Expense": "1,091,700", "Operating Income": "295,100", "Net Non Operating Interest Income Expense": "-96,900", "Other Income Expense": "-207,800", "Pretax Income": "-9,600", "Tax Provision": "-123,600", "Net Income Common Stockholders": "99,400", "Diluted NI Available to Com Stockholders": "99,400", "Basic EPS": "1.48", "Diluted EPS": "1.47", "Basic Average Shares": "44,900", "Diluted Average Shares": "45,500", "Total Operating Income as Reported": "99,000", "Total Expenses": "1,952,300", "Net Income from Continuing & Discontinued Operation": "99,400", "Normalized Income": "257,153", "Interest Expense": "-", "Net Interest Income": "-96,900", "EBIT": "295,100", "EBITDA": "-", "Reconciled Cost of Revenue": "841,400", "Reconciled Depreciation": "148,200", "Net Income from Continuing Operation Net Minority Interest": "114,000", "Total Unusual Items Excluding Goodwill": "-196,100", "Total Unusual Items": "-196,100", "Normalized EBITDA": "639,400", "Tax Rate for Calcs": "0", "Tax Effect of Unusual Items": "-52,947"}}, "bs": {"6/30/2020": {"Duration": "6/30/2020", "Total Assets": "5,510,100", "Total Liabilities Net Minority Interest": "5,121,900", "Total Equity Gross Minority Interest": "388,200", "Total Capitalization": "3,370,000", "Preferred Stock Equity": "-", "Common Stock Equity": "388,200", "Capital Lease Obligations": "501,900", "Net Tangible Assets": "-2,978,600", "Working Capital": "153,100", "Invested Capital": "3,374,100", "Tangible Book Value": "-2,978,600", "Total Debt": "3,487,800", "Net Debt": "2,853,500", "Share Issued": "70,200", "Ordinary Shares Number": "45,400", "Treasury Shares Number": "24,800"}, "6/30/2019": {"Duration": "6/30/2019", "Total Assets": "6,136,900", "Total Liabilities Net Minority Interest": "5,162,300", "Total Equity Gross Minority Interest": "974,600", "Total Capitalization": "3,307,900", "Preferred Stock Equity": "540,200", "Common Stock Equity": "974,600", "Capital Lease Obligations": "-", "Net Tangible Assets": "-2,824,400", "Working Capital": "89,300", "Invested Capital": "3,307,900", "Tangible Book Value": "-2,824,400", "Total Debt": "2,333,300", "Net Debt": "2,288,300", "Share Issued": "70,000", "Ordinary Shares Number": "45,200", "Treasury Shares Number": "24,800"}, "6/30/2018": {"Duration": "6/30/2018", "Total Assets": "6,727,200", "Total Liabilities Net Minority Interest": "5,107,100", "Total Equity Gross Minority Interest": "1,620,100", "Total Capitalization": "4,738,000", "Preferred Stock Equity": "522,600", "Common Stock Equity": "1,097,500", "Capital Lease Obligations": "-", "Net Tangible Assets": "-2,319,800", "Working Capital": "788,800", "Invested Capital": "4,233,100", "Tangible Book Value": "-2,842,400", "Total Debt": "3,135,600", "Net Debt": "2,698,000", "Share Issued": "69,700", "Ordinary Shares Number": "44,900", "Treasury Shares Number": "24,800"}}, "cf": {"TTM": {"Duration": "TTM", "Operating Cash Flow": "496,300", "Investing Cash Flow": "14,800", "Financing Cash Flow": "-153,400", "End Cash Position": "378,900", "Income Tax Paid Supplemental Data": "-", "Interest Paid Supplemental Data": "-", "Capital Expenditure": "-38,800", "Issuance of Capital Stock": "1,700", "Issuance of Debt": "-", "Repayment of Debt": "-152,800", "Repurchase of Capital Stock": "-723,400", "Free Cash Flow": "457,500"}, "6/30/2020": {"Duration": "6/30/2020", "Operating Cash Flow": "306,600", "Investing Cash Flow": "3,100", "Financing Cash Flow": "-216,700", "End Cash Position": "132,400", "Income Tax Paid Supplemental Data": "43,300", "Interest Paid Supplemental Data": "135,000", "Capital Expenditure": "-55,400", "Issuance of Capital Stock": "1,900", "Issuance of Debt": "1,085,000", "Repayment of Debt": "-410,800", "Repurchase of Capital Stock": "-726,700", "Free Cash Flow": "251,200"}, "6/30/2019": {"Duration": "6/30/2019", "Operating Cash Flow": "245,300", "Investing Cash Flow": "374,300", "Financing Cash Flow": "-1,013,600", "End Cash Position": "45,000", "Income Tax Paid Supplemental Data": "-", "Interest Paid Supplemental Data": "171,900", "Capital Expenditure": "-46,400", "Issuance of Capital Stock": "4,600", "Issuance of Debt": "210,000", "Repayment of Debt": "-1,037,000", "Repurchase of Capital Stock": "-10,000", "Free Cash Flow": "198,900"}, "6/30/2018": {"Duration": "6/30/2018", "Operating Cash Flow": "151,400", "Investing Cash Flow": "-2,617,400", "Financing Cash Flow": "2,916,700", "End Cash Position": "437,600", "Income Tax Paid Supplemental Data": "24,000", "Interest Paid Supplemental Data": "66,300", "Capital Expenditure": "-53,200", "Issuance of Capital Stock": "650,300", "Issuance of Debt": "3,260,000", "Repayment of Debt": "-765,100", "Repurchase of Capital Stock": "-31,100", "Free Cash Flow": "98,200"}}}}, {"TRI": {"quote": {"03/20/2021": {"value": "87.38", "Market Cap": "43.294B", "Beta (5Y Monthly)": "0.30", "PE Ratio (TTM)": "38.90", "EPS (TTM)": "2.25", "Earnings Date": "N/A", "Forward Dividend & Yield": "1.62 (1.85%)", "Ex-Dividend Date": "Mar 04, 2021", "1y Target Est": "46.09"}}, "fin": {"TTM": {"Duration": "TTM", "Total Revenue": "5,906,000", "Cost of Revenue": "4,028,000", "Gross Profit": "1,878,000", "Operating Expense": "679,000", "Operating Income": "1,199,000", "Net Non Operating Interest Income Expense": "-165,000", "Other Income Expense": "-63,000", "Pretax Income": "971,000", "Tax Provision": "-1,198,000", "Earnings from Equity Interest Net of Tax": "-599,000", "Net Income Common Stockholders": "1,122,000", "Diluted NI Available to Com Stockholders": "1,561,000", "Basic EPS": "-", "Diluted EPS": "-", "Basic Average Shares": "-", "Diluted Average Shares": "-", "Total Operating Income as Reported": "1,199,000", "Rent Expense Supplemental": "-", "Total Expenses": "4,707,000", "Net Income from Continuing & Discontinued Operation": "1,564,000", "Normalized Income": "1,149,000", "Interest Income": "44,000", "Interest Expense": "207,000", "Net Interest Income": "-165,000", "EBIT": "1,959,000", "EBITDA": "1,895,000", "Reconciled Cost of Revenue": "4,028,000", "Reconciled Depreciation": "717,000", "Net Income from Continuing Operation Net Minority Interest": "1,570,000", "Total Unusual Items Excluding Goodwill": "-63,000", "Total Unusual Items": "-63,000", "Normalized EBITDA": "1,958,000", "Tax Rate for Calcs": "0", "Tax Effect of Unusual Items": "-16,695"}, "12/31/2020": {"Duration": "12/31/2020", "Total Revenue": "5,984,000", "Cost of Revenue": "2,269,000", "Gross Profit": "3,715,000", "Operating Expense": "1,796,000", "Operating Income": "1,919,000", "Net Non Operating Interest Income Expense": "-195,000", "Other Income Expense": "40,000", "Pretax Income": "1,764,000", "Tax Provision": "71,000", "Earnings from Equity Interest Net of Tax": "-544,000", "Net Income Common Stockholders": "1,122,000", "Diluted NI Available to Com Stockholders": "1,122,000", "Basic EPS": "-", "Diluted EPS": "-", "Basic Average Shares": "-", "Diluted Average Shares": "-", "Total Operating Income as Reported": "1,929,000", "Rent Expense Supplemental": "-", "Total Expenses": "4,065,000", "Net Income from Continuing & Discontinued Operation": "1,122,000", "Normalized Income": "1,111,320", "Interest Income": "6,000", "Interest Expense": "201,000", "Net Interest Income": "-195,000", "EBIT": "1,965,000", "EBITDA": "-", "Reconciled Cost of Revenue": "2,269,000", "Reconciled Depreciation": "792,000", "Net Income from Continuing Operation Net Minority Interest": "1,149,000", "Total Unusual Items Excluding Goodwill": "40,000", "Total Unusual Items": "40,000", "Normalized EBITDA": "2,717,000", "Tax Rate for Calcs": "0", "Tax Effect of Unusual Items": "2,320"}, "12/31/2019": {"Duration": "12/31/2019", "Total Revenue": "5,906,000", "Cost of Revenue": "4,028,000", "Gross Profit": "1,878,000", "Operating Expense": "679,000", "Operating Income": "1,199,000", "Net Non Operating Interest Income Expense": "-165,000", "Other Income Expense": "-63,000", "Pretax Income": "971,000", "Tax Provision": "-1,198,000", "Earnings from Equity Interest Net of Tax": "-599,000", "Net Income Common Stockholders": "1,561,000", "Diluted NI Available to Com Stockholders": "1,561,000", "Basic EPS": "3.12", "Diluted EPS": "3.11", "Basic Average Shares": "500,830", "Diluted Average Shares": "502,521", "Total Operating Income as Reported": "1,199,000", "Rent Expense Supplemental": "72,000", "Total Expenses": "4,707,000", "Net Income from Continuing & Discontinued Operation": "1,564,000", "Normalized Income": "1,616,305", "Interest Income": "44,000", "Interest Expense": "207,000", "Net Interest Income": "-165,000", "EBIT": "1,178,000", "EBITDA": "-", "Reconciled Cost of Revenue": "4,028,000", "Reconciled Depreciation": "717,000", "Net Income from Continuing Operation Net Minority Interest": "1,570,000", "Total Unusual Items Excluding Goodwill": "-63,000", "Total Unusual Items": "-63,000", "Normalized EBITDA": "1,958,000", "Tax Rate for Calcs": "0", "Tax Effect of Unusual Items": "-16,695"}, "12/31/2018": {"Duration": "12/31/2018", "Total Revenue": "5,501,000", "Cost of Revenue": "3,734,000", "Gross Profit": "1,767,000", "Operating Expense": "992,000", "Operating Income": "775,000", "Net Non Operating Interest Income Expense": "-260,000", "Other Income Expense": "18,000", "Pretax Income": "533,000", "Tax Provision": "141,000", "Earnings from Equity Interest Net of Tax": "-212,000", "Net Income Common Stockholders": "3,946,000", "Diluted NI Available to Com Stockholders": "3,946,000", "Basic EPS": "5.91", "Diluted EPS": "5.91", "Basic Average Shares": "667,586", "Diluted Average Shares": "668,211", "Total Operating Income as Reported": "780,000", "Rent Expense Supplemental": "-", "Total Expenses": "4,726,000", "Net Income from Continuing & Discontinued Operation": "3,949,000", "Normalized Income": "78,950", "Interest Income": "38,000", "Interest Expense": "298,000", "Net Interest Income": "-260,000", "EBIT": "831,000", "EBITDA": "-", "Reconciled Cost of Revenue": "3,734,000", "Reconciled Depreciation": "619,000", "Net Income from Continuing Operation Net Minority Interest": "90,000", "Total Unusual Items Excluding Goodwill": "13,000", "Total Unusual Items": "13,000", "Normalized EBITDA": "1,437,000", "Tax Rate for Calcs": "0", "Tax Effect of Unusual Items": "1,950"}}, "bs": {"12/31/2020": {"Duration": "12/31/2020", "Total Assets": "17,881,000", "Total Liabilities Net Minority Interest": "7,901,000", "Total Equity Gross Minority Interest": "9,980,000", "Total Capitalization": "13,752,000", "Preferred Stock Equity": "110,000", "Common Stock Equity": "9,870,000", "Net Tangible Assets": "-253,000", "Working Capital": "1,323,000", "Invested Capital": "13,642,000", "Tangible Book Value": "-363,000", "Total Debt": "3,772,000", "Net Debt": "1,985,000", "Share Issued": "497,118", "Ordinary Shares Number": "497,118", "Preferred Shares Number": "6,000"}, "12/31/2019": {"Duration": "12/31/2019", "Total Assets": "17,295,000", "Total Liabilities Net Minority Interest": "7,735,000", "Total Equity Gross Minority Interest": "9,560,000", "Total Capitalization": "12,236,000", "Preferred Stock Equity": "110,000", "Common Stock Equity": "9,450,000", "Net Tangible Assets": "-711,000", "Working Capital": "-148,000", "Invested Capital": "12,705,000", "Tangible Book Value": "-821,000", "Total Debt": "3,255,000", "Net Debt": "2,430,000", "Share Issued": "497,460", "Ordinary Shares Number": "497,460", "Preferred Shares Number": "6,000"}, "12/31/2018": {"Duration": "12/31/2018", "Total Assets": "17,047,000", "Total Liabilities Net Minority Interest": "7,821,000", "Total Equity Gross Minority Interest": "9,226,000", "Total Capitalization": "12,439,000", "Preferred Stock Equity": "110,000", "Common Stock Equity": "9,116,000", "Net Tangible Assets": "-82,000", "Working Capital": "2,067,000", "Invested Capital": "12,332,000", "Tangible Book Value": "-192,000", "Total Debt": "3,216,000", "Net Debt": "510,000", "Share Issued": "501,493", "Ordinary Shares Number": "501,493", "Preferred Shares Number": "6,000"}}, "cf": {"TTM": {"Duration": "TTM", "Operating Cash Flow": "702,000", "Investing Cash Flow": "-1,384,000", "Financing Cash Flow": "-1,201,000", "End Cash Position": "825,000", "Income Tax Paid Supplemental Data": "314,000", "Interest Paid Supplemental Data": "189,000", "Capital Expenditure": "-505,000", "Issuance of Debt": "0", "Repayment of Debt": "-51,000", "Repurchase of Capital Stock": "-200,000", "Free Cash Flow": "197,000"}, "12/31/2020": {"Duration": "12/31/2020", "Operating Cash Flow": "1,745,000", "Investing Cash Flow": "-138,000", "Financing Cash Flow": "-644,000", "End Cash Position": "1,787,000", "Income Tax Paid Supplemental Data": "164,000", "Interest Paid Supplemental Data": "164,000", "Capital Expenditure": "-504,000", "Issuance of Debt": "2,019,000", "Repayment of Debt": "-1,722,000", "Repurchase of Capital Stock": "-200,000", "Free Cash Flow": "1,241,000"}, "12/31/2019": {"Duration": "12/31/2019", "Operating Cash Flow": "702,000", "Investing Cash Flow": "-1,384,000", "Financing Cash Flow": "-1,201,000", "End Cash Position": "825,000", "Income Tax Paid Supplemental Data": "314,000", "Interest Paid Supplemental Data": "189,000", "Capital Expenditure": "-505,000", "Issuance of Debt": "0", "Repayment of Debt": "-51,000", "Repurchase of Capital Stock": "-488,000", "Free Cash Flow": "197,000"}, "12/31/2018": {"Duration": "12/31/2018", "Operating Cash Flow": "2,062,000", "Investing Cash Flow": "14,729,000", "Financing Cash Flow": "-14,936,000", "End Cash Position": "2,703,000", "Income Tax Paid Supplemental Data": "308,000", "Interest Paid Supplemental Data": "296,000", "Capital Expenditure": "-576,000", "Issuance of Debt": "1,370,000", "Repayment of Debt": "-3,719,000", "Repurchase of Capital Stock": "-9,962,000", "Free Cash Flow": "1,486,000"}}}}, {"VALU": {"quote": {"03/20/2021": {"value": "29.62", "Market Cap": "283.588M", "Beta (5Y Monthly)": "-0.02", "PE Ratio (TTM)": "14.97", "EPS (TTM)": "1.98", "Earnings Date": "Mar 12, 2021", "Forward Dividend & Yield": "0.84 (2.84%)", "Ex-Dividend Date": "Jan 29, 2021", "1y Target Est": "N/A"}}, "fin": {"TTM": {"Duration": "TTM", "Total Revenue": "40,467", "Cost of Revenue": "23,859", "Gross Profit": "16,608", "Operating Expense": "8,604", "Operating Income": "8,004", "Other Income Expense": "16,928", "Pretax Income": "24,860", "Tax Provision": "5,848", "Net Income Common Stockholders": "19,012", "Diluted NI Available to Com Stockholders": "19,012", "Basic EPS": "-", "Diluted EPS": "-", "Basic Average Shares": "-", "Diluted Average Shares": "-", "Total Operating Income as Reported": "8,004", "Total Expenses": "32,463", "Net Income from Continuing & Discontinued Operation": "19,012", "Normalized Income": "17,964", "EBIT": "8,004", "EBITDA": "9,031", "Reconciled Cost of Revenue": "23,859", "Reconciled Depreciation": "1,027", "Net Income from Continuing Operation Net Minority Interest": "19,012", "Total Unusual Items Excluding Goodwill": "1,370", "Total Unusual Items": "1,370", "Normalized EBITDA": "7,661", "Tax Rate for Calcs": "0", "Tax Effect of Unusual Items": "322.2751"}, "4/30/2020": {"Duration": "4/30/2020", "Total Revenue": "40,299", "Cost of Revenue": "23,134", "Gross Profit": "17,165", "Operating Expense": "8,075", "Operating Income": "9,090", "Other Income Expense": "12,394", "Pretax Income": "21,484", "Tax Provision": "5,821", "Net Income Common Stockholders": "15,663", "Diluted NI Available to Com Stockholders": "15,663", "Basic EPS": "1.62", "Diluted EPS": "1.62", "Basic Average Shares": "9,647", "Diluted Average Shares": "9,647", "Total Operating Income as Reported": "9,090", "Total Expenses": "31,209", "Net Income from Continuing & Discontinued Operation": "15,663", "Normalized Income": "15,631", "EBIT": "9,090", "EBITDA": "-", "Reconciled Cost of Revenue": "23,134", "Reconciled Depreciation": "266", "Net Income from Continuing Operation Net Minority Interest": "15,663", "Total Unusual Items Excluding Goodwill": "44", "Total Unusual Items": "44", "Normalized EBITDA": "9,312", "Tax Rate for Calcs": "0", "Tax Effect of Unusual Items": "11.9196"}, "4/30/2019": {"Duration": "4/30/2019", "Total Revenue": "36,257", "Cost of Revenue": "23,003", "Gross Profit": "13,254", "Operating Expense": "7,841", "Operating Income": "5,413", "Other Income Expense": "9,813", "Pretax Income": "15,226", "Tax Provision": "4,076", "Net Income Common Stockholders": "11,150", "Diluted NI Available to Com Stockholders": "11,150", "Basic EPS": "1.15", "Diluted EPS": "1.15", "Basic Average Shares": "9,684", "Diluted Average Shares": "9,684", "Total Operating Income as Reported": "5,413", "Total Expenses": "30,844", "Net Income from Continuing & Discontinued Operation": "11,150", "Normalized Income": "10,781", "EBIT": "5,413", "EBITDA": "-", "Reconciled Cost of Revenue": "23,003", "Reconciled Depreciation": "367", "Net Income from Continuing Operation Net Minority Interest": "11,150", "Total Unusual Items Excluding Goodwill": "504", "Total Unusual Items": "504", "Normalized EBITDA": "5,276", "Tax Rate for Calcs": "0", "Tax Effect of Unusual Items": "135.1224"}, "4/30/2018": {"Duration": "4/30/2018", "Total Revenue": "35,868", "Cost of Revenue": "24,345", "Gross Profit": "11,523", "Operating Expense": "8,951", "Operating Income": "2,572", "Other Income Expense": "9,326", "Pretax Income": "11,898", "Tax Provision": "-2,840", "Net Income Common Stockholders": "14,738", "Diluted NI Available to Com Stockholders": "14,738", "Basic EPS": "1.52", "Diluted EPS": "1.52", "Basic Average Shares": "9,703", "Diluted Average Shares": "9,703", "Total Operating Income as Reported": "2,572", "Total Expenses": "33,296", "Net Income from Continuing & Discontinued Operation": "14,738", "Normalized Income": "14,344", "EBIT": "2,572", "EBITDA": "-", "Reconciled Cost of Revenue": "24,345", "Reconciled Depreciation": "1,125", "Net Income from Continuing Operation Net Minority Interest": "14,738", "Total Unusual Items Excluding Goodwill": "540", "Total Unusual Items": "540", "Normalized EBITDA": "3,157", "Tax Rate for Calcs": "0", "Tax Effect of Unusual Items": "145.8"}}, "bs": {"4/30/2020": {"Duration": "4/30/2020", "Total Assets": "109,728", "Total Liabilities Net Minority Interest": "56,189", "Total Equity Gross Minority Interest": "53,539", "Total Capitalization": "55,676", "Common Stock Equity": "53,539", "Capital Lease Obligations": "9,417", "Net Tangible Assets": "53,470", "Working Capital": "13,700", "Invested Capital": "55,870", "Tangible Book Value": "53,470", "Total Debt": "11,748", "Share Issued": "10,000", "Ordinary Shares Number": "9,617", "Treasury Shares Number": "383.279"}, "4/30/2019": {"Duration": "4/30/2019", "Total Assets": "91,788", "Total Liabilities Net Minority Interest": "44,264", "Total Equity Gross Minority Interest": "47,524", "Total Capitalization": "47,524", "Common Stock Equity": "47,524", "Capital Lease Obligations": "-", "Net Tangible Assets": "47,390", "Working Capital": "6,014", "Invested Capital": "47,524", "Tangible Book Value": "47,390", "Total Debt": "-", "Share Issued": "10,000", "Ordinary Shares Number": "9,664", "Treasury Shares Number": "336.439"}, "4/30/2018": {"Duration": "4/30/2018", "Total Assets": "86,788", "Total Liabilities Net Minority Interest": "43,247", "Total Equity Gross Minority Interest": "43,541", "Total Capitalization": "43,541", "Common Stock Equity": "43,541", "Capital Lease Obligations": "-", "Net Tangible Assets": "43,387", "Working Capital": "1,690", "Invested Capital": "43,541", "Tangible Book Value": "43,387", "Total Debt": "-", "Share Issued": "10,000", "Ordinary Shares Number": "9,692", "Treasury Shares Number": "308.38"}}, "cf": {"TTM": {"Duration": "TTM", "Operating Cash Flow": "17,244", "Investing Cash Flow": "2,723", "Financing Cash Flow": "-7,340", "End Cash Position": "16,651", "Capital Expenditure": "-140", "Issuance of Debt": "-", "Repurchase of Capital Stock": "-1,687", "Free Cash Flow": "17,104"}, "4/30/2020": {"Duration": "4/30/2020", "Operating Cash Flow": "13,745", "Investing Cash Flow": "-8,657", "Financing Cash Flow": "-6,627", "End Cash Position": "5,423", "Capital Expenditure": "-2", "Issuance of Debt": "2,331", "Repurchase of Capital Stock": "-1,214", "Free Cash Flow": "13,743"}, "4/30/2019": {"Duration": "4/30/2019", "Operating Cash Flow": "11,831", "Investing Cash Flow": "-3,309", "Financing Cash Flow": "-7,970", "End Cash Position": "6,962", "Capital Expenditure": "-122", "Issuance of Debt": "-", "Repurchase of Capital Stock": "-608", "Free Cash Flow": "11,709"}, "4/30/2018": {"Duration": "4/30/2018", "Operating Cash Flow": "1,071", "Investing Cash Flow": "7,596", "Financing Cash Flow": "-9,283", "End Cash Position": "5,941", "Capital Expenditure": "-408", "Issuance of Debt": "-", "Repurchase of Capital Stock": "-354", "Free Cash Flow": "663"}}}}, {"MFST": {"quote": {"03/20/2021": {"value": "0.0014", "Market Cap": "147,152", "Beta (5Y Monthly)": "1.10", "PE Ratio (TTM)": "N/A", "EPS (TTM)": "-0.1740", "Earnings Date": "Jun 29, 2020 - Jun 30, 2020", "Forward Dividend & Yield": "N/A (N/A)", "Ex-Dividend Date": "N/A", "1y Target Est": "N/A"}}, "fin": {"TTM": {"Duration": "TTM", "Total Revenue": "64.805", "Cost of Revenue": "2.65", "Gross Profit": "62.155", "Operating Expense": "951.461", "Operating Income": "-889.306", "Net Non Operating Interest Income Expense": "-647.693", "Other Income Expense": "-298.991", "Pretax Income": "-1,836", "Tax Provision": "0", "Net Income Common Stockholders": "-1,836", "Diluted NI Available to Com Stockholders": "-1,836", "Basic EPS": "-", "Diluted EPS": "-", "Basic Average Shares": "-", "Diluted Average Shares": "-", "Total Operating Income as Reported": "-889.306", "Rent Expense Supplemental": "29.013", "Total Expenses": "954.111", "Net Income from Continuing & Discontinued Operation": "-1,836", "Normalized Income": "-1,537", "Interest Income": "0.904", "Interest Expense": "648.597", "Net Interest Income": "-647.693", "EBIT": "-1,187", "EBITDA": "-1,172", "Reconciled Cost of Revenue": "2.65", "Reconciled Depreciation": "15.447", "Net Income from Continuing Operation Net Minority Interest": "-1,836", "Total Unusual Items Excluding Goodwill": "-298.991", "Total Unusual Items": "-298.991", "Normalized EBITDA": "-872.955", "Tax Rate for Calcs": "0", "Tax Effect of Unusual Items": "0"}, "12/31/2018": {"Duration": "12/31/2018", "Total Revenue": "29.175", "Cost of Revenue": "0.757", "Gross Profit": "28.418", "Operating Expense": "792.544", "Operating Income": "-764.126", "Net Non Operating Interest Income Expense": "-680.907", "Other Income Expense": "376.499", "Pretax Income": "-1,069", "Tax Provision": "0", "Net Income Common Stockholders": "-1,069", "Diluted NI Available to Com Stockholders": "-1,069", "Basic EPS": "-0.61", "Diluted EPS": "-0.61", "Basic Average Shares": "1,763", "Diluted Average Shares": "1,763", "Total Operating Income as Reported": "-764.126", "Rent Expense Supplemental": "30.93", "Total Expenses": "793.301", "Net Income from Continuing & Discontinued Operation": "-1,069", "Normalized Income": "-1,445", "Interest Income": "0.002", "Interest Expense": "680.909", "Net Interest Income": "-680.907", "EBIT": "-387.625", "EBITDA": "-", "Reconciled Cost of Revenue": "0.757", "Reconciled Depreciation": "15.64", "Net Income from Continuing Operation Net Minority Interest": "-1,069", "Total Unusual Items Excluding Goodwill": "376.499", "Total Unusual Items": "376.499", "Normalized EBITDA": "-748.484", "Tax Rate for Calcs": "0", "Tax Effect of Unusual Items": "0"}}, "bs": {"12/31/2018": {"Duration": "12/31/2018", "Total Assets": "218.558", "Total Liabilities Net Minority Interest": "1,465", "Total Equity Gross Minority Interest": "-1,246", "Total Capitalization": "-1,246", "Preferred Stock Equity": "0.051", "Common Stock Equity": "-1,246", "Net Tangible Assets": "-1,348", "Working Capital": "-1,349", "Invested Capital": "-664.633", "Tangible Book Value": "-1,348", "Total Debt": "581.826", "Net Debt": "498.439", "Share Issued": "3,483", "Ordinary Shares Number": "3,483"}}, "cf": {"TTM": {"Duration": "TTM", "Operating Cash Flow": "-463.931", "Investing Cash Flow": "0", "Financing Cash Flow": "673.5", "End Cash Position": "287.283", "Income Tax Paid Supplemental Data": "1.018", "Interest Paid Supplemental Data": "-", "Issuance of Debt": "701", "Repayment of Debt": "-27.5", "Free Cash Flow": "-463.931"}, "12/31/2018": {"Duration": "12/31/2018", "Operating Cash Flow": "-425.882", "Investing Cash Flow": "0", "Financing Cash Flow": "221.7", "End Cash Position": "83.387", "Income Tax Paid Supplemental Data": "1.169", "Interest Paid Supplemental Data": "-", "Issuance of Debt": "254.25", "Repayment of Debt": "-32.55", "Free Cash Flow": "-425.882"}}}}, {"TIME": {"quote": {"03/20/2021": {"value": "", "Net Assets": "N/A", "Beta (5Y Monthly)": "N/A", "Yield": "N/A", "5y Average Return": "N/A", "Holdings Turnover": "N/A", "Last Dividend": "N/A", "Average for Category": "N/A", "Inception Date": "N/A"}}, "fin": {}, "bs": {}, "cf": {}}}, {"FRLF": {"fin": {}, "bs": {}, "cf": {}}}]