[{"AMX": {"quote": {"05/11/2021": {"value": "14.84", "Market Cap": "49.258B", "Beta (5Y Monthly)": "0.30", "PE Ratio (TTM)": "12.79", "EPS (TTM)": "1.16", "Earnings Date": "N/A", "Forward Dividend & Yield": "0.37 (2.52%)", "Ex-Dividend Date": "Oct 23, 2020", "1y Target Est": "19.83"}}, "fin": {"TTM": {"Duration": "TTM", "Total Revenue": "1,016,887,000", "Cost of Revenue": "470,427,000", "Gross Profit": "546,460,000", "Operating Expense": "376,380,000", "Operating Income": "170,080,000", "Net Non Operating Interest Income Expense": "-32,309,000", "Other Income Expense": "-70,091,000", "Pretax Income": "67,680,000", "Tax Provision": "16,366,000", "Earnings from Equity Interest Net of Tax": "-287,000", "Net Income Common Stockholders": "46,853,000", "Diluted NI Available to Com Stockholders": "46,853,000", "Basic EPS": "-", "Diluted EPS": "-", "Basic Average Shares": "-", "Diluted Average Shares": "-", "Total Operating Income as Reported": "165,355,000", "Total Expenses": "846,807,000", "Net Income from Continuing & Discontinued Operation": "46,853,000", "Normalized Income": "96,412,559", "Interest Income": "-", "Interest Expense": "33,600,000", "Net Interest Income": "-32,309,000", "EBIT": "101,280,000", "EBITDA": "265,524,000", "Reconciled Cost of Revenue": "470,427,000", "Reconciled Depreciation": "164,244,000", "Net Income from Continuing Operation Net Minority Interest": "46,853,000", "Total Unusual Items Excluding Goodwill": "-65,366,000", "Total Unusual Items": "-65,366,000", "Normalized EBITDA": "330,890,000", "Tax Rate for Calcs": "0", "Tax Effect of Unusual Items": "-15,806,441"}, "12/31/2020": {"Duration": "12/31/2020", "Total Revenue": "1,016,887,000", "Cost of Revenue": "470,427,000", "Gross Profit": "546,460,000", "Operating Expense": "376,380,000", "Operating Income": "170,080,000", "Net Non Operating Interest Income Expense": "-32,309,000", "Other Income Expense": "-70,091,000", "Pretax Income": "67,680,000", "Tax Provision": "16,366,000", "Earnings from Equity Interest Net of Tax": "-287,000", "Net Income Common Stockholders": "46,853,000", "Diluted NI Available to Com Stockholders": "46,853,000", "Basic EPS": "-", "Diluted EPS": "-", "Basic Average Shares": "-", "Diluted Average Shares": "-", "Total Operating Income as Reported": "165,355,000", "Total Expenses": "846,807,000", "Net Income from Continuing & Discontinued Operation": "46,853,000", "Normalized Income": "96,412,559", "Interest Income": "-", "Interest Expense": "33,600,000", "Net Interest Income": "-32,309,000", "EBIT": "101,280,000", "EBITDA": "-", "Reconciled Cost of Revenue": "470,427,000", "Reconciled Depreciation": "164,244,000", "Net Income from Continuing Operation Net Minority Interest": "46,853,000", "Total Unusual Items Excluding Goodwill": "-65,366,000", "Total Unusual Items": "-65,366,000", "Normalized EBITDA": "330,890,000", "Tax Rate for Calcs": "0", "Tax Effect of Unusual Items": "-15,806,441"}, "12/31/2019": {"Duration": "12/31/2019", "Total Revenue": "1,007,347,869", "Cost of Revenue": "471,736,157", "Gross Profit": "535,611,712", "Operating Expense": "380,771,177", "Operating Income": "154,840,535", "Net Non Operating Interest Income Expense": "-49,174,562", "Other Income Expense": "15,681,015", "Pretax Income": "121,346,988", "Tax Provision": "51,033,533", "Earnings from Equity Interest Net of Tax": "-18,000", "Net Income Common Stockholders": "67,730,891", "Diluted NI Available to Com Stockholders": "67,730,891", "Basic EPS": "20.52", "Diluted EPS": "20.52", "Basic Average Shares": "3,300,260", "Diluted Average Shares": "3,300,260", "Total Operating Income as Reported": "154,840,535", "Total Expenses": "852,507,334", "Net Income from Continuing & Discontinued Operation": "67,730,891", "Normalized Income": "56,741,854", "Interest Income": "6,284,672", "Interest Expense": "47,571,557", "Net Interest Income": "-49,174,562", "EBIT": "168,918,545", "EBITDA": "-", "Reconciled Cost of Revenue": "471,736,157", "Reconciled Depreciation": "158,915,210", "Net Income from Continuing Operation Net Minority Interest": "67,730,891", "Total Unusual Items Excluding Goodwill": "15,698,624", "Total Unusual Items": "15,698,624", "Normalized EBITDA": "312,135,131", "Tax Rate for Calcs": "0", "Tax Effect of Unusual Items": "4,709,587"}, "12/31/2018": {"Duration": "12/31/2018", "Total Revenue": "1,038,207,681", "Cost of Revenue": "508,822,430", "Gross Profit": "529,385,251", "Operating Expense": "389,828,080", "Operating Income": "139,557,171", "Net Non Operating Interest Income Expense": "-33,649,651", "Other Income Expense": "-4,913,618", "Pretax Income": "100,993,902", "Tax Provision": "46,477,079", "Earnings from Equity Interest Net of Tax": "0", "Net Income Common Stockholders": "52,566,197", "Diluted NI Available to Com Stockholders": "52,566,197", "Basic EPS": "13.83", "Diluted EPS": "13.83", "Basic Average Shares": "3,302,736", "Diluted Average Shares": "3,302,736", "Total Operating Income as Reported": "139,557,171", "Total Expenses": "898,650,510", "Net Income from Continuing & Discontinued Operation": "52,566,197", "Normalized Income": "56,005,917", "Interest Income": "10,646,169", "Interest Expense": "40,275,592", "Net Interest Income": "-33,649,651", "EBIT": "141,269,494", "EBITDA": "-", "Reconciled Cost of Revenue": "508,822,430", "Reconciled Depreciation": "155,712,580", "Net Income from Continuing Operation Net Minority Interest": "52,566,197", "Total Unusual Items Excluding Goodwill": "-4,913,885", "Total Unusual Items": "-4,913,885", "Normalized EBITDA": "301,895,959", "Tax Rate for Calcs": "0", "Tax Effect of Unusual Items": "-1,474,165"}}, "bs": {"12/31/2020": {"Duration": "12/31/2020", "Total Assets": "1,506,677,000", "Total Liabilities Net Minority Interest": "1,268,789,000", "Total Equity Gross Minority Interest": "237,888,000", "Total Capitalization": "718,188,000", "Common Stock Equity": "237,888,000", "Capital Lease Obligations": "109,327,000", "Net Tangible Assets": "-38,622,000", "Working Capital": "-147,087,000", "Invested Capital": "628,383,000", "Tangible Book Value": "-38,622,000", "Total Debt": "737,710,000", "Net Debt": "628,383,000", "Share Issued": "66,872,561", "Ordinary Shares Number": "66,872,561", "Treasury Shares Number": "-"}, "12/31/2019": {"Duration": "12/31/2019", "Total Assets": "1,531,933,657", "Total Liabilities Net Minority Interest": "1,305,026,792", "Total Equity Gross Minority Interest": "226,906,865", "Total Capitalization": "672,992,403", "Common Stock Equity": "177,909,959", "Capital Lease Obligations": "120,608,476", "Net Tangible Assets": "-100,159,231", "Working Capital": "-194,555,422", "Invested Capital": "802,152,693", "Tangible Book Value": "-100,159,231", "Total Debt": "744,851,210", "Net Debt": "604,497,078", "Share Issued": "66,005,197", "Ordinary Shares Number": "66,005,197", "Treasury Shares Number": "-"}, "12/31/2018": {"Duration": "12/31/2018", "Total Assets": "1,429,223,392", "Total Liabilities Net Minority Interest": "1,183,350,970", "Total Equity Gross Minority Interest": "245,872,422", "Total Capitalization": "738,687,464", "Common Stock Equity": "195,995,645", "Capital Lease Obligations": "12,460", "Net Tangible Assets": "-71,708,555", "Working Capital": "-118,035,365", "Invested Capital": "834,905,638", "Tangible Book Value": "-71,708,555", "Total Debt": "638,922,453", "Net Debt": "617,250,031", "Share Issued": "71,083,147", "Ordinary Shares Number": "66,054,727", "Treasury Shares Number": "5,028,420"}}, "cf": {"TTM": {"Duration": "TTM", "Operating Cash Flow": "-", "Investing Cash Flow": "-", "Financing Cash Flow": "-", "End Cash Position": "-", "Capital Expenditure": "-", "Issuance of Debt": "-", "Repayment of Debt": "-", "Repurchase of Capital Stock": "-", "Free Cash Flow": "-"}, "12/31/2019": {"Duration": "12/31/2019", "Operating Cash Flow": "234,278,468", "Investing Cash Flow": "-163,080,089", "Financing Cash Flow": "-71,305,243", "End Cash Position": "19,745,656", "Capital Expenditure": "-151,847,191", "Issuance of Debt": "118,082,256", "Repayment of Debt": "-136,573,891", "Repurchase of Capital Stock": "-435,713", "Free Cash Flow": "82,431,277"}, "12/31/2018": {"Duration": "12/31/2018", "Operating Cash Flow": "248,330,528", "Investing Cash Flow": "-148,783,031", "Financing Cash Flow": "-101,357,095", "End Cash Position": "21,659,962", "Capital Expenditure": "-151,821,680", "Issuance of Debt": "155,263,221", "Repayment of Debt": "-202,754,264", "Repurchase of Capital Stock": "-511,421", "Free Cash Flow": "96,508,848"}}}}, {"TKC": {"quote": {"05/11/2021": {"value": "4.6500", "Market Cap": "4.043B", "Beta (5Y Monthly)": "0.80", "PE Ratio (TTM)": "6.24", "EPS (TTM)": "0.7450", "Earnings Date": "N/A", "Forward Dividend & Yield": "0.23 (5.07%)", "Ex-Dividend Date": "Apr 30, 2021", "1y Target Est": "6.17"}}, "fin": {"TTM": {"Duration": "TTM", "Total Revenue": "27,915,350", "Cost of Revenue": "19,374,529", "Gross Profit": "8,540,821", "Operating Expense": "2,397,909", "Operating Income": "6,142,912", "Net Non Operating Interest Income Expense": "-399,835", "Other Income Expense": "-983,411", "Pretax Income": "4,759,666", "Tax Provision": "1,068,450", "Net Income Common Stockholders": "3,690,661", "Diluted NI Available to Com Stockholders": "3,690,661", "Basic EPS": "-", "Diluted EPS": "-", "Basic Average Shares": "-", "Diluted Average Shares": "-", "Total Operating Income as Reported": "5,751,505", "Rent Expense Supplemental": "-", "Total Expenses": "21,772,438", "Net Income from Continuing & Discontinued Operation": "3,690,661", "Normalized Income": "4,431,853", "Interest Income": "241,250", "Interest Expense": "623,197", "Net Interest Income": "-399,835", "EBIT": "5,382,863", "EBITDA": "11,127,916", "Reconciled Cost of Revenue": "19,374,529", "Reconciled Depreciation": "5,745,053", "Net Income from Continuing Operation Net Minority Interest": "3,690,661", "Total Unusual Items Excluding Goodwill": "-955,735", "Total Unusual Items": "-955,735", "Normalized EBITDA": "12,083,651", "Tax Rate for Calcs": "0", "Tax Effect of Unusual Items": "-214,543"}, "12/31/2020": {"Duration": "12/31/2020", "Total Revenue": "29,103,738", "Cost of Revenue": "20,336,059", "Gross Profit": "8,767,679", "Operating Expense": "2,645,815", "Operating Income": "6,121,864", "Net Non Operating Interest Income Expense": "-450,948", "Other Income Expense": "-1,044,103", "Pretax Income": "4,626,813", "Tax Provision": "387,193", "Net Income Common Stockholders": "4,237,086", "Diluted NI Available to Com Stockholders": "4,237,086", "Basic EPS": "4.85", "Diluted EPS": "4.85", "Basic Average Shares": "873,242", "Diluted Average Shares": "873,242", "Total Operating Income as Reported": "5,772,269", "Rent Expense Supplemental": "-", "Total Expenses": "22,981,874", "Net Income from Continuing & Discontinued Operation": "4,237,086", "Normalized Income": "5,181,191", "Interest Income": "366,695", "Interest Expense": "811,439", "Net Interest Income": "-450,948", "EBIT": "5,438,252", "EBITDA": "-", "Reconciled Cost of Revenue": "20,336,059", "Reconciled Depreciation": "5,974,779", "Net Income from Continuing Operation Net Minority Interest": "4,237,086", "Total Unusual Items Excluding Goodwill": "-1,030,328", "Total Unusual Items": "-1,030,328", "Normalized EBITDA": "12,443,359", "Tax Rate for Calcs": "0", "Tax Effect of Unusual Items": "-86,223"}, "12/31/2019": {"Duration": "12/31/2019", "Total Revenue": "25,137,135", "Cost of Revenue": "17,083,480", "Gross Profit": "8,053,655", "Operating Expense": "2,681,534", "Operating Income": "5,372,121", "Net Non Operating Interest Income Expense": "-598,745", "Other Income Expense": "-1,483,492", "Pretax Income": "3,289,884", "Tax Provision": "785,630", "Net Income Common Stockholders": "3,246,487", "Diluted NI Available to Com Stockholders": "3,246,487", "Basic EPS": "3.73", "Diluted EPS": "3.73", "Basic Average Shares": "873,569", "Diluted Average Shares": "873,569", "Total Operating Income as Reported": "5,033,264", "Rent Expense Supplemental": "0", "Total Expenses": "19,765,014", "Net Income from Continuing & Discontinued Operation": "3,246,487", "Normalized Income": "3,658,549", "Interest Income": "288,010", "Interest Expense": "864,492", "Net Interest Income": "-598,745", "EBIT": "4,154,376", "EBITDA": "-", "Reconciled Cost of Revenue": "17,083,480", "Reconciled Depreciation": "5,046,565", "Net Income from Continuing Operation Net Minority Interest": "2,474,051", "Total Unusual Items Excluding Goodwill": "-1,467,780", "Total Unusual Items": "-1,467,780", "Normalized EBITDA": "10,668,721", "Tax Rate for Calcs": "0", "Tax Effect of Unusual Items": "-283,282"}, "12/31/2018": {"Duration": "12/31/2018", "Total Revenue": "21,292,475", "Cost of Revenue": "14,145,993", "Gross Profit": "7,146,482", "Operating Expense": "2,440,231", "Operating Income": "4,706,251", "Net Non Operating Interest Income Expense": "-215,216", "Other Income Expense": "-1,818,219", "Pretax Income": "2,672,816", "Tax Provision": "495,481", "Net Income Common Stockholders": "2,021,065", "Diluted NI Available to Com Stockholders": "2,021,065", "Basic EPS": "2.33", "Diluted EPS": "2.33", "Basic Average Shares": "873,900", "Diluted Average Shares": "873,900", "Total Operating Income as Reported": "4,359,861", "Rent Expense Supplemental": "0", "Total Expenses": "16,586,224", "Net Income from Continuing & Discontinued Operation": "2,021,065", "Normalized Income": "3,502,843", "Interest Income": "658,002", "Interest Expense": "807,120", "Net Interest Income": "-215,216", "EBIT": "3,479,936", "EBITDA": "-", "Reconciled Cost of Revenue": "14,145,993", "Reconciled Depreciation": "4,287,974", "Net Income from Continuing Operation Net Minority Interest": "2,021,065", "Total Unusual Items Excluding Goodwill": "-1,818,132", "Total Unusual Items": "-1,818,132", "Normalized EBITDA": "9,586,042", "Tax Rate for Calcs": "0", "Tax Effect of Unusual Items": "-336,354"}}, "bs": {"12/31/2020": {"Duration": "12/31/2020", "Total Assets": "51,498,393", "Total Liabilities Net Minority Interest": "30,713,455", "Total Equity Gross Minority Interest": "20,784,938", "Total Capitalization": "35,616,739", "Common Stock Equity": "20,784,767", "Capital Lease Obligations": "2,098,886", "Net Tangible Assets": "8,015,334", "Working Capital": "9,018,110", "Invested Capital": "40,272,303", "Tangible Book Value": "8,015,334", "Total Debt": "21,586,422", "Net Debt": "7,626,981", "Share Issued": "2,200,000", "Ordinary Shares Number": "2,183,106", "Treasury Shares Number": "16,894"}, "12/31/2019": {"Duration": "12/31/2019", "Total Assets": "45,714,975", "Total Liabilities Net Minority Interest": "27,632,031", "Total Equity Gross Minority Interest": "18,082,944", "Total Capitalization": "29,622,580", "Common Stock Equity": "18,046,489", "Capital Lease Obligations": "1,533,055", "Net Tangible Assets": "6,334,997", "Working Capital": "6,676,619", "Invested Capital": "36,819,161", "Tangible Book Value": "6,334,997", "Total Debt": "20,305,727", "Net Debt": "8,533,957", "Share Issued": "2,200,000", "Ordinary Shares Number": "2,183,922", "Treasury Shares Number": "16,078"}, "12/31/2018": {"Duration": "12/31/2018", "Total Assets": "42,765,275", "Total Liabilities Net Minority Interest": "26,711,721", "Total Equity Gross Minority Interest": "16,053,554", "Total Capitalization": "28,014,425", "Common Stock Equity": "15,921,744", "Capital Lease Obligations": "1,413,956", "Net Tangible Assets": "5,539,187", "Working Capital": "6,597,061", "Invested Capital": "34,663,333", "Tangible Book Value": "5,539,187", "Total Debt": "20,155,545", "Net Debt": "11,322,350", "Share Issued": "2,200,000", "Ordinary Shares Number": "2,191,566", "Treasury Shares Number": "8,434"}}, "cf": {"TTM": {"Duration": "TTM", "Operating Cash Flow": "12,983,873", "Investing Cash Flow": "-6,060,688", "Financing Cash Flow": "-4,861,715", "End Cash Position": "13,036,852", "Capital Expenditure": "-6,586,558", "Issuance of Debt": "30,048,949", "Repayment of Debt": "-35,259,905", "Repurchase of Capital Stock": "-9,994", "Free Cash Flow": "6,397,315"}, "12/31/2020": {"Duration": "12/31/2020", "Operating Cash Flow": "13,092,795", "Investing Cash Flow": "-6,780,636", "Financing Cash Flow": "-4,267,813", "End Cash Position": "11,860,555", "Capital Expenditure": "-7,781,697", "Issuance of Debt": "23,478,188", "Repayment of Debt": "-28,112,745", "Repurchase of Capital Stock": "-9,994", "Free Cash Flow": "5,311,098"}, "12/31/2019": {"Duration": "12/31/2019", "Operating Cash Flow": "9,026,555", "Investing Cash Flow": "-3,027,326", "Financing Cash Flow": "-3,477,957", "End Cash Position": "10,238,715", "Capital Expenditure": "-5,859,244", "Issuance of Debt": "29,576,216", "Repayment of Debt": "-32,739,015", "Repurchase of Capital Stock": "-9,998", "Free Cash Flow": "3,167,311"}, "12/31/2018": {"Duration": "12/31/2018", "Operating Cash Flow": "5,829,854", "Investing Cash Flow": "-4,535,569", "Financing Cash Flow": "-534,383", "End Cash Position": "7,419,239", "Capital Expenditure": "-5,430,377", "Issuance of Debt": "46,529,383", "Repayment of Debt": "-45,363,590", "Repurchase of Capital Stock": "-94,620", "Free Cash Flow": "399,477"}}}}, {"VIV": {"quote": {"05/11/2021": {"value": "8.43", "Market Cap": "14.102B", "Beta (5Y Monthly)": "0.12", "PE Ratio (TTM)": "15.64", "EPS (TTM)": "0.54", "Earnings Date": "N/A", "Forward Dividend & Yield": "0.79 (9.33%)", "Ex-Dividend Date": "May 03, 2021", "1y Target Est": "11.13"}}, "fin": {"TTM": {"Duration": "TTM", "Total Revenue": "43,126,472", "Cost of Revenue": "22,693,083", "Gross Profit": "20,433,389", "Operating Expense": "13,852,460", "Operating Income": "6,580,929", "Net Non Operating Interest Income Expense": "-573,429", "Other Income Expense": "734", "Pretax Income": "6,008,234", "Tax Provision": "1,237,707", "Net Income Common Stockholders": "4,770,527", "Diluted NI Available to Com Stockholders": "4,770,527", "Basic EPS": "-", "Diluted EPS": "-", "Basic Average Shares": "-", "Diluted Average Shares": "-", "Total Operating Income as Reported": "6,580,929", "Rent Expense Supplemental": "-", "Total Expenses": "36,545,543", "Net Income from Continuing & Discontinued Operation": "4,770,527", "Normalized Income": "4,770,527", "Interest Income": "1,351,530", "Interest Expense": "1,924,959", "Net Interest Income": "-573,429", "EBIT": "7,933,193", "EBITDA": "19,160,691", "Reconciled Cost of Revenue": "22,693,083", "Reconciled Depreciation": "11,227,498", "Net Income from Continuing Operation Net Minority Interest": "4,770,527", "Total Unusual Items Excluding Goodwill": "1,000", "Total Unusual Items": "1,000", "Normalized EBITDA": "19,160,691", "Tax Rate for Calcs": "0", "Tax Effect of Unusual Items": "0"}, "12/31/2020": {"Duration": "12/31/2020", "Total Revenue": "43,126,472", "Cost of Revenue": "22,693,083", "Gross Profit": "20,433,389", "Operating Expense": "13,852,460", "Operating Income": "6,580,929", "Net Non Operating Interest Income Expense": "-573,429", "Other Income Expense": "734", "Pretax Income": "6,008,234", "Tax Provision": "1,237,707", "Net Income Common Stockholders": "4,770,527", "Diluted NI Available to Com Stockholders": "4,770,527", "Basic EPS": "-", "Diluted EPS": "-", "Basic Average Shares": "-", "Diluted Average Shares": "-", "Total Operating Income as Reported": "6,580,929", "Rent Expense Supplemental": "-", "Total Expenses": "36,545,543", "Net Income from Continuing & Discontinued Operation": "4,770,527", "Normalized Income": "4,770,527", "Interest Income": "1,351,530", "Interest Expense": "1,924,959", "Net Interest Income": "-573,429", "EBIT": "7,933,193", "EBITDA": "-", "Reconciled Cost of Revenue": "22,693,083", "Reconciled Depreciation": "11,227,498", "Net Income from Continuing Operation Net Minority Interest": "4,770,527", "Total Unusual Items Excluding Goodwill": "1,000", "Total Unusual Items": "1,000", "Normalized EBITDA": "19,160,691", "Tax Rate for Calcs": "0", "Tax Effect of Unusual Items": "0"}, "12/31/2019": {"Duration": "12/31/2019", "Total Revenue": "44,268,171", "Cost of Revenue": "22,158,947", "Gross Profit": "22,109,224", "Operating Expense": "15,303,460", "Operating Income": "6,805,764", "Net Non Operating Interest Income Expense": "-467,364", "Other Income Expense": "56,135", "Pretax Income": "6,394,535", "Tax Provision": "1,393,521", "Net Income Common Stockholders": "5,001,014", "Diluted NI Available to Com Stockholders": "5,001,014", "Basic EPS": "2.96", "Diluted EPS": "2.96", "Basic Average Shares": "1,688,694", "Diluted Average Shares": "1,688,694", "Total Operating Income as Reported": "7,213,924", "Rent Expense Supplemental": "1,445,576", "Total Expenses": "37,462,407", "Net Income from Continuing & Discontinued Operation": "5,001,014", "Normalized Income": "4,957,704", "Interest Income": "449,794", "Interest Expense": "975,465", "Net Interest Income": "-467,364", "EBIT": "7,370,000", "EBITDA": "-", "Reconciled Cost of Revenue": "12,033,623", "Reconciled Depreciation": "10,919,792", "Net Income from Continuing Operation Net Minority Interest": "5,001,014", "Total Unusual Items Excluding Goodwill": "55,383", "Total Unusual Items": "55,383", "Normalized EBITDA": "18,234,409", "Tax Rate for Calcs": "0", "Tax Effect of Unusual Items": "12,073"}, "12/31/2018": {"Duration": "12/31/2018", "Total Revenue": "43,462,740", "Cost of Revenue": "21,025,767", "Gross Profit": "22,436,973", "Operating Expense": "11,561,982", "Operating Income": "10,874,991", "Net Non Operating Interest Income Expense": "-532,535", "Other Income Expense": "935,034", "Pretax Income": "11,277,490", "Tax Provision": "2,349,232", "Net Income Common Stockholders": "8,928,258", "Diluted NI Available to Com Stockholders": "8,928,258", "Basic EPS": "5.29", "Diluted EPS": "5.29", "Basic Average Shares": "1,688,694", "Diluted Average Shares": "1,688,694", "Total Operating Income as Reported": "9,456,184", "Rent Expense Supplemental": "3,307,983", "Total Expenses": "32,587,749", "Net Income from Continuing & Discontinued Operation": "8,928,258", "Normalized Income": "8,183,080", "Interest Income": "364,559", "Interest Expense": "696,636", "Net Interest Income": "-532,535", "EBIT": "11,974,126", "EBITDA": "-", "Reconciled Cost of Revenue": "14,537,858", "Reconciled Depreciation": "8,368,623", "Net Income from Continuing Operation Net Minority Interest": "8,928,258", "Total Unusual Items Excluding Goodwill": "940,881", "Total Unusual Items": "940,881", "Normalized EBITDA": "19,401,868", "Tax Rate for Calcs": "0", "Tax Effect of Unusual Items": "195,703"}}, "bs": {"12/31/2020": {"Duration": "12/31/2020", "Total Assets": "108,738,378", "Total Liabilities Net Minority Interest": "39,181,614", "Total Equity Gross Minority Interest": "69,556,764", "Total Capitalization": "70,556,723", "Common Stock Equity": "69,556,764", "Capital Lease Obligations": "10,818,778", "Net Tangible Assets": "28,974,647", "Working Capital": "1,185,784", "Invested Capital": "71,977,152", "Tangible Book Value": "28,974,647", "Total Debt": "13,239,166", "Net Debt": "7,478,000", "Share Issued": "1,690,985", "Ordinary Shares Number": "1,688,174", "Treasury Shares Number": "2,811"}, "12/31/2019": {"Duration": "12/31/2019", "Total Assets": "108,289,722", "Total Liabilities Net Minority Interest": "37,834,144", "Total Equity Gross Minority Interest": "70,455,578", "Total Capitalization": "72,991,875", "Common Stock Equity": "70,455,578", "Capital Lease Obligations": "9,191,151", "Net Tangible Assets": "29,180,626", "Working Capital": "912,590", "Invested Capital": "75,089,100", "Tangible Book Value": "29,180,626", "Total Debt": "13,824,673", "Net Debt": "1,240,145", "Share Issued": "1,690,985", "Ordinary Shares Number": "1,688,694", "Treasury Shares Number": "2,291"}, "12/31/2018": {"Duration": "12/31/2018", "Total Assets": "102,561,318", "Total Liabilities Net Minority Interest": "30,954,291", "Total Equity Gross Minority Interest": "71,607,027", "Total Capitalization": "75,942,404", "Common Stock Equity": "71,607,027", "Capital Lease Obligations": "393,027", "Net Tangible Assets": "29,386,042", "Working Capital": "1,202,172", "Invested Capital": "77,353,437", "Tangible Book Value": "29,386,042", "Total Debt": "6,139,437", "Net Debt": "2,365,082", "Share Issued": "1,690,985", "Ordinary Shares Number": "1,688,694", "Treasury Shares Number": "2,291"}}, "cf": {"TTM": {"Duration": "TTM", "Operating Cash Flow": "19,341,750", "Investing Cash Flow": "-6,408,456", "Financing Cash Flow": "-10,564,590", "End Cash Position": "5,762,081", "Capital Expenditure": "-8,289,264", "Issuance of Capital Stock": "-", "Issuance of Debt": "-", "Repayment of Debt": "-5,297,688", "Repurchase of Capital Stock": "-22,721", "Free Cash Flow": "11,052,486"}, "12/31/2020": {"Duration": "12/31/2020", "Operating Cash Flow": "19,341,750", "Investing Cash Flow": "-6,408,456", "Financing Cash Flow": "-10,564,590", "End Cash Position": "5,762,081", "Capital Expenditure": "-8,289,264", "Issuance of Capital Stock": "-", "Issuance of Debt": "-", "Repayment of Debt": "-5,297,688", "Repurchase of Capital Stock": "-22,721", "Free Cash Flow": "11,052,486"}, "12/31/2019": {"Duration": "12/31/2019", "Operating Cash Flow": "17,721,196", "Investing Cash Flow": "-7,927,188", "Financing Cash Flow": "-9,781,959", "End Cash Position": "3,393,377", "Capital Expenditure": "-8,838,641", "Issuance of Capital Stock": "-", "Issuance of Debt": "0", "Repayment of Debt": "-3,696,660", "Repurchase of Capital Stock": "0", "Free Cash Flow": "8,882,555"}, "12/31/2018": {"Duration": "12/31/2018", "Operating Cash Flow": "11,941,427", "Investing Cash Flow": "-5,676,333", "Financing Cash Flow": "-6,934,104", "End Cash Position": "3,381,328", "Capital Expenditure": "-8,517,458", "Issuance of Capital Stock": "-", "Issuance of Debt": "0", "Repayment of Debt": "-2,893,219", "Repurchase of Capital Stock": "0", "Free Cash Flow": "3,423,969"}}}}, {"CHU": {"quote": {"03/20/2021": {"value": "6.03", "Market Cap": "17.403B", "Beta (5Y Monthly)": "N/A", "PE Ratio (TTM)": "18.84", "EPS (TTM)": "N/A", "Earnings Date": "N/A", "Forward Dividend & Yield": "N/A (N/A)", "Ex-Dividend Date": "N/A", "1y Target Est": "7.53"}}, "fin": {"TTM": {"Duration": "TTM", "Total Revenue": "290,515,000", "Cost of Revenue": "107,108,000", "Gross Profit": "183,407,000", "Operating Expense": "169,565,000", "Operating Income": "13,842,000", "Net Non Operating Interest Income Expense": "-812,000", "Other Income Expense": "1,137,000", "Pretax Income": "14,167,000", "Tax Provision": "2,795,000", "Net Income Common Stockholders": "11,330,000", "Diluted NI Available to Com Stockholders": "11,330,000", "Basic EPS": "-", "Diluted EPS": "-", "Basic Average Shares": "-", "Diluted Average Shares": "-", "Total Expenses": "276,673,000", "Net Income from Continuing & Discontinued Operation": "11,330,000", "Normalized Income": "12,946,439", "Interest Income": "1,272,000", "Interest Expense": "2,016,000", "Net Interest Income": "-812,000", "EBIT": "16,183,000", "EBITDA": "99,263,000", "Reconciled Cost of Revenue": "107,108,000", "Reconciled Depreciation": "83,080,000", "Net Income from Continuing Operation Net Minority Interest": "11,330,000", "Total Unusual Items Excluding Goodwill": "-2,013,000", "Total Unusual Items": "-2,013,000", "Normalized EBITDA": "101,276,000", "Tax Rate for Calcs": "0", "Tax Effect of Unusual Items": "-396,561"}, "12/31/2020": {"Duration": "12/31/2020", "Total Revenue": "303,838,000", "Cost of Revenue": "83,722,000", "Gross Profit": "220,116,000", "Operating Expense": "208,994,000", "Operating Income": "11,122,000", "Net Non Operating Interest Income Expense": "-381,000", "Other Income Expense": "5,286,000", "Pretax Income": "16,027,000", "Tax Provision": "3,450,000", "Net Income Common Stockholders": "12,493,000", "Diluted NI Available to Com Stockholders": "12,493,000", "Basic EPS": "-", "Diluted EPS": "-", "Basic Average Shares": "-", "Diluted Average Shares": "-", "Total Expenses": "292,716,000", "Net Income from Continuing & Discontinued Operation": "12,493,000", "Normalized Income": "12,493,000", "Interest Income": "1,366,000", "Interest Expense": "1,747,000", "Net Interest Income": "-381,000", "EBIT": "17,774,000", "EBITDA": "-", "Reconciled Cost of Revenue": "83,722,000", "Reconciled Depreciation": "83,017,000", "Net Income from Continuing Operation Net Minority Interest": "12,493,000", "Total Unusual Items Excluding Goodwill": "-", "Total Unusual Items": "-", "Normalized EBITDA": "100,791,000", "Tax Rate for Calcs": "0", "Tax Effect of Unusual Items": "0"}, "12/31/2019": {"Duration": "12/31/2019", "Total Revenue": "290,515,000", "Cost of Revenue": "107,108,000", "Gross Profit": "183,407,000", "Operating Expense": "169,565,000", "Operating Income": "13,842,000", "Net Non Operating Interest Income Expense": "-812,000", "Other Income Expense": "1,137,000", "Pretax Income": "14,167,000", "Tax Provision": "2,795,000", "Net Income Common Stockholders": "11,330,000", "Diluted NI Available to Com Stockholders": "11,330,000", "Basic EPS": "3.70", "Diluted EPS": "3.70", "Basic Average Shares": "3,059,800", "Diluted Average Shares": "3,059,800", "Total Expenses": "276,673,000", "Net Income from Continuing & Discontinued Operation": "11,330,000", "Normalized Income": "12,946,439", "Interest Income": "1,272,000", "Interest Expense": "2,016,000", "Net Interest Income": "-812,000", "EBIT": "16,183,000", "EBITDA": "-", "Reconciled Cost of Revenue": "107,108,000", "Reconciled Depreciation": "83,080,000", "Net Income from Continuing Operation Net Minority Interest": "11,330,000", "Total Unusual Items Excluding Goodwill": "-2,013,000", "Total Unusual Items": "-2,013,000", "Normalized EBITDA": "101,276,000", "Tax Rate for Calcs": "0", "Tax Effect of Unusual Items": "-396,561"}, "12/31/2018": {"Duration": "12/31/2018", "Total Revenue": "290,877,000", "Cost of Revenue": "121,769,000", "Gross Profit": "169,108,000", "Operating Expense": "155,824,000", "Operating Income": "13,284,000", "Net Non Operating Interest Income Expense": "7,000", "Other Income Expense": "-210,000", "Pretax Income": "13,081,000", "Tax Provision": "2,824,000", "Net Income Common Stockholders": "10,197,000", "Diluted NI Available to Com Stockholders": "10,197,000", "Basic EPS": "3.30", "Diluted EPS": "3.30", "Basic Average Shares": "3,059,800", "Diluted Average Shares": "3,059,800", "Total Expenses": "277,593,000", "Net Income from Continuing & Discontinued Operation": "10,197,000", "Normalized Income": "13,227,160", "Interest Income": "1,712,000", "Interest Expense": "1,567,000", "Net Interest Income": "7,000", "EBIT": "14,648,000", "EBITDA": "-", "Reconciled Cost of Revenue": "121,769,000", "Reconciled Depreciation": "75,777,000", "Net Income from Continuing Operation Net Minority Interest": "10,197,000", "Total Unusual Items Excluding Goodwill": "-3,865,000", "Total Unusual Items": "-3,865,000", "Normalized EBITDA": "94,290,000", "Tax Rate for Calcs": "0", "Tax Effect of Unusual Items": "-834,840"}}, "bs": {"12/31/2020": {"Duration": "12/31/2020", "Total Assets": "580,616,000", "Total Liabilities Net Minority Interest": "253,096,000", "Total Equity Gross Minority Interest": "327,520,000", "Total Capitalization": "332,066,000", "Common Stock Equity": "326,587,000", "Capital Lease Obligations": "27,961,000", "Net Tangible Assets": "323,816,000", "Working Capital": "-113,392,000", "Invested Capital": "341,224,000", "Tangible Book Value": "323,816,000", "Total Debt": "42,598,000", "Net Debt": "-", "Share Issued": "30,598,000", "Ordinary Shares Number": "30,598,000"}, "12/31/2019": {"Duration": "12/31/2019", "Total Assets": "562,499,000", "Total Liabilities Net Minority Interest": "241,744,000", "Total Equity Gross Minority Interest": "320,755,000", "Total Capitalization": "326,912,000", "Common Stock Equity": "320,047,000", "Capital Lease Obligations": "32,325,000", "Net Tangible Assets": "305,952,000", "Working Capital": "-121,595,000", "Invested Capital": "341,908,000", "Tangible Book Value": "305,952,000", "Total Debt": "54,186,000", "Net Debt": "-", "Share Issued": "30,598,124", "Ordinary Shares Number": "30,598,124"}, "12/31/2018": {"Duration": "12/31/2018", "Total Assets": "540,320,000", "Total Liabilities Net Minority Interest": "226,034,000", "Total Equity Gross Minority Interest": "314,286,000", "Total Capitalization": "318,094,000", "Common Stock Equity": "313,922,000", "Capital Lease Obligations": "-", "Net Tangible Assets": "299,995,000", "Working Capital": "-139,001,000", "Invested Capital": "350,614,000", "Tangible Book Value": "299,995,000", "Total Debt": "36,692,000", "Net Debt": "6,632,000", "Share Issued": "30,598,124", "Ordinary Shares Number": "30,598,124"}}, "cf": {"TTM": {"Duration": "TTM", "Operating Cash Flow": "93,678,000", "Investing Cash Flow": "-59,053,000", "Financing Cash Flow": "-29,765,000", "End Cash Position": "34,945,000", "Capital Expenditure": "-56,187,000", "Issuance of Capital Stock": "0", "Issuance of Debt": "40,821,000", "Repayment of Debt": "-66,879,000", "Free Cash Flow": "37,491,000"}, "12/31/2020": {"Duration": "12/31/2020", "Operating Cash Flow": "105,551,000", "Investing Cash Flow": "-92,018,000", "Financing Cash Flow": "-25,210,000", "End Cash Position": "23,085,000", "Capital Expenditure": "-53,981,000", "Issuance of Capital Stock": "-", "Issuance of Debt": "10,740,000", "Repayment of Debt": "-29,705,000", "Free Cash Flow": "51,570,000"}, "12/31/2019": {"Duration": "12/31/2019", "Operating Cash Flow": "93,678,000", "Investing Cash Flow": "-59,053,000", "Financing Cash Flow": "-29,765,000", "End Cash Position": "34,945,000", "Capital Expenditure": "-56,187,000", "Issuance of Capital Stock": "0", "Issuance of Debt": "40,821,000", "Repayment of Debt": "-66,879,000", "Free Cash Flow": "37,491,000"}, "12/31/2018": {"Duration": "12/31/2018", "Operating Cash Flow": "92,387,000", "Investing Cash Flow": "-61,179,000", "Financing Cash Flow": "-34,058,000", "End Cash Position": "30,060,000", "Capital Expenditure": "-52,176,000", "Issuance of Capital Stock": "0", "Issuance of Debt": "56,396,000", "Repayment of Debt": "-90,477,000", "Free Cash Flow": "40,211,000"}}}}, {"TU": {"quote": {"03/20/2021": {"value": "20.86", "Market Cap": "27.055B", "Beta (5Y Monthly)": "0.54", "PE Ratio (TTM)": "11.11", "EPS (TTM)": "1.88", "Earnings Date": "N/A", "Forward Dividend & Yield": "0.99 (4.75%)", "Ex-Dividend Date": "Mar 10, 2021", "1y Target Est": "38.95"}}, "fin": {"TTM": {"Duration": "TTM", "Total Revenue": "15,341,000", "Cost of Revenue": "6,268,000", "Gross Profit": "9,073,000", "Operating Expense": "6,697,000", "Operating Income": "2,376,000", "Net Non Operating Interest Income Expense": "-719,000", "Other Income Expense": "53,000", "Pretax Income": "1,711,000", "Tax Provision": "451,000", "Net Income Common Stockholders": "1,207,000", "Diluted NI Available to Com Stockholders": "1,207,000", "Basic EPS": "-", "Diluted EPS": "-", "Basic Average Shares": "-", "Diluted Average Shares": "-", "Total Operating Income as Reported": "2,482,000", "Total Expenses": "12,965,000", "Net Income from Continuing & Discontinued Operation": "1,207,000", "Normalized Income": "1,156,147", "Interest Income": "11,000", "Interest Expense": "730,000", "Net Interest Income": "-719,000", "EBIT": "2,441,000", "EBITDA": "5,453,000", "Reconciled Cost of Revenue": "6,268,000", "Reconciled Depreciation": "3,012,000", "Net Income from Continuing Operation Net Minority Interest": "1,207,000", "Total Unusual Items Excluding Goodwill": "69,000", "Total Unusual Items": "69,000", "Normalized EBITDA": "5,384,000", "Tax Rate for Calcs": "0", "Tax Effect of Unusual Items": "18,147"}, "12/31/2020": {"Duration": "12/31/2020", "Total Revenue": "15,341,000", "Cost of Revenue": "6,268,000", "Gross Profit": "9,073,000", "Operating Expense": "6,697,000", "Operating Income": "2,376,000", "Net Non Operating Interest Income Expense": "-719,000", "Other Income Expense": "53,000", "Pretax Income": "1,711,000", "Tax Provision": "451,000", "Net Income Common Stockholders": "1,207,000", "Diluted NI Available to Com Stockholders": "1,207,000", "Basic EPS": "-", "Diluted EPS": "-", "Basic Average Shares": "-", "Diluted Average Shares": "-", "Total Operating Income as Reported": "2,482,000", "Total Expenses": "12,965,000", "Net Income from Continuing & Discontinued Operation": "1,207,000", "Normalized Income": "1,156,147", "Interest Income": "11,000", "Interest Expense": "730,000", "Net Interest Income": "-719,000", "EBIT": "2,441,000", "EBITDA": "-", "Reconciled Cost of Revenue": "6,268,000", "Reconciled Depreciation": "3,012,000", "Net Income from Continuing Operation Net Minority Interest": "1,207,000", "Total Unusual Items Excluding Goodwill": "69,000", "Total Unusual Items": "69,000", "Normalized EBITDA": "5,384,000", "Tax Rate for Calcs": "0", "Tax Effect of Unusual Items": "18,147"}, "12/31/2019": {"Duration": "12/31/2019", "Total Revenue": "14,589,000", "Cost of Revenue": "6,070,000", "Gross Profit": "8,519,000", "Operating Expense": "5,587,000", "Operating Income": "2,932,000", "Net Non Operating Interest Income Expense": "-676,000", "Other Income Expense": "-12,000", "Pretax Income": "2,244,000", "Tax Provision": "468,000", "Net Income Common Stockholders": "1,746,000", "Diluted NI Available to Com Stockholders": "1,746,000", "Basic EPS": "1.45", "Diluted EPS": "1.45", "Basic Average Shares": "1,204,000", "Diluted Average Shares": "1,204,000", "Total Operating Income as Reported": "2,977,000", "Total Expenses": "11,657,000", "Net Income from Continuing & Discontinued Operation": "1,746,000", "Normalized Income": "1,738,080", "Interest Income": "11,000", "Interest Expense": "687,000", "Net Interest Income": "-676,000", "EBIT": "2,931,000", "EBITDA": "-", "Reconciled Cost of Revenue": "6,070,000", "Reconciled Depreciation": "2,577,000", "Net Income from Continuing Operation Net Minority Interest": "1,746,000", "Total Unusual Items Excluding Goodwill": "10,000", "Total Unusual Items": "10,000", "Normalized EBITDA": "5,498,000", "Tax Rate for Calcs": "0", "Tax Effect of Unusual Items": "2,080"}, "12/31/2018": {"Duration": "12/31/2018", "Total Revenue": "14,095,000", "Cost of Revenue": "6,368,000", "Gross Profit": "7,727,000", "Operating Expense": "5,140,000", "Operating Income": "2,587,000", "Net Non Operating Interest Income Expense": "-609,000", "Other Income Expense": "198,000", "Pretax Income": "2,176,000", "Tax Provision": "552,000", "Net Income Common Stockholders": "1,600,000", "Diluted NI Available to Com Stockholders": "1,600,000", "Basic EPS": "1.34", "Diluted EPS": "1.34", "Basic Average Shares": "1,194,000", "Diluted Average Shares": "1,194,000", "Total Operating Income as Reported": "2,837,000", "Total Expenses": "11,508,000", "Net Income from Continuing & Discontinued Operation": "1,600,000", "Normalized Income": "1,436,626", "Interest Income": "12,000", "Interest Expense": "621,000", "Net Interest Income": "-609,000", "EBIT": "2,797,000", "EBITDA": "-", "Reconciled Cost of Revenue": "6,368,000", "Reconciled Depreciation": "2,267,000", "Net Income from Continuing Operation Net Minority Interest": "1,600,000", "Total Unusual Items Excluding Goodwill": "219,000", "Total Unusual Items": "219,000", "Normalized EBITDA": "4,845,000", "Tax Rate for Calcs": "0", "Tax Effect of Unusual Items": "55,626"}}, "bs": {"12/31/2020": {"Duration": "12/31/2020", "Total Assets": "43,332,000", "Total Liabilities Net Minority Interest": "30,730,000", "Total Equity Gross Minority Interest": "12,602,000", "Total Capitalization": "30,930,000", "Common Stock Equity": "12,074,000", "Net Tangible Assets": "-10,187,000", "Working Capital": "-1,226,000", "Invested Capital": "32,462,000", "Tangible Book Value": "-10,187,000", "Total Debt": "20,388,000", "Net Debt": "20,388,000", "Share Issued": "1,291,393", "Ordinary Shares Number": "1,291,393"}, "12/31/2019": {"Duration": "12/31/2019", "Total Assets": "37,975,000", "Total Liabilities Net Minority Interest": "27,316,000", "Total Equity Gross Minority Interest": "10,659,000", "Total Capitalization": "27,690,000", "Common Stock Equity": "10,548,000", "Net Tangible Assets": "-7,595,000", "Working Capital": "-1,221,000", "Invested Capital": "29,122,000", "Tangible Book Value": "-7,595,000", "Total Debt": "18,574,000", "Net Debt": "18,574,000", "Share Issued": "1,209,173", "Ordinary Shares Number": "1,209,173"}, "12/31/2018": {"Duration": "12/31/2018", "Total Assets": "33,065,000", "Total Liabilities Net Minority Interest": "22,724,000", "Total Equity Gross Minority Interest": "10,341,000", "Total Capitalization": "23,524,000", "Common Stock Equity": "10,259,000", "Net Tangible Assets": "-5,430,000", "Working Capital": "-1,000,000", "Invested Capital": "24,460,000", "Tangible Book Value": "-5,430,000", "Total Debt": "14,201,000", "Net Debt": "14,201,000", "Share Issued": "1,197,348", "Ordinary Shares Number": "1,197,348"}}, "cf": {"TTM": {"Duration": "TTM", "Operating Cash Flow": "4,574,000", "Investing Cash Flow": "-6,165,000", "Financing Cash Flow": "1,904,000", "End Cash Position": "848,000", "Income Tax Paid Supplemental Data": "-", "Interest Paid Supplemental Data": "740,000", "Capital Expenditure": "-2,822,000", "Issuance of Capital Stock": "1,495,000", "Issuance of Debt": "4,882,000", "Repayment of Debt": "-3,863,000", "Repurchase of Capital Stock": "-", "Free Cash Flow": "1,752,000"}, "12/31/2020": {"Duration": "12/31/2020", "Operating Cash Flow": "4,574,000", "Investing Cash Flow": "-6,165,000", "Financing Cash Flow": "1,904,000", "End Cash Position": "848,000", "Income Tax Paid Supplemental Data": "-", "Interest Paid Supplemental Data": "740,000", "Capital Expenditure": "-2,822,000", "Issuance of Capital Stock": "1,495,000", "Issuance of Debt": "4,882,000", "Repayment of Debt": "-3,863,000", "Repurchase of Capital Stock": "-", "Free Cash Flow": "1,752,000"}, "12/31/2019": {"Duration": "12/31/2019", "Operating Cash Flow": "3,927,000", "Investing Cash Flow": "-5,044,000", "Financing Cash Flow": "1,238,000", "End Cash Position": "535,000", "Income Tax Paid Supplemental Data": "644,000", "Interest Paid Supplemental Data": "714,000", "Capital Expenditure": "-3,894,000", "Issuance of Capital Stock": "-", "Issuance of Debt": "7,705,000", "Repayment of Debt": "-5,261,000", "Repurchase of Capital Stock": "0", "Free Cash Flow": "33,000"}, "12/31/2018": {"Duration": "12/31/2018", "Operating Cash Flow": "4,058,000", "Investing Cash Flow": "-2,977,000", "Financing Cash Flow": "-1,176,000", "End Cash Position": "414,000", "Income Tax Paid Supplemental Data": "197,000", "Interest Paid Supplemental Data": "608,000", "Capital Expenditure": "-2,875,000", "Issuance of Capital Stock": "-", "Issuance of Debt": "5,500,000", "Repayment of Debt": "-5,377,000", "Repurchase of Capital Stock": "-100,000", "Free Cash Flow": "1,183,000"}}}}, {"UTSI": {"quote": {"03/20/2021": {"value": "1.6600", "Market Cap": "59.637M", "Beta (5Y Monthly)": "1.36", "PE Ratio (TTM)": "N/A", "EPS (TTM)": "-0.5060", "Earnings Date": "Oct 30, 2020", "Forward Dividend & Yield": "N/A (N/A)", "Ex-Dividend Date": "N/A", "1y Target Est": "N/A"}}, "fin": {"TTM": {"Duration": "TTM", "Total Revenue": "65,623", "Cost of Revenue": "41,466", "Gross Profit": "24,157", "Operating Expense": "30,294", "Operating Income": "-6,137", "Net Non Operating Interest Income Expense": "1,321", "Other Income Expense": "872", "Pretax Income": "-3,944", "Tax Provision": "-31", "Net Income Common Stockholders": "-3,913", "Diluted NI Available to Com Stockholders": "-3,913", "Basic EPS": "-", "Diluted EPS": "-", "Basic Average Shares": "-", "Diluted Average Shares": "-", "Total Operating Income as Reported": "-6,137", "Total Expenses": "71,760", "Net Income from Continuing & Discontinued Operation": "-3,913", "Normalized Income": "-4,372", "Interest Income": "1,337", "Interest Expense": "16", "Net Interest Income": "1,321", "EBIT": "-3,928", "EBITDA": "-3,284", "Reconciled Cost of Revenue": "41,466", "Reconciled Depreciation": "644", "Net Income from Continuing Operation Net Minority Interest": "-3,913", "Total Unusual Items Excluding Goodwill": "463", "Total Unusual Items": "463", "Normalized EBITDA": "-3,747", "Tax Rate for Calcs": "0", "Tax Effect of Unusual Items": "3.704"}, "12/31/2019": {"Duration": "12/31/2019", "Total Revenue": "65,623", "Cost of Revenue": "41,466", "Gross Profit": "24,157", "Operating Expense": "30,294", "Operating Income": "-6,137", "Net Non Operating Interest Income Expense": "1,321", "Other Income Expense": "872", "Pretax Income": "-3,944", "Tax Provision": "-31", "Net Income Common Stockholders": "-3,913", "Diluted NI Available to Com Stockholders": "-3,913", "Basic EPS": "-0.10", "Diluted EPS": "-0.10", "Basic Average Shares": "35,556", "Diluted Average Shares": "35,556", "Total Operating Income as Reported": "-6,137", "Total Expenses": "71,760", "Net Income from Continuing & Discontinued Operation": "-3,913", "Normalized Income": "-4,372", "Interest Income": "1,337", "Interest Expense": "16", "Net Interest Income": "1,321", "EBIT": "-3,928", "EBITDA": "-", "Reconciled Cost of Revenue": "41,466", "Reconciled Depreciation": "644", "Net Income from Continuing Operation Net Minority Interest": "-3,913", "Total Unusual Items Excluding Goodwill": "463", "Total Unusual Items": "463", "Normalized EBITDA": "-3,747", "Tax Rate for Calcs": "0", "Tax Effect of Unusual Items": "3.704"}, "12/31/2018": {"Duration": "12/31/2018", "Total Revenue": "115,944", "Cost of Revenue": "83,676", "Gross Profit": "32,268", "Operating Expense": "27,901", "Operating Income": "4,367", "Net Non Operating Interest Income Expense": "1,702", "Other Income Expense": "-1,627", "Pretax Income": "4,442", "Tax Provision": "-378", "Net Income Common Stockholders": "4,820", "Diluted NI Available to Com Stockholders": "4,820", "Basic EPS": "0.14", "Diluted EPS": "0.14", "Basic Average Shares": "35,642", "Diluted Average Shares": "35,642", "Total Operating Income as Reported": "4,367", "Total Expenses": "111,577", "Net Income from Continuing & Discontinued Operation": "4,820", "Normalized Income": "6,166", "Interest Income": "1,749", "Interest Expense": "47", "Net Interest Income": "1,702", "EBIT": "4,489", "EBITDA": "-", "Reconciled Cost of Revenue": "83,676", "Reconciled Depreciation": "702", "Net Income from Continuing Operation Net Minority Interest": "4,820", "Total Unusual Items Excluding Goodwill": "-2,071", "Total Unusual Items": "-2,071", "Normalized EBITDA": "7,262", "Tax Rate for Calcs": "0", "Tax Effect of Unusual Items": "-724.85"}}, "bs": {"12/31/2019": {"Duration": "12/31/2019", "Total Assets": "151,303", "Total Liabilities Net Minority Interest": "52,115", "Total Equity Gross Minority Interest": "99,188", "Total Capitalization": "99,188", "Common Stock Equity": "99,188", "Capital Lease Obligations": "2,959", "Net Tangible Assets": "99,188", "Working Capital": "88,045", "Invested Capital": "99,188", "Tangible Book Value": "99,188", "Total Debt": "2,959", "Share Issued": "40,335", "Ordinary Shares Number": "35,525", "Treasury Shares Number": "4,810"}, "12/31/2018": {"Duration": "12/31/2018", "Total Assets": "177,435", "Total Liabilities Net Minority Interest": "75,269", "Total Equity Gross Minority Interest": "102,166", "Total Capitalization": "102,166", "Common Stock Equity": "102,166", "Capital Lease Obligations": "-", "Net Tangible Assets": "102,166", "Working Capital": "90,362", "Invested Capital": "102,166", "Tangible Book Value": "102,166", "Total Debt": "-", "Share Issued": "39,799", "Ordinary Shares Number": "35,318", "Treasury Shares Number": "4,481"}}, "cf": {"TTM": {"Duration": "TTM", "Operating Cash Flow": "-24,147", "Investing Cash Flow": "-507", "Financing Cash Flow": "-993", "End Cash Position": "48,607", "Income Tax Paid Supplemental Data": "1,400", "Interest Paid Supplemental Data": "16", "Capital Expenditure": "-507", "Issuance of Capital Stock": "-", "Issuance of Debt": "4,625", "Repayment of Debt": "-4,625", "Repurchase of Capital Stock": "-1,049", "Free Cash Flow": "-24,654"}, "12/31/2019": {"Duration": "12/31/2019", "Operating Cash Flow": "-24,147", "Investing Cash Flow": "-507", "Financing Cash Flow": "-993", "End Cash Position": "48,607", "Income Tax Paid Supplemental Data": "1,400", "Interest Paid Supplemental Data": "16", "Capital Expenditure": "-507", "Issuance of Capital Stock": "-", "Issuance of Debt": "4,625", "Repayment of Debt": "-4,625", "Repurchase of Capital Stock": "-1,049", "Free Cash Flow": "-24,654"}, "12/31/2018": {"Duration": "12/31/2018", "Operating Cash Flow": "-26,106", "Investing Cash Flow": "2,245", "Financing Cash Flow": "-2,424", "End Cash Position": "73,700", "Income Tax Paid Supplemental Data": "1,221", "Interest Paid Supplemental Data": "47", "Capital Expenditure": "-225", "Issuance of Capital Stock": "-", "Issuance of Debt": "-", "Repayment of Debt": "-", "Repurchase of Capital Stock": "-2,525", "Free Cash Flow": "-26,331"}}}}, {"CAMP": {"quote": {"03/20/2021": {"value": "11.55", "Market Cap": "404.651M", "Beta (5Y Monthly)": "2.50", "PE Ratio (TTM)": "N/A", "EPS (TTM)": "-3.03", "Earnings Date": "May 03, 2021 - May 07, 2021", "Forward Dividend & Yield": "N/A (N/A)", "Ex-Dividend Date": "N/A", "1y Target Est": "13.00"}}, "fin": {"TTM": {"Duration": "TTM", "Total Revenue": "363,283", "Cost of Revenue": "219,847", "Gross Profit": "143,436", "Operating Expense": "137,324", "Operating Income": "6,112", "Net Non Operating Interest Income Expense": "-21,158", "Other Income Expense": "673", "Pretax Income": "-14,373", "Tax Provision": "-8,062", "Earnings from Equity Interest Net of Tax": "-5,903", "Net Income Common Stockholders": "-12,214", "Diluted NI Available to Com Stockholders": "-12,214", "Basic EPS": "-", "Diluted EPS": "-", "Basic Average Shares": "-", "Diluted Average Shares": "-", "Total Operating Income as Reported": "173", "Total Expenses": "357,171", "Net Income from Continuing & Discontinued Operation": "-12,214", "Normalized Income": "-12,651", "Interest Expense": "21,158", "Net Interest Income": "-21,158", "EBIT": "6,785", "EBITDA": "35,402", "Reconciled Cost of Revenue": "203,815", "Reconciled Depreciation": "28,617", "Net Income from Continuing Operation Net Minority Interest": "-12,214", "Total Unusual Items Excluding Goodwill": "598", "Total Unusual Items": "598", "Normalized EBITDA": "34,804", "Tax Rate for Calcs": "0", "Tax Effect of Unusual Items": "161.46"}, "2/29/2020": {"Duration": "2/29/2020", "Total Revenue": "366,107", "Cost of Revenue": "222,804", "Gross Profit": "143,303", "Operating Expense": "159,960", "Operating Income": "-16,657", "Net Non Operating Interest Income Expense": "-20,096", "Other Income Expense": "-21,567", "Pretax Income": "-58,320", "Tax Provision": "20,454", "Earnings from Equity Interest Net of Tax": "-530", "Net Income Common Stockholders": "-79,304", "Diluted NI Available to Com Stockholders": "-79,304", "Basic EPS": "-2.36", "Diluted EPS": "-2.36", "Basic Average Shares": "33,670", "Diluted Average Shares": "33,670", "Total Operating Income as Reported": "-40,200", "Total Expenses": "382,764", "Net Income from Continuing & Discontinued Operation": "-79,304", "Normalized Income": "-63,643", "Interest Expense": "20,096", "Net Interest Income": "-20,096", "EBIT": "-38,224", "EBITDA": "-", "Reconciled Cost of Revenue": "203,138", "Reconciled Depreciation": "31,987", "Net Income from Continuing Operation Net Minority Interest": "-79,304", "Total Unusual Items Excluding Goodwill": "-21,454", "Total Unusual Items": "-21,454", "Normalized EBITDA": "15,217", "Tax Rate for Calcs": "0", "Tax Effect of Unusual Items": "-5,793"}, "2/28/2019": {"Duration": "2/28/2019", "Total Revenue": "363,800", "Cost of Revenue": "216,036", "Gross Profit": "147,764", "Operating Expense": "120,054", "Operating Income": "27,710", "Net Non Operating Interest Income Expense": "-16,726", "Other Income Expense": "12,871", "Pretax Income": "23,855", "Tax Provision": "-1,330", "Earnings from Equity Interest Net of Tax": "-6,787", "Net Income Common Stockholders": "18,398", "Diluted NI Available to Com Stockholders": "18,398", "Basic EPS": "0.53", "Diluted EPS": "0.52", "Basic Average Shares": "34,589", "Diluted Average Shares": "35,294", "Total Operating Income as Reported": "19,695", "Total Expenses": "336,090", "Net Income from Continuing & Discontinued Operation": "18,398", "Normalized Income": "8,512", "Interest Expense": "16,726", "Net Interest Income": "-16,726", "EBIT": "40,581", "EBITDA": "-", "Reconciled Cost of Revenue": "207,456", "Reconciled Depreciation": "20,016", "Net Income from Continuing Operation Net Minority Interest": "18,398", "Total Unusual Items Excluding Goodwill": "13,543", "Total Unusual Items": "13,543", "Normalized EBITDA": "47,054", "Tax Rate for Calcs": "0", "Tax Effect of Unusual Items": "3,657"}}, "bs": {"2/29/2020": {"Duration": "2/29/2020", "Total Assets": "495,805", "Total Liabilities Net Minority Interest": "357,886", "Total Equity Gross Minority Interest": "137,919", "Total Capitalization": "315,007", "Common Stock Equity": "137,919", "Capital Lease Obligations": "28,941", "Net Tangible Assets": "-14,311", "Working Capital": "116,391", "Invested Capital": "348,126", "Tangible Book Value": "-14,311", "Total Debt": "239,148", "Net Debt": "102,803", "Share Issued": "34,322", "Ordinary Shares Number": "34,322"}, "2/28/2019": {"Duration": "2/28/2019", "Total Assets": "603,626", "Total Liabilities Net Minority Interest": "397,973", "Total Equity Gross Minority Interest": "205,653", "Total Capitalization": "481,558", "Common Stock Equity": "205,653", "Capital Lease Obligations": "-", "Net Tangible Assets": "77,683", "Working Capital": "319,905", "Invested Capital": "481,558", "Tangible Book Value": "77,683", "Total Debt": "275,905", "Net Debt": "19,405", "Share Issued": "33,555", "Ordinary Shares Number": "33,555"}}, "cf": {"TTM": {"Duration": "TTM", "Operating Cash Flow": "2,950", "Investing Cash Flow": "-66,951", "Financing Cash Flow": "-105,545", "End Cash Position": "102,067", "Income Tax Paid Supplemental Data": "945", "Interest Paid Supplemental Data": "6,875", "Capital Expenditure": "-20,760", "Issuance of Debt": "0", "Repayment of Debt": "-94,683", "Repurchase of Capital Stock": "-10,000", "Free Cash Flow": "-17,810"}, "2/29/2020": {"Duration": "2/29/2020", "Operating Cash Flow": "11,544", "Investing Cash Flow": "-65,698", "Financing Cash Flow": "-94,820", "End Cash Position": "107,404", "Income Tax Paid Supplemental Data": "220", "Interest Paid Supplemental Data": "6,762", "Capital Expenditure": "-22,192", "Issuance of Debt": "0", "Repayment of Debt": "-94,683", "Repurchase of Capital Stock": "0", "Free Cash Flow": "-10,648"}, "2/28/2019": {"Duration": "2/28/2019", "Operating Cash Flow": "47,740", "Investing Cash Flow": "-21,785", "Financing Cash Flow": "98,495", "End Cash Position": "256,500", "Income Tax Paid Supplemental Data": "964", "Interest Paid Supplemental Data": "5,057", "Capital Expenditure": "-12,007", "Issuance of Debt": "230,000", "Repayment of Debt": "-53,683", "Repurchase of Capital Stock": "-49,000", "Free Cash Flow": "35,733"}}}}, {"USM": {"quote": {"03/20/2021": {"value": "35.58", "Market Cap": "3.063B", "Beta (5Y Monthly)": "0.68", "PE Ratio (TTM)": "13.58", "EPS (TTM)": "2.62", "Earnings Date": "Apr 28, 2021 - May 03, 2021", "Forward Dividend & Yield": "N/A (N/A)", "Ex-Dividend Date": "Jun 07, 2013", "1y Target Est": "42.88"}}, "fin": {"TTM": {"Duration": "TTM", "Total Revenue": "4,037,000", "Cost of Revenue": "1,793,000", "Gross Profit": "2,244,000", "Operating Expense": "2,051,000", "Operating Income": "193,000", "Net Non Operating Interest Income Expense": "-104,000", "Other Income Expense": "161,000", "Pretax Income": "250,000", "Tax Provision": "17,000", "Net Income Common Stockholders": "229,000", "Diluted NI Available to Com Stockholders": "229,000", "Basic EPS": "-", "Diluted EPS": "-", "Basic Average Shares": "-", "Diluted Average Shares": "-", "Total Operating Income as Reported": "173,000", "Total Expenses": "3,844,000", "Net Income from Continuing & Discontinued Operation": "229,000", "Normalized Income": "245,812", "Interest Income": "8,000", "Interest Expense": "112,000", "Net Interest Income": "-104,000", "EBIT": "362,000", "EBITDA": "1,045,000", "Reconciled Cost of Revenue": "1,793,000", "Reconciled Depreciation": "683,000", "Net Income from Continuing Operation Net Minority Interest": "229,000", "Total Unusual Items Excluding Goodwill": "-18,000", "Total Unusual Items": "-18,000", "Normalized EBITDA": "1,063,000", "Tax Rate for Calcs": "0", "Tax Effect of Unusual Items": "-1,188"}, "12/31/2020": {"Duration": "12/31/2020", "Total Revenue": "4,037,000", "Cost of Revenue": "1,793,000", "Gross Profit": "2,244,000", "Operating Expense": "2,051,000", "Operating Income": "193,000", "Net Non Operating Interest Income Expense": "-104,000", "Other Income Expense": "161,000", "Pretax Income": "250,000", "Tax Provision": "17,000", "Net Income Common Stockholders": "229,000", "Diluted NI Available to Com Stockholders": "229,000", "Basic EPS": "2.66", "Diluted EPS": "2.62", "Basic Average Shares": "86,000", "Diluted Average Shares": "87,000", "Total Operating Income as Reported": "173,000", "Total Expenses": "3,844,000", "Net Income from Continuing & Discontinued Operation": "229,000", "Normalized Income": "245,812", "Interest Income": "8,000", "Interest Expense": "112,000", "Net Interest Income": "-104,000", "EBIT": "362,000", "EBITDA": "-", "Reconciled Cost of Revenue": "1,793,000", "Reconciled Depreciation": "683,000", "Net Income from Continuing Operation Net Minority Interest": "229,000", "Total Unusual Items Excluding Goodwill": "-18,000", "Total Unusual Items": "-18,000", "Normalized EBITDA": "1,063,000", "Tax Rate for Calcs": "0", "Tax Effect of Unusual Items": "-1,188"}, "12/31/2019": {"Duration": "12/31/2019", "Total Revenue": "4,022,000", "Cost of Revenue": "1,784,000", "Gross Profit": "2,238,000", "Operating Expense": "2,108,000", "Operating Income": "130,000", "Net Non Operating Interest Income Expense": "-93,000", "Other Income Expense": "148,000", "Pretax Income": "185,000", "Tax Provision": "52,000", "Net Income Common Stockholders": "127,000", "Diluted NI Available to Com Stockholders": "127,000", "Basic EPS": "1.47", "Diluted EPS": "1.44", "Basic Average Shares": "86,000", "Diluted Average Shares": "88,000", "Total Operating Income as Reported": "112,000", "Total Expenses": "3,892,000", "Net Income from Continuing & Discontinued Operation": "127,000", "Normalized Income": "139,942", "Interest Income": "17,000", "Interest Expense": "110,000", "Net Interest Income": "-93,000", "EBIT": "295,000", "EBITDA": "-", "Reconciled Cost of Revenue": "1,784,000", "Reconciled Depreciation": "702,000", "Net Income from Continuing Operation Net Minority Interest": "127,000", "Total Unusual Items Excluding Goodwill": "-18,000", "Total Unusual Items": "-18,000", "Normalized EBITDA": "1,015,000", "Tax Rate for Calcs": "0", "Tax Effect of Unusual Items": "-5,058"}, "12/31/2018": {"Duration": "12/31/2018", "Total Revenue": "3,967,000", "Cost of Revenue": "1,789,000", "Gross Profit": "2,178,000", "Operating Expense": "2,028,000", "Operating Income": "150,000", "Net Non Operating Interest Income Expense": "-101,000", "Other Income Expense": "166,000", "Pretax Income": "215,000", "Tax Provision": "51,000", "Net Income Common Stockholders": "150,000", "Diluted NI Available to Com Stockholders": "150,000", "Basic EPS": "1.75", "Diluted EPS": "1.72", "Basic Average Shares": "86,000", "Diluted Average Shares": "87,000", "Total Operating Income as Reported": "158,000", "Total Expenses": "3,817,000", "Net Income from Continuing & Discontinued Operation": "150,000", "Normalized Income": "143,896", "Interest Income": "15,000", "Interest Expense": "116,000", "Net Interest Income": "-101,000", "EBIT": "331,000", "EBITDA": "-", "Reconciled Cost of Revenue": "1,789,000", "Reconciled Depreciation": "640,000", "Net Income from Continuing Operation Net Minority Interest": "150,000", "Total Unusual Items Excluding Goodwill": "8,000", "Total Unusual Items": "8,000", "Normalized EBITDA": "963,000", "Tax Rate for Calcs": "0", "Tax Effect of Unusual Items": "1,896"}}, "bs": {"12/31/2020": {"Duration": "12/31/2020", "Total Assets": "9,681,000", "Total Liabilities Net Minority Interest": "5,255,000", "Total Equity Gross Minority Interest": "4,426,000", "Total Capitalization": "6,900,000", "Common Stock Equity": "4,411,000", "Capital Lease Obligations": "991,000", "Net Tangible Assets": "1,782,000", "Working Capital": "1,752,000", "Invested Capital": "6,902,000", "Tangible Book Value": "1,782,000", "Total Debt": "3,482,000", "Net Debt": "1,220,000", "Share Issued": "88,000", "Ordinary Shares Number": "86,000", "Treasury Shares Number": "2,000"}, "12/31/2019": {"Duration": "12/31/2019", "Total Assets": "8,164,000", "Total Liabilities Net Minority Interest": "3,954,000", "Total Equity Gross Minority Interest": "4,210,000", "Total Capitalization": "5,699,000", "Common Stock Equity": "4,197,000", "Capital Lease Obligations": "970,000", "Net Tangible Assets": "1,726,000", "Working Capital": "823,000", "Invested Capital": "5,707,000", "Tangible Book Value": "1,726,000", "Total Debt": "2,480,000", "Net Debt": "1,225,000", "Share Issued": "88,000", "Ordinary Shares Number": "86,000", "Treasury Shares Number": "2,000"}, "12/31/2018": {"Duration": "12/31/2018", "Total Assets": "7,274,000", "Total Liabilities Net Minority Interest": "3,207,000", "Total Equity Gross Minority Interest": "4,067,000", "Total Capitalization": "5,662,000", "Common Stock Equity": "4,057,000", "Capital Lease Obligations": "-", "Net Tangible Assets": "1,871,000", "Working Capital": "1,121,000", "Invested Capital": "5,681,000", "Tangible Book Value": "1,871,000", "Total Debt": "1,624,000", "Net Debt": "1,044,000", "Share Issued": "88,000", "Ordinary Shares Number": "86,000", "Treasury Shares Number": "2,000"}}, "cf": {"TTM": {"Duration": "TTM", "Operating Cash Flow": "1,237,000", "Investing Cash Flow": "-1,163,000", "Financing Cash Flow": "926,000", "End Cash Position": "1,291,000", "Capital Expenditure": "-1,190,000", "Issuance of Capital Stock": "-", "Issuance of Debt": "1,125,000", "Repayment of Debt": "-108,000", "Repurchase of Capital Stock": "-23,000", "Free Cash Flow": "47,000"}, "12/31/2020": {"Duration": "12/31/2020", "Operating Cash Flow": "1,237,000", "Investing Cash Flow": "-1,163,000", "Financing Cash Flow": "926,000", "End Cash Position": "1,291,000", "Capital Expenditure": "-1,190,000", "Issuance of Capital Stock": "-", "Issuance of Debt": "1,125,000", "Repayment of Debt": "-108,000", "Repurchase of Capital Stock": "-23,000", "Free Cash Flow": "47,000"}, "12/31/2019": {"Duration": "12/31/2019", "Operating Cash Flow": "724,000", "Investing Cash Flow": "-864,000", "Financing Cash Flow": "-152,000", "End Cash Position": "291,000", "Capital Expenditure": "-916,000", "Issuance of Capital Stock": "-", "Issuance of Debt": "-", "Repayment of Debt": "-116,000", "Repurchase of Capital Stock": "-30,000", "Free Cash Flow": "-192,000"}, "12/31/2018": {"Duration": "12/31/2018", "Operating Cash Flow": "709,000", "Investing Cash Flow": "-464,000", "Financing Cash Flow": "-14,000", "End Cash Position": "583,000", "Capital Expenditure": "-520,000", "Issuance of Capital Stock": "18,000", "Issuance of Debt": "-", "Repayment of Debt": "-19,000", "Repurchase of Capital Stock": "0", "Free Cash Flow": "189,000"}}}}, {"RCI": {"quote": {"03/20/2021": {"value": "48.41", "Market Cap": "24.398B", "Beta (5Y Monthly)": "0.31", "PE Ratio (TTM)": "17.30", "EPS (TTM)": "2.80", "Earnings Date": "N/A", "Forward Dividend & Yield": "1.58 (3.27%)", "Ex-Dividend Date": "Mar 09, 2021", "1y Target Est": "54.02"}}, "fin": {"TTM": {"Duration": "TTM", "Total Revenue": "14,188,000", "Cost of Revenue": "8,391,000", "Gross Profit": "5,797,000", "Operating Expense": "2,590,000", "Operating Income": "3,207,000", "Net Non Operating Interest Income Expense": "-863,000", "Other Income Expense": "-157,000", "Pretax Income": "2,187,000", "Tax Provision": "576,000", "Net Income Common Stockholders": "1,611,000", "Diluted NI Available to Com Stockholders": "1,611,000", "Basic EPS": "-", "Diluted EPS": "-", "Basic Average Shares": "-", "Diluted Average Shares": "-", "Total Expenses": "10,981,000", "Net Income from Continuing & Discontinued Operation": "1,611,000", "Normalized Income": "1,708,971", "Interest Expense": "839,000", "Net Interest Income": "-863,000", "EBIT": "3,026,000", "EBITDA": "5,616,000", "Reconciled Cost of Revenue": "8,391,000", "Reconciled Depreciation": "2,590,000", "Net Income from Continuing Operation Net Minority Interest": "1,611,000", "Total Unusual Items Excluding Goodwill": "-133,000", "Total Unusual Items": "-133,000", "Normalized EBITDA": "5,749,000", "Tax Rate for Calcs": "0", "Tax Effect of Unusual Items": "-35,029"}, "12/31/2020": {"Duration": "12/31/2020", "Total Revenue": "13,916,000", "Cost of Revenue": "8,059,000", "Gross Profit": "5,857,000", "Operating Expense": "2,618,000", "Operating Income": "3,239,000", "Net Non Operating Interest Income Expense": "-871,000", "Other Income Expense": "-196,000", "Pretax Income": "2,172,000", "Tax Provision": "580,000", "Net Income Common Stockholders": "1,592,000", "Diluted NI Available to Com Stockholders": "1,592,000", "Basic EPS": "-", "Diluted EPS": "-", "Basic Average Shares": "-", "Diluted Average Shares": "-", "Total Expenses": "10,677,000", "Net Income from Continuing & Discontinued Operation": "1,592,000", "Normalized Income": "1,706,348", "Interest Expense": "844,000", "Net Interest Income": "-871,000", "EBIT": "3,016,000", "EBITDA": "-", "Reconciled Cost of Revenue": "7,982,000", "Reconciled Depreciation": "2,695,000", "Net Income from Continuing Operation Net Minority Interest": "1,592,000", "Total Unusual Items Excluding Goodwill": "-156,000", "Total Unusual Items": "-156,000", "Normalized EBITDA": "5,867,000", "Tax Rate for Calcs": "0", "Tax Effect of Unusual Items": "-41,652"}, "12/31/2019": {"Duration": "12/31/2019", "Total Revenue": "15,073,000", "Cost of Revenue": "8,861,000", "Gross Profit": "6,212,000", "Operating Expense": "2,488,000", "Operating Income": "3,724,000", "Net Non Operating Interest Income Expense": "-820,000", "Other Income Expense": "-149,000", "Pretax Income": "2,755,000", "Tax Provision": "712,000", "Net Income Common Stockholders": "2,043,000", "Diluted NI Available to Com Stockholders": "2,043,000", "Basic EPS": "3.99", "Diluted EPS": "3.97", "Basic Average Shares": "512,000", "Diluted Average Shares": "513,000", "Total Expenses": "11,349,000", "Net Income from Continuing & Discontinued Operation": "2,043,000", "Normalized Income": "2,135,008", "Interest Expense": "799,000", "Net Interest Income": "-820,000", "EBIT": "3,554,000", "EBITDA": "-", "Reconciled Cost of Revenue": "8,784,000", "Reconciled Depreciation": "2,565,000", "Net Income from Continuing Operation Net Minority Interest": "2,043,000", "Total Unusual Items Excluding Goodwill": "-124,000", "Total Unusual Items": "-124,000", "Normalized EBITDA": "6,243,000", "Tax Rate for Calcs": "0", "Tax Effect of Unusual Items": "-31,992"}, "12/31/2018": {"Duration": "12/31/2018", "Total Revenue": "15,096,000", "Cost of Revenue": "9,113,000", "Gross Profit": "5,983,000", "Operating Expense": "2,211,000", "Operating Income": "3,772,000", "Net Non Operating Interest Income Expense": "-724,000", "Other Income Expense": "-231,000", "Pretax Income": "2,817,000", "Tax Provision": "758,000", "Net Income Common Stockholders": "2,059,000", "Diluted NI Available to Com Stockholders": "2,059,000", "Basic EPS": "4.00", "Diluted EPS": "3.99", "Basic Average Shares": "515,000", "Diluted Average Shares": "515,000", "Total Expenses": "11,324,000", "Net Income from Continuing & Discontinued Operation": "2,059,000", "Normalized Income": "2,227,861", "Interest Expense": "703,000", "Net Interest Income": "-724,000", "EBIT": "3,520,000", "EBITDA": "-", "Reconciled Cost of Revenue": "9,055,000", "Reconciled Depreciation": "2,269,000", "Net Income from Continuing Operation Net Minority Interest": "2,059,000", "Total Unusual Items Excluding Goodwill": "-231,000", "Total Unusual Items": "-231,000", "Normalized EBITDA": "6,020,000", "Tax Rate for Calcs": "0", "Tax Effect of Unusual Items": "-62,139"}}, "bs": {"12/31/2020": {"Duration": "12/31/2020", "Total Assets": "38,854,000", "Total Liabilities Net Minority Interest": "29,281,000", "Total Equity Gross Minority Interest": "9,573,000", "Total Capitalization": "26,324,000", "Common Stock Equity": "9,573,000", "Capital Lease Obligations": "1,835,000", "Net Tangible Assets": "-3,326,000", "Working Capital": "343,000", "Invested Capital": "28,995,000", "Tangible Book Value": "-3,326,000", "Total Debt": "21,257,000", "Net Debt": "16,938,000", "Share Issued": "504,925", "Ordinary Shares Number": "504,925"}, "12/31/2019": {"Duration": "12/31/2019", "Total Assets": "37,019,000", "Total Liabilities Net Minority Interest": "27,603,000", "Total Equity Gross Minority Interest": "9,416,000", "Total Capitalization": "25,383,000", "Common Stock Equity": "9,416,000", "Capital Lease Obligations": "1,725,000", "Net Tangible Assets": "-3,412,000", "Working Capital": "-847,000", "Invested Capital": "27,621,000", "Tangible Book Value": "-3,412,000", "Total Debt": "19,930,000", "Net Debt": "17,711,000", "Share Issued": "504,925", "Ordinary Shares Number": "504,925"}, "12/31/2018": {"Duration": "12/31/2018", "Total Assets": "31,918,000", "Total Liabilities Net Minority Interest": "23,739,000", "Total Equity Gross Minority Interest": "8,179,000", "Total Capitalization": "21,569,000", "Common Stock Equity": "8,179,000", "Capital Lease Obligations": "-", "Net Tangible Assets": "-2,931,000", "Working Capital": "-1,948,000", "Invested Capital": "24,724,000", "Tangible Book Value": "-2,931,000", "Total Debt": "16,545,000", "Net Debt": "16,140,000", "Share Issued": "514,813", "Ordinary Shares Number": "514,813"}}, "cf": {"TTM": {"Duration": "TTM", "Operating Cash Flow": "4,540,000", "Investing Cash Flow": "-2,596,000", "Financing Cash Flow": "42,000", "End Cash Position": "2,248,000", "Capital Expenditure": "-2,523,000", "Issuance of Capital Stock": "0", "Issuance of Debt": "2,540,000", "Repayment of Debt": "-1,077,000", "Repurchase of Capital Stock": "-361,000", "Free Cash Flow": "2,017,000"}, "12/31/2020": {"Duration": "12/31/2020", "Operating Cash Flow": "4,321,000", "Investing Cash Flow": "-2,558,000", "Financing Cash Flow": "227,000", "End Cash Position": "2,484,000", "Capital Expenditure": "-2,369,000", "Issuance of Capital Stock": "0", "Issuance of Debt": "2,540,000", "Repayment of Debt": "-1,359,000", "Repurchase of Capital Stock": "0", "Free Cash Flow": "1,952,000"}, "12/31/2019": {"Duration": "12/31/2019", "Operating Cash Flow": "4,526,000", "Investing Cash Flow": "-4,612,000", "Financing Cash Flow": "175,000", "End Cash Position": "494,000", "Capital Expenditure": "-2,867,000", "Issuance of Capital Stock": "-", "Issuance of Debt": "2,214,000", "Repayment of Debt": "-167,000", "Repurchase of Capital Stock": "-655,000", "Free Cash Flow": "1,659,000"}, "12/31/2018": {"Duration": "12/31/2018", "Operating Cash Flow": "4,288,000", "Investing Cash Flow": "-2,944,000", "Financing Cash Flow": "-933,000", "End Cash Position": "405,000", "Capital Expenditure": "-2,844,000", "Issuance of Capital Stock": "-", "Issuance of Debt": "508,000", "Repayment of Debt": "-823,000", "Repurchase of Capital Stock": "-", "Free Cash Flow": "1,444,000"}}}}, {"SKM": {"quote": {"03/20/2021": {"value": "25.05", "Market Cap": "16.282B", "Beta (5Y Monthly)": "0.42", "PE Ratio (TTM)": "5.55", "EPS (TTM)": "4.51", "Earnings Date": "N/A", "Forward Dividend & Yield": "0.19 (0.75%)", "Ex-Dividend Date": "Jun 29, 2020", "1y Target Est": "33.90"}}, "fin": {"TTM": {"Duration": "TTM", "Total Revenue": "16,589,490,000", "Cost of Revenue": "5,093,361,000", "Gross Profit": "11,496,129,000", "Operating Expense": "10,473,458,000", "Operating Income": "1,022,671,000", "Net Non Operating Interest Income Expense": "-255,054,000", "Other Income Expense": "3,367,182,000", "Pretax Income": "4,134,799,000", "Tax Provision": "803,251,000", "Net Income Common Stockholders": "3,312,680,000", "Diluted NI Available to Com Stockholders": "3,312,680,000", "Basic EPS": "-", "Diluted EPS": "-", "Basic Average Shares": "-", "Diluted Average Shares": "-", "Total Operating Income as Reported": "619,396,000", "Rent Expense Supplemental": "366,098,000", "Total Expenses": "15,566,819,000", "Net Income from Continuing & Discontinued Operation": "3,328,483,000", "Normalized Income": "3,288,740,172", "Interest Income": "65,420,000", "Interest Expense": "320,474,000", "Net Interest Income": "-255,054,000", "EBIT": "4,455,273,000", "EBITDA": "7,954,669,000", "Reconciled Cost of Revenue": "4,928,130,000", "Reconciled Depreciation": "3,499,396,000", "Net Income from Continuing Operation Net Minority Interest": "3,328,483,000", "Total Unusual Items Excluding Goodwill": "49,325,000", "Total Unusual Items": "49,325,000", "Normalized EBITDA": "7,905,344,000", "Tax Rate for Calcs": "0", "Tax Effect of Unusual Items": "9,582,172"}, "12/31/2020": {"Duration": "12/31/2020", "Total Revenue": "18,624,651,000", "Cost of Revenue": "2,673,904,000", "Gross Profit": "15,950,747,000", "Operating Expense": "14,552,798,000", "Operating Income": "1,397,949,000", "Net Non Operating Interest Income Expense": "-393,553,000", "Other Income Expense": "872,644,000", "Pretax Income": "1,877,040,000", "Tax Provision": "376,502,000", "Net Income Common Stockholders": "1,489,586,000", "Diluted NI Available to Com Stockholders": "1,489,586,000", "Basic EPS": "-", "Diluted EPS": "-", "Basic Average Shares": "-", "Diluted Average Shares": "-", "Total Operating Income as Reported": "1,349,324,000", "Rent Expense Supplemental": "173,294,000", "Total Expenses": "17,226,702,000", "Net Income from Continuing & Discontinued Operation": "1,504,352,000", "Normalized Income": "1,616,857,176", "Interest Income": "50,357,000", "Interest Expense": "399,176,000", "Net Interest Income": "-393,553,000", "EBIT": "2,276,216,000", "EBITDA": "-", "Reconciled Cost of Revenue": "2,494,991,000", "Reconciled Depreciation": "4,169,996,000", "Net Income from Continuing Operation Net Minority Interest": "1,504,352,000", "Total Unusual Items Excluding Goodwill": "-140,734,000", "Total Unusual Items": "-140,734,000", "Normalized EBITDA": "6,586,946,000", "Tax Rate for Calcs": "0", "Tax Effect of Unusual Items": "-28,228,824"}, "12/31/2019": {"Duration": "12/31/2019", "Total Revenue": "17,743,702,000", "Cost of Revenue": "2,858,312,000", "Gross Profit": "14,885,390,000", "Operating Expense": "13,734,943,000", "Operating Income": "1,150,447,000", "Net Non Operating Interest Income Expense": "-334,489,000", "Other Income Expense": "346,697,000", "Pretax Income": "1,162,655,000", "Tax Provision": "300,713,000", "Net Income Common Stockholders": "875,141,000", "Diluted NI Available to Com Stockholders": "875,141,000", "Basic EPS": "1.35k", "Diluted EPS": "1.35k", "Basic Average Shares": "649,227", "Diluted Average Shares": "649,227", "Total Operating Income as Reported": "1,000,893,000", "Rent Expense Supplemental": "231,934,000", "Total Expenses": "16,593,255,000", "Net Income from Continuing & Discontinued Operation": "889,907,000", "Normalized Income": "966,125,519", "Interest Income": "63,401,000", "Interest Expense": "397,890,000", "Net Interest Income": "-334,489,000", "EBIT": "1,560,545,000", "EBITDA": "-", "Reconciled Cost of Revenue": "2,693,957,000", "Reconciled Depreciation": "3,935,841,000", "Net Income from Continuing Operation Net Minority Interest": "889,907,000", "Total Unusual Items Excluding Goodwill": "-102,859,000", "Total Unusual Items": "-102,859,000", "Normalized EBITDA": "5,599,245,000", "Tax Rate for Calcs": "0", "Tax Effect of Unusual Items": "-26,640,481"}, "12/31/2018": {"Duration": "12/31/2018", "Total Revenue": "16,873,960,000", "Cost of Revenue": "2,914,322,000", "Gross Profit": "13,959,638,000", "Operating Expense": "12,772,538,000", "Operating Income": "1,187,100,000", "Net Non Operating Interest Income Expense": "-237,383,000", "Other Income Expense": "3,026,249,000", "Pretax Income": "3,975,966,000", "Tax Provision": "843,978,000", "Net Income Common Stockholders": "3,112,084,000", "Diluted NI Available to Com Stockholders": "3,112,084,000", "Basic EPS": "4.89k", "Diluted EPS": "4.89k", "Basic Average Shares": "636,243", "Diluted Average Shares": "636,243", "Total Operating Income as Reported": "833,851,000", "Rent Expense Supplemental": "529,453,000", "Total Expenses": "15,686,860,000", "Net Income from Continuing & Discontinued Operation": "3,127,887,000", "Normalized Income": "3,319,471,864", "Interest Income": "69,936,000", "Interest Expense": "307,319,000", "Net Interest Income": "-237,383,000", "EBIT": "4,283,285,000", "EBITDA": "-", "Reconciled Cost of Revenue": "2,756,101,000", "Reconciled Depreciation": "3,284,339,000", "Net Income from Continuing Operation Net Minority Interest": "3,127,887,000", "Total Unusual Items Excluding Goodwill": "-243,128,000", "Total Unusual Items": "-243,128,000", "Normalized EBITDA": "7,810,752,000", "Tax Rate for Calcs": "0", "Tax Effect of Unusual Items": "-51,543,136"}}, "bs": {"12/31/2020": {"Duration": "12/31/2020", "Total Assets": "47,906,957,000", "Total Liabilities Net Minority Interest": "23,510,714,000", "Total Equity Gross Minority Interest": "24,396,243,000", "Total Capitalization": "33,413,324,000", "Common Stock Equity": "23,743,894,000", "Capital Lease Obligations": "1,436,777,000", "Net Tangible Assets": "15,950,176,000", "Working Capital": "597,119,000", "Invested Capital": "34,462,559,000", "Tangible Book Value": "15,950,176,000", "Total Debt": "12,155,442,000", "Net Debt": "9,349,012,000", "Share Issued": "80,746", "Ordinary Shares Number": "71,327", "Treasury Shares Number": "9,419"}, "12/31/2019": {"Duration": "12/31/2019", "Total Assets": "44,611,620,000", "Total Liabilities Net Minority Interest": "21,788,084,000", "Total Equity Gross Minority Interest": "22,823,536,000", "Total Capitalization": "32,182,872,000", "Common Stock Equity": "22,956,829,000", "Capital Lease Obligations": "712,740,000", "Net Tangible Assets": "15,141,207,000", "Working Capital": "314,572,000", "Invested Capital": "33,220,802,000", "Tangible Book Value": "15,141,207,000", "Total Debt": "10,976,713,000", "Net Debt": "8,993,149,000", "Share Issued": "80,746", "Ordinary Shares Number": "73,136", "Treasury Shares Number": "7,609"}, "12/31/2018": {"Duration": "12/31/2018", "Total Assets": "42,369,111,000", "Total Liabilities Net Minority Interest": "20,019,861,000", "Total Equity Gross Minority Interest": "22,349,250,000", "Total Capitalization": "31,058,398,000", "Common Stock Equity": "22,470,822,000", "Capital Lease Obligations": "-", "Net Tangible Assets": "14,018,749,000", "Working Capital": "1,111,282,000", "Invested Capital": "32,122,670,000", "Tangible Book Value": "14,018,749,000", "Total Debt": "9,651,848,000", "Net Debt": "8,145,149,000", "Share Issued": "80,746", "Ordinary Shares Number": "71,870", "Treasury Shares Number": "8,876"}}, "cf": {"TTM": {"Duration": "TTM", "Operating Cash Flow": "4,100,749,000", "Investing Cash Flow": "-4,421,420,000", "Financing Cash Flow": "-430,622,000", "End Cash Position": "307,154,000", "Capital Expenditure": "-3,557,068,000", "Issuance of Capital Stock": "0", "Issuance of Debt": "3,200,177,000", "Repayment of Debt": "-2,927,442,000", "Repurchase of Capital Stock": "-426,664,000", "Free Cash Flow": "543,681,000"}, "12/31/2020": {"Duration": "12/31/2020", "Operating Cash Flow": "5,821,876,000", "Investing Cash Flow": "-4,250,402,000", "Financing Cash Flow": "-1,457,579,000", "End Cash Position": "1,369,653,000", "Capital Expenditure": "-3,687,776,000", "Issuance of Capital Stock": "0", "Issuance of Debt": "3,445,185,000", "Repayment of Debt": "-3,339,040,000", "Repurchase of Capital Stock": "-426,664,000", "Free Cash Flow": "2,134,100,000"}, "12/31/2019": {"Duration": "12/31/2019", "Operating Cash Flow": "3,986,082,000", "Investing Cash Flow": "-3,582,523,000", "Financing Cash Flow": "-636,834,000", "End Cash Position": "1,270,824,000", "Capital Expenditure": "-3,516,893,000", "Issuance of Capital Stock": "300,000,000", "Issuance of Debt": "1,633,444,000", "Repayment of Debt": "-1,911,293,000", "Repurchase of Capital Stock": "-", "Free Cash Flow": "469,189,000"}, "12/31/2018": {"Duration": "12/31/2018", "Operating Cash Flow": "4,332,580,000", "Investing Cash Flow": "-4,047,725,000", "Financing Cash Flow": "-238,313,000", "End Cash Position": "1,506,699,000", "Capital Expenditure": "-3,295,619,000", "Issuance of Capital Stock": "-", "Issuance of Debt": "3,729,755,000", "Repayment of Debt": "-3,662,023,000", "Repurchase of Capital Stock": "-", "Free Cash Flow": "1,036,961,000"}}}}, {"TDS": {"quote": {"05/11/2021": {"value": "25.50", "Market Cap": "2.917B", "Beta (5Y Monthly)": "1.19", "PE Ratio (TTM)": "13.90", "EPS (TTM)": "1.84", "Earnings Date": "Aug 04, 2021 - Aug 09, 2021", "Forward Dividend & Yield": "0.70 (2.75%)", "Ex-Dividend Date": "Mar 16, 2021", "1y Target Est": "32.50"}}, "fin": {"TTM": {"Duration": "TTM", "Total Revenue": "5,225,000", "Cost of Revenue": "2,354,000", "Gross Profit": "2,871,000", "Operating Expense": "2,590,000", "Operating Income": "281,000", "Net Non Operating Interest Income Expense": "-153,000", "Other Income Expense": "160,000", "Pretax Income": "288,000", "Tax Provision": "19,000", "Net Income Common Stockholders": "226,000", "Average Dilution Earnings": "-3,000", "Diluted NI Available to Com Stockholders": "223,000", "Basic EPS": "-", "Diluted EPS": "-", "Basic Average Shares": "-", "Diluted Average Shares": "-", "Total Operating Income as Reported": "259,000", "Total Expenses": "4,944,000", "Net Income from Continuing & Discontinued Operation": "226,000", "Normalized Income": "244,720", "Interest Income": "15,000", "Interest Expense": "168,000", "Net Interest Income": "-153,000", "EBIT": "456,000", "EBITDA": "1,365,000", "Reconciled Cost of Revenue": "2,354,000", "Reconciled Depreciation": "909,000", "Net Income from Continuing Operation Net Minority Interest": "226,000", "Total Unusual Items Excluding Goodwill": "-20,000", "Total Unusual Items": "-20,000", "Normalized EBITDA": "1,385,000", "Tax Rate for Calcs": "0", "Tax Effect of Unusual Items": "-1,280"}, "12/31/2020": {"Duration": "12/31/2020", "Total Revenue": "5,225,000", "Cost of Revenue": "2,354,000", "Gross Profit": "2,871,000", "Operating Expense": "2,590,000", "Operating Income": "281,000", "Net Non Operating Interest Income Expense": "-153,000", "Other Income Expense": "160,000", "Pretax Income": "288,000", "Tax Provision": "19,000", "Net Income Common Stockholders": "226,000", "Average Dilution Earnings": "-3,000", "Diluted NI Available to Com Stockholders": "223,000", "Basic EPS": "-", "Diluted EPS": "-", "Basic Average Shares": "-", "Diluted Average Shares": "-", "Total Operating Income as Reported": "259,000", "Total Expenses": "4,944,000", "Net Income from Continuing & Discontinued Operation": "226,000", "Normalized Income": "244,720", "Interest Income": "15,000", "Interest Expense": "168,000", "Net Interest Income": "-153,000", "EBIT": "456,000", "EBITDA": "-", "Reconciled Cost of Revenue": "2,354,000", "Reconciled Depreciation": "909,000", "Net Income from Continuing Operation Net Minority Interest": "226,000", "Total Unusual Items Excluding Goodwill": "-20,000", "Total Unusual Items": "-20,000", "Normalized EBITDA": "1,385,000", "Tax Rate for Calcs": "0", "Tax Effect of Unusual Items": "-1,280"}, "12/31/2019": {"Duration": "12/31/2019", "Total Revenue": "5,176,000", "Cost of Revenue": "2,337,000", "Gross Profit": "2,839,000", "Operating Expense": "2,649,000", "Operating Income": "190,000", "Net Non Operating Interest Income Expense": "-136,000", "Other Income Expense": "157,000", "Pretax Income": "211,000", "Tax Provision": "64,000", "Net Income Common Stockholders": "121,000", "Average Dilution Earnings": "-1,000", "Diluted NI Available to Com Stockholders": "120,000", "Basic EPS": "1.06", "Diluted EPS": "1.03", "Basic Average Shares": "114,000", "Diluted Average Shares": "116,000", "Total Operating Income as Reported": "179,000", "Total Expenses": "4,986,000", "Net Income from Continuing & Discontinued Operation": "121,000", "Normalized Income": "128,667", "Interest Income": "29,000", "Interest Expense": "165,000", "Net Interest Income": "-136,000", "EBIT": "376,000", "EBITDA": "-", "Reconciled Cost of Revenue": "2,337,000", "Reconciled Depreciation": "932,000", "Net Income from Continuing Operation Net Minority Interest": "121,000", "Total Unusual Items Excluding Goodwill": "-11,000", "Total Unusual Items": "-11,000", "Normalized EBITDA": "1,319,000", "Tax Rate for Calcs": "0", "Tax Effect of Unusual Items": "-3,333"}, "12/31/2018": {"Duration": "12/31/2018", "Total Revenue": "5,109,000", "Cost of Revenue": "2,336,000", "Gross Profit": "2,773,000", "Operating Expense": "2,577,000", "Operating Income": "196,000", "Net Non Operating Interest Income Expense": "-146,000", "Other Income Expense": "171,000", "Pretax Income": "221,000", "Tax Provision": "46,000", "Net Income Common Stockholders": "135,000", "Average Dilution Earnings": "-2,000", "Diluted NI Available to Com Stockholders": "133,000", "Basic EPS": "1.20", "Diluted EPS": "1.17", "Basic Average Shares": "112,000", "Diluted Average Shares": "114,000", "Total Operating Income as Reported": "205,000", "Total Expenses": "4,913,000", "Net Income from Continuing & Discontinued Operation": "135,000", "Normalized Income": "127,890", "Interest Income": "26,000", "Interest Expense": "172,000", "Net Interest Income": "-146,000", "EBIT": "393,000", "EBITDA": "-", "Reconciled Cost of Revenue": "2,336,000", "Reconciled Depreciation": "883,000", "Net Income from Continuing Operation Net Minority Interest": "135,000", "Total Unusual Items Excluding Goodwill": "9,000", "Total Unusual Items": "9,000", "Normalized EBITDA": "1,267,000", "Tax Rate for Calcs": "0", "Tax Effect of Unusual Items": "1,890"}}, "bs": {"12/31/2020": {"Duration": "12/31/2020", "Total Assets": "12,525,000", "Total Liabilities Net Minority Interest": "6,932,000", "Total Equity Gross Minority Interest": "5,593,000", "Total Capitalization": "8,228,000", "Common Stock Equity": "4,804,000", "Capital Lease Obligations": "1,069,000", "Net Tangible Assets": "1,406,000", "Working Capital": "1,873,000", "Invested Capital": "8,233,000", "Tangible Book Value": "1,406,000", "Total Debt": "4,498,000", "Net Debt": "2,000,000", "Share Issued": "133,356", "Ordinary Shares Number": "114,356", "Treasury Shares Number": "19,000"}, "12/31/2019": {"Duration": "12/31/2019", "Total Assets": "10,781,000", "Total Liabilities Net Minority Interest": "5,377,000", "Total Equity Gross Minority Interest": "5,404,000", "Total Capitalization": "6,969,000", "Common Stock Equity": "4,653,000", "Capital Lease Obligations": "1,047,000", "Net Tangible Assets": "1,387,000", "Working Capital": "959,000", "Invested Capital": "6,979,000", "Tangible Book Value": "1,387,000", "Total Debt": "3,373,000", "Net Debt": "1,861,000", "Share Issued": "133,000", "Ordinary Shares Number": "115,000", "Treasury Shares Number": "18,000"}, "12/31/2018": {"Duration": "12/31/2018", "Total Assets": "9,783,000", "Total Liabilities Net Minority Interest": "4,490,000", "Total Equity Gross Minority Interest": "5,293,000", "Total Capitalization": "6,978,000", "Common Stock Equity": "4,560,000", "Capital Lease Obligations": "-", "Net Tangible Assets": "1,603,000", "Working Capital": "1,451,000", "Invested Capital": "6,999,000", "Tangible Book Value": "1,603,000", "Total Debt": "2,439,000", "Net Debt": "1,518,000", "Share Issued": "133,000", "Ordinary Shares Number": "114,000", "Treasury Shares Number": "19,000"}}, "cf": {"TTM": {"Duration": "TTM", "Operating Cash Flow": "1,532,000", "Investing Cash Flow": "-1,511,000", "Financing Cash Flow": "957,000", "End Cash Position": "1,452,000", "Capital Expenditure": "-1,368,000", "Issuance of Capital Stock": "-", "Issuance of Debt": "1,250,000", "Repayment of Debt": "-110,000", "Repurchase of Capital Stock": "-37,000", "Free Cash Flow": "164,000"}, "12/31/2020": {"Duration": "12/31/2020", "Operating Cash Flow": "1,532,000", "Investing Cash Flow": "-1,511,000", "Financing Cash Flow": "957,000", "End Cash Position": "1,452,000", "Capital Expenditure": "-1,368,000", "Issuance of Capital Stock": "-", "Issuance of Debt": "1,250,000", "Repayment of Debt": "-110,000", "Repurchase of Capital Stock": "-37,000", "Free Cash Flow": "164,000"}, "12/31/2019": {"Duration": "12/31/2019", "Operating Cash Flow": "1,016,000", "Investing Cash Flow": "-1,249,000", "Financing Cash Flow": "-220,000", "End Cash Position": "474,000", "Capital Expenditure": "-957,000", "Issuance of Capital Stock": "-", "Issuance of Debt": "-", "Repayment of Debt": "-118,000", "Repurchase of Capital Stock": "-21,000", "Free Cash Flow": "59,000"}, "12/31/2018": {"Duration": "12/31/2018", "Operating Cash Flow": "1,017,000", "Investing Cash Flow": "-680,000", "Financing Cash Flow": "-32,000", "End Cash Position": "927,000", "Capital Expenditure": "-776,000", "Issuance of Capital Stock": "60,000", "Issuance of Debt": "0", "Repayment of Debt": "-20,000", "Repurchase of Capital Stock": "0", "Free Cash Flow": "241,000"}}}}, {"DTGI": {"quote": {"05/11/2021": {"value": "0.1261", "Market Cap": "17.27M", "Beta (5Y Monthly)": "1.38", "PE Ratio (TTM)": "N/A", "EPS (TTM)": "-0.0420", "Earnings Date": "Mar 17, 2021", "Forward Dividend & Yield": "N/A (N/A)", "Ex-Dividend Date": "N/A", "1y Target Est": "N/A"}}, "fin": {"TTM": {"Duration": "TTM", "Total Revenue": "6,242", "Cost of Revenue": "2,980", "Gross Profit": "3,262", "Operating Expense": "5,334", "Operating Income": "-2,072", "Net Non Operating Interest Income Expense": "-1,729", "Other Income Expense": "1,156", "Pretax Income": "-2,645", "Tax Provision": "14", "Net Income Common Stockholders": "-2,614", "Diluted NI Available to Com Stockholders": "-2,614", "Basic EPS": "-", "Diluted EPS": "-", "Basic Average Shares": "-", "Diluted Average Shares": "-", "Total Operating Income as Reported": "-2,067", "Total Expenses": "8,314", "Net Income from Continuing & Discontinued Operation": "-2,590", "Normalized Income": "-3,251", "Interest Expense": "1,729", "Net Interest Income": "-1,729", "EBIT": "-916", "EBITDA": "-217", "Reconciled Cost of Revenue": "2,892", "Reconciled Depreciation": "699", "Net Income from Continuing Operation Net Minority Interest": "-2,590", "Total Unusual Items Excluding Goodwill": "906", "Total Unusual Items": "906", "Normalized EBITDA": "-1,123", "Tax Rate for Calcs": "0", "Tax Effect of Unusual Items": "244.62"}, "7/31/2020": {"Duration": "7/31/2020", "Total Revenue": "6,279", "Cost of Revenue": "3,035", "Gross Profit": "3,244", "Operating Expense": "5,361", "Operating Income": "-2,117", "Net Non Operating Interest Income Expense": "-1,853", "Other Income Expense": "513", "Pretax Income": "-3,457", "Tax Provision": "-33", "Net Income Common Stockholders": "-3,396", "Diluted NI Available to Com Stockholders": "-3,396", "Basic EPS": "-0.06", "Diluted EPS": "-0.06", "Basic Average Shares": "53,884", "Diluted Average Shares": "53,884", "Total Operating Income as Reported": "-2,112", "Total Expenses": "8,396", "Net Income from Continuing & Discontinued Operation": "-3,377", "Normalized Income": "-3,774", "Interest Expense": "1,853", "Net Interest Income": "-1,853", "EBIT": "-1,604", "EBITDA": "-", "Reconciled Cost of Revenue": "2,895", "Reconciled Depreciation": "753", "Net Income from Continuing Operation Net Minority Interest": "-3,377", "Total Unusual Items Excluding Goodwill": "397", "Total Unusual Items": "397", "Normalized EBITDA": "-1,248", "Tax Rate for Calcs": "0", "Tax Effect of Unusual Items": "0"}, "7/31/2019": {"Duration": "7/31/2019", "Total Revenue": "6,040", "Cost of Revenue": "3,128", "Gross Profit": "2,912", "Operating Expense": "5,267", "Operating Income": "-2,355", "Net Non Operating Interest Income Expense": "-2,166", "Other Income Expense": "-80", "Pretax Income": "-4,601", "Tax Provision": "47", "Net Income Common Stockholders": "-4,549", "Diluted NI Available to Com Stockholders": "-4,549", "Basic EPS": "-0.27", "Diluted EPS": "-0.27", "Basic Average Shares": "16,651", "Diluted Average Shares": "16,651", "Total Operating Income as Reported": "-2,361", "Total Expenses": "8,395", "Net Income from Continuing & Discontinued Operation": "-4,520", "Normalized Income": "-4,440", "Interest Expense": "-", "Net Interest Income": "-2,166", "EBIT": "-2,355", "EBITDA": "-", "Reconciled Cost of Revenue": "3,128", "Reconciled Depreciation": "669", "Net Income from Continuing Operation Net Minority Interest": "-4,520", "Total Unusual Items Excluding Goodwill": "-80", "Total Unusual Items": "-80", "Normalized EBITDA": "-1,606", "Tax Rate for Calcs": "0", "Tax Effect of Unusual Items": "0"}, "7/31/2018": {"Duration": "7/31/2018", "Total Revenue": "2,001", "Cost of Revenue": "1,053", "Gross Profit": "948", "Operating Expense": "3,801", "Operating Income": "-2,853", "Net Non Operating Interest Income Expense": "-379", "Other Income Expense": "-106", "Pretax Income": "-3,338", "Tax Provision": "-118", "Net Income Common Stockholders": "-3,163", "Diluted NI Available to Com Stockholders": "-3,163", "Basic EPS": "-0.31", "Diluted EPS": "-0.31", "Basic Average Shares": "10,339", "Diluted Average Shares": "10,339", "Total Operating Income as Reported": "-2,868", "Total Expenses": "4,854", "Net Income from Continuing & Discontinued Operation": "-3,163", "Normalized Income": "-3,061", "Interest Expense": "-", "Net Interest Income": "-379", "EBIT": "-2,853", "EBITDA": "-", "Reconciled Cost of Revenue": "1,053", "Reconciled Depreciation": "227", "Net Income from Continuing Operation Net Minority Interest": "-3,163", "Total Unusual Items Excluding Goodwill": "-106", "Total Unusual Items": "-106", "Normalized EBITDA": "-2,520", "Tax Rate for Calcs": "0", "Tax Effect of Unusual Items": "-3.7472"}}, "bs": {"7/31/2020": {"Duration": "7/31/2020", "Total Assets": "4,350", "Total Liabilities Net Minority Interest": "6,963", "Total Equity Gross Minority Interest": "-2,613", "Total Capitalization": "-1,915", "Common Stock Equity": "-2,231", "Capital Lease Obligations": "176", "Net Tangible Assets": "-4,492", "Working Capital": "-5,316", "Invested Capital": "344", "Tangible Book Value": "-4,492", "Total Debt": "2,751", "Net Debt": "1,890", "Share Issued": "110,324", "Ordinary Shares Number": "101,324", "Treasury Shares Number": "9,000"}, "7/31/2019": {"Duration": "7/31/2019", "Total Assets": "4,239", "Total Liabilities Net Minority Interest": "6,897", "Total Equity Gross Minority Interest": "-2,658", "Total Capitalization": "-2,066", "Common Stock Equity": "-2,323", "Capital Lease Obligations": "165", "Net Tangible Assets": "-4,964", "Working Capital": "-5,865", "Invested Capital": "605", "Tangible Book Value": "-4,964", "Total Debt": "2,928", "Net Debt": "2,522", "Share Issued": "29,740", "Ordinary Shares Number": "23,740", "Treasury Shares Number": "6,000"}, "7/31/2018": {"Duration": "7/31/2018", "Total Assets": "4,559", "Total Liabilities Net Minority Interest": "5,559", "Total Equity Gross Minority Interest": "-1,000", "Total Capitalization": "239", "Common Stock Equity": "-793", "Capital Lease Obligations": "94", "Net Tangible Assets": "-3,839", "Working Capital": "-3,722", "Invested Capital": "1,708", "Tangible Book Value": "-3,839", "Total Debt": "2,595", "Net Debt": "2,113", "Share Issued": "12,775", "Ordinary Shares Number": "12,775", "Treasury Shares Number": "-"}}, "cf": {"TTM": {"Duration": "TTM", "Operating Cash Flow": "114", "Investing Cash Flow": "-671", "Financing Cash Flow": "534", "End Cash Position": "446", "Income Tax Paid Supplemental Data": "0", "Interest Paid Supplemental Data": "588", "Capital Expenditure": "-179", "Issuance of Capital Stock": "-", "Issuance of Debt": "1,219", "Repayment of Debt": "-682", "Free Cash Flow": "-65"}, "7/31/2020": {"Duration": "7/31/2020", "Operating Cash Flow": "54", "Investing Cash Flow": "-212", "Financing Cash Flow": "437", "End Cash Position": "685", "Income Tax Paid Supplemental Data": "0", "Interest Paid Supplemental Data": "547", "Capital Expenditure": "-85", "Issuance of Capital Stock": "99", "Issuance of Debt": "1,061", "Repayment of Debt": "-583", "Free Cash Flow": "-31"}, "7/31/2019": {"Duration": "7/31/2019", "Operating Cash Flow": "-527", "Investing Cash Flow": "-135", "Financing Cash Flow": "680", "End Cash Position": "406", "Income Tax Paid Supplemental Data": "0", "Interest Paid Supplemental Data": "541", "Capital Expenditure": "-52", "Issuance of Capital Stock": "473", "Issuance of Debt": "1,169", "Repayment of Debt": "-929", "Free Cash Flow": "-579"}, "7/31/2018": {"Duration": "7/31/2018", "Operating Cash Flow": "-985", "Investing Cash Flow": "-1,538", "Financing Cash Flow": "2,238", "End Cash Position": "388", "Income Tax Paid Supplemental Data": "116", "Interest Paid Supplemental Data": "143", "Capital Expenditure": "-", "Issuance of Capital Stock": "480", "Issuance of Debt": "2,812", "Repayment of Debt": "-1,069", "Free Cash Flow": "-985"}}}}, {"DIRV": {"quote": {"05/11/2021": {"value": "0.0273", "Market Cap": "61,100", "Beta (5Y Monthly)": "0.90", "PE Ratio (TTM)": "N/A", "EPS (TTM)": "-3.9650", "Earnings Date": "Jun 22, 2020 - Jun 23, 2020", "Forward Dividend & Yield": "N/A (N/A)", "Ex-Dividend Date": "N/A", "1y Target Est": "1.40"}}, "fin": {"TTM": {"Duration": "TTM", "Total Revenue": "3,363", "Cost of Revenue": "2,173", "Gross Profit": "1,190", "Operating Expense": "4,069", "Operating Income": "-2,879", "Net Non Operating Interest Income Expense": "-5,783", "Other Income Expense": "3,152", "Pretax Income": "-5,510", "Net Income Common Stockholders": "-5,514", "Diluted NI Available to Com Stockholders": "-5,514", "Basic EPS": "-", "Diluted EPS": "-", "Basic Average Shares": "-", "Diluted Average Shares": "-", "Total Operating Income as Reported": "-2,882", "Rent Expense Supplemental": "144.036", "Total Expenses": "6,242", "Net Income from Continuing & Discontinued Operation": "-5,514", "Normalized Income": "-8,621", "Interest Income": "-", "Interest Expense": "5,592", "Net Interest Income": "-5,783", "EBIT": "81.971", "EBITDA": "294.9", "Reconciled Cost of Revenue": "2,173", "Reconciled Depreciation": "212.929", "Net Income from Continuing Operation Net Minority Interest": "-5,514", "Total Unusual Items Excluding Goodwill": "3,107", "Total Unusual Items": "3,107", "Normalized EBITDA": "-2,813", "Tax Rate for Calcs": "0", "Tax Effect of Unusual Items": "0"}, "12/31/2018": {"Duration": "12/31/2018", "Total Revenue": "4,106", "Cost of Revenue": "2,501", "Gross Profit": "1,604", "Operating Expense": "4,507", "Operating Income": "-2,903", "Net Non Operating Interest Income Expense": "-4,078", "Other Income Expense": "-3,077", "Pretax Income": "-10,058", "Net Income Common Stockholders": "-10,031", "Diluted NI Available to Com Stockholders": "-10,031", "Basic EPS": "-25.00", "Diluted EPS": "-25.00", "Basic Average Shares": "426.259", "Diluted Average Shares": "426.259", "Total Operating Income as Reported": "-2,903", "Rent Expense Supplemental": "136.452", "Total Expenses": "7,008", "Net Income from Continuing & Discontinued Operation": "-10,031", "Normalized Income": "-6,909", "Interest Income": "-", "Interest Expense": "4,006", "Net Interest Income": "-4,078", "EBIT": "-6,052", "EBITDA": "-", "Reconciled Cost of Revenue": "2,501", "Reconciled Depreciation": "269.033", "Net Income from Continuing Operation Net Minority Interest": "-10,031", "Total Unusual Items Excluding Goodwill": "-3,122", "Total Unusual Items": "-3,122", "Normalized EBITDA": "-2,661", "Tax Rate for Calcs": "0", "Tax Effect of Unusual Items": "0"}}, "bs": {"12/31/2018": {"Duration": "12/31/2018", "Total Assets": "1,974", "Total Liabilities Net Minority Interest": "22,768", "Total Equity Gross Minority Interest": "-20,793", "Total Capitalization": "-20,043", "Common Stock Equity": "-20,769", "Net Tangible Assets": "-22,040", "Working Capital": "-21,351", "Invested Capital": "-15,568", "Tangible Book Value": "-22,040", "Total Debt": "5,201", "Net Debt": "5,100", "Share Issued": "940.059", "Ordinary Shares Number": "940.059"}}, "cf": {"TTM": {"Duration": "TTM", "Operating Cash Flow": "-1,625", "Investing Cash Flow": "0", "Financing Cash Flow": "1,637", "End Cash Position": "191.913", "Income Tax Paid Supplemental Data": "0", "Interest Paid Supplemental Data": "53.317", "Capital Expenditure": "-", "Issuance of Capital Stock": "206.045", "Issuance of Debt": "3,878", "Repayment of Debt": "-2,448", "Free Cash Flow": "-1,625"}, "12/31/2018": {"Duration": "12/31/2018", "Operating Cash Flow": "-1,854", "Investing Cash Flow": "-10.738", "Financing Cash Flow": "1,898", "End Cash Position": "101.116", "Income Tax Paid Supplemental Data": "0", "Interest Paid Supplemental Data": "104.201", "Capital Expenditure": "-10.738", "Issuance of Capital Stock": "291.237", "Issuance of Debt": "4,703", "Repayment of Debt": "-3,097", "Free Cash Flow": "-1,865"}}}}, {"GSAT": {"quote": {"05/11/2021": {"value": "1.0900", "Market Cap": "1.951B", "Beta (5Y Monthly)": "N/A", "PE Ratio (TTM)": "N/A", "EPS (TTM)": "-0.0700", "Earnings Date": "Aug 04, 2021 - Aug 09, 2021", "Forward Dividend & Yield": "N/A (N/A)", "Ex-Dividend Date": "N/A", "1y Target Est": "N/A"}}, "fin": {"TTM": {"Duration": "TTM", "Total Revenue": "131,829", "Cost of Revenue": "53,010", "Gross Profit": "78,819", "Operating Expense": "144,218", "Operating Income": "-65,399", "Net Non Operating Interest Income Expense": "-52,745", "Other Income Expense": "74,895", "Pretax Income": "-43,249", "Tax Provision": "133", "Net Income Common Stockholders": "-43,382", "Average Dilution Earnings": "-126,007", "Diluted NI Available to Com Stockholders": "-36,051", "Basic EPS": "-", "Diluted EPS": "-", "Basic Average Shares": "-", "Diluted Average Shares": "-", "Total Operating Income as Reported": "-65,399", "Total Expenses": "197,228", "Net Income from Continuing & Discontinued Operation": "15,324", "Normalized Income": "-100,012", "Interest Expense": "-", "Net Interest Income": "-62,464", "EBIT": "-65,399", "EBITDA": "30,133", "Reconciled Cost of Revenue": "53,010", "Reconciled Depreciation": "95,772", "Net Income from Continuing Operation Net Minority Interest": "-43,382", "Total Unusual Items Excluding Goodwill": "77,576", "Total Unusual Items": "77,576", "Normalized EBITDA": "-47,443", "Tax Rate for Calcs": "0", "Tax Effect of Unusual Items": "20,946"}, "12/31/2020": {"Duration": "12/31/2020", "Total Revenue": "128,487", "Cost of Revenue": "48,681", "Gross Profit": "79,806", "Operating Expense": "138,553", "Operating Income": "-58,747", "Net Non Operating Interest Income Expense": "-48,429", "Other Income Expense": "-1,801", "Pretax Income": "-108,977", "Tax Provision": "662", "Net Income Common Stockholders": "-109,639", "Average Dilution Earnings": "-", "Diluted NI Available to Com Stockholders": "-109,639", "Basic EPS": "-0.07", "Diluted EPS": "-0.07", "Basic Average Shares": "1,642,359", "Diluted Average Shares": "1,642,359", "Total Operating Income as Reported": "-59,163", "Total Expenses": "187,234", "Net Income from Continuing & Discontinued Operation": "-109,639", "Normalized Income": "-110,919", "Interest Expense": "48,429", "Net Interest Income": "-48,429", "EBIT": "-58,747", "EBITDA": "-", "Reconciled Cost of Revenue": "48,681", "Reconciled Depreciation": "96,815", "Net Income from Continuing Operation Net Minority Interest": "-109,639", "Total Unusual Items Excluding Goodwill": "1,754", "Total Unusual Items": "1,754", "Normalized EBITDA": "36,314", "Tax Rate for Calcs": "0", "Tax Effect of Unusual Items": "473.58"}, "12/31/2019": {"Duration": "12/31/2019", "Total Revenue": "131,718", "Cost of Revenue": "53,635", "Gross Profit": "78,083", "Operating Expense": "141,005", "Operating Income": "-62,922", "Net Non Operating Interest Income Expense": "-62,464", "Other Income Expense": "141,255", "Pretax Income": "15,869", "Tax Provision": "545", "Net Income Common Stockholders": "15,324", "Average Dilution Earnings": "-126,007", "Diluted NI Available to Com Stockholders": "-110,683", "Basic EPS": "0.01", "Diluted EPS": "-0.07", "Basic Average Shares": "1,450,768", "Diluted Average Shares": "1,655,191", "Total Operating Income as Reported": "-64,046", "Total Expenses": "194,640", "Net Income from Continuing & Discontinued Operation": "15,324", "Normalized Income": "-123,797", "Interest Expense": "62,464", "Net Interest Income": "-62,464", "EBIT": "78,333", "EBITDA": "-", "Reconciled Cost of Revenue": "53,635", "Reconciled Depreciation": "95,772", "Net Income from Continuing Operation Net Minority Interest": "15,324", "Total Unusual Items Excluding Goodwill": "144,069", "Total Unusual Items": "144,069", "Normalized EBITDA": "30,036", "Tax Rate for Calcs": "0", "Tax Effect of Unusual Items": "4,948"}, "12/31/2018": {"Duration": "12/31/2018", "Total Revenue": "130,113", "Cost of Revenue": "52,089", "Gross Profit": "78,024", "Operating Expense": "145,881", "Operating Income": "-67,857", "Net Non Operating Interest Income Expense": "-43,612", "Other Income Expense": "105,078", "Pretax Income": "-6,391", "Tax Provision": "125", "Net Income Common Stockholders": "-6,516", "Average Dilution Earnings": "-", "Diluted NI Available to Com Stockholders": "-6,516", "Basic EPS": "-0.01", "Diluted EPS": "-0.01", "Basic Average Shares": "1,269,548", "Diluted Average Shares": "1,269,548", "Total Operating Income as Reported": "-47,379", "Total Expenses": "197,970", "Net Income from Continuing & Discontinued Operation": "-6,516", "Normalized Income": "-85,631", "Interest Expense": "43,612", "Net Interest Income": "-43,612", "EBIT": "37,221", "EBITDA": "-", "Reconciled Cost of Revenue": "52,089", "Reconciled Depreciation": "90,438", "Net Income from Continuing Operation Net Minority Interest": "-6,516", "Total Unusual Items Excluding Goodwill": "108,377", "Total Unusual Items": "108,377", "Normalized EBITDA": "19,282", "Tax Rate for Calcs": "0", "Tax Effect of Unusual Items": "29,262"}}, "bs": {"12/31/2020": {"Duration": "12/31/2020", "Total Assets": "888,093", "Total Liabilities Net Minority Interest": "465,028", "Total Equity Gross Minority Interest": "423,065", "Total Capitalization": "749,651", "Common Stock Equity": "423,065", "Capital Lease Obligations": "15,056", "Net Tangible Assets": "395,545", "Working Capital": "-45,728", "Invested Capital": "808,475", "Tangible Book Value": "395,545", "Total Debt": "400,466", "Net Debt": "372,080", "Share Issued": "1,674,669", "Ordinary Shares Number": "1,674,669"}, "12/31/2019": {"Duration": "12/31/2019", "Total Assets": "965,590", "Total Liabilities Net Minority Interest": "558,247", "Total Equity Gross Minority Interest": "407,343", "Total Capitalization": "871,519", "Common Stock Equity": "407,343", "Capital Lease Obligations": "16,400", "Net Tangible Assets": "400,423", "Working Capital": "200", "Invested Capital": "871,519", "Tangible Book Value": "400,423", "Total Debt": "480,576", "Net Debt": "456,570", "Share Issued": "1,464,544", "Ordinary Shares Number": "1,464,544"}, "12/31/2018": {"Duration": "12/31/2018", "Total Assets": "1,045,482", "Total Liabilities Net Minority Interest": "686,537", "Total Equity Gross Minority Interest": "358,945", "Total Capitalization": "726,147", "Common Stock Equity": "358,945", "Capital Lease Obligations": "77", "Net Tangible Assets": "353,702", "Working Capital": "-37,179", "Invested Capital": "822,396", "Tangible Book Value": "353,702", "Total Debt": "463,528", "Net Debt": "448,239", "Share Issued": "1,446,784", "Ordinary Shares Number": "1,446,784"}}, "cf": {"TTM": {"Duration": "TTM", "Operating Cash Flow": "-7,804", "Investing Cash Flow": "-11,845", "Financing Cash Flow": "33,908", "End Cash Position": "87,655", "Income Tax Paid Supplemental Data": "45", "Interest Paid Supplemental Data": "26,680", "Capital Expenditure": "-12,000", "Issuance of Capital Stock": "59,953", "Issuance of Debt": "254,990", "Repayment of Debt": "-86,368", "Free Cash Flow": "-19,804"}, "12/31/2020": {"Duration": "12/31/2020", "Operating Cash Flow": "22,215", "Investing Cash Flow": "-14,536", "Financing Cash Flow": "1,164", "End Cash Position": "68,023", "Income Tax Paid Supplemental Data": "68", "Interest Paid Supplemental Data": "10,918", "Capital Expenditure": "-7,219", "Issuance of Capital Stock": "638", "Issuance of Debt": "4,973", "Repayment of Debt": "-3,373", "Free Cash Flow": "14,996"}, "12/31/2019": {"Duration": "12/31/2019", "Operating Cash Flow": "3,048", "Investing Cash Flow": "-11,491", "Financing Cash Flow": "-7,923", "End Cash Position": "59,128", "Income Tax Paid Supplemental Data": "45", "Interest Paid Supplemental Data": "27,353", "Capital Expenditure": "-8,149", "Issuance of Capital Stock": "4,282", "Issuance of Debt": "254,990", "Repayment of Debt": "-261,029", "Free Cash Flow": "-5,101"}, "12/31/2018": {"Duration": "12/31/2018", "Operating Cash Flow": "5,920", "Investing Cash Flow": "-17,401", "Financing Cash Flow": "-18,196", "End Cash Position": "75,490", "Income Tax Paid Supplemental Data": "155", "Interest Paid Supplemental Data": "25,867", "Capital Expenditure": "-10,369", "Issuance of Capital Stock": "59,946", "Issuance of Debt": "-", "Repayment of Debt": "-77,866", "Free Cash Flow": "-4,449"}}}}, {"SPOK": {"quote": {"05/11/2021": {"value": "10.25", "Market Cap": "198.698M", "Beta (5Y Monthly)": "0.27", "PE Ratio (TTM)": "N/A", "EPS (TTM)": "-2.20", "Earnings Date": "Jul 27, 2021 - Aug 02, 2021", "Forward Dividend & Yield": "0.50 (4.90%)", "Ex-Dividend Date": "May 24, 2021", "1y Target Est": "N/A"}}, "fin": {"TTM": {"Duration": "TTM", "Total Revenue": "152,007", "Cost of Revenue": "29,406", "Gross Profit": "122,601", "Operating Expense": "128,503", "Operating Income": "-5,902", "Net Non Operating Interest Income Expense": "1,259", "Other Income Expense": "-9,646", "Pretax Income": "-14,289", "Tax Provision": "-2,672", "Net Income Common Stockholders": "-11,617", "Diluted NI Available to Com Stockholders": "-11,617", "Basic EPS": "-", "Diluted EPS": "-", "Basic Average Shares": "-", "Diluted Average Shares": "-", "Total Operating Income as Reported": "-15,879", "Rent Expense Supplemental": "8,666", "Total Expenses": "157,909", "Net Income from Continuing & Discontinued Operation": "-11,617", "Normalized Income": "-3,506", "Interest Income": "1,259", "Net Interest Income": "1,259", "EBIT": "-5,902", "EBITDA": "2,871", "Reconciled Cost of Revenue": "28,895", "Reconciled Depreciation": "8,773", "Net Income from Continuing Operation Net Minority Interest": "-11,617", "Total Unusual Items Excluding Goodwill": "-9,977", "Total Unusual Items": "-9,977", "Normalized EBITDA": "12,848", "Tax Rate for Calcs": "0", "Tax Effect of Unusual Items": "-1,866"}, "12/31/2020": {"Duration": "12/31/2020", "Total Revenue": "148,180", "Cost of Revenue": "28,542", "Gross Profit": "119,638", "Operating Expense": "116,245", "Operating Income": "3,393", "Net Non Operating Interest Income Expense": "687", "Other Income Expense": "-25,850", "Pretax Income": "-21,770", "Tax Provision": "22,455", "Net Income Common Stockholders": "-44,225", "Diluted NI Available to Com Stockholders": "-44,225", "Basic EPS": "-", "Diluted EPS": "-", "Basic Average Shares": "-", "Diluted Average Shares": "-", "Total Operating Income as Reported": "-22,665", "Rent Expense Supplemental": "22,594", "Total Expenses": "144,787", "Net Income from Continuing & Discontinued Operation": "-44,225", "Normalized Income": "-25,203", "Interest Income": "687", "Net Interest Income": "687", "EBIT": "3,393", "EBITDA": "-", "Reconciled Cost of Revenue": "28,071", "Reconciled Depreciation": "9,056", "Net Income from Continuing Operation Net Minority Interest": "-44,225", "Total Unusual Items Excluding Goodwill": "-26,058", "Total Unusual Items": "-26,058", "Normalized EBITDA": "38,507", "Tax Rate for Calcs": "0", "Tax Effect of Unusual Items": "-7,036"}, "12/31/2019": {"Duration": "12/31/2019", "Total Revenue": "160,289", "Cost of Revenue": "30,072", "Gross Profit": "130,217", "Operating Expense": "136,508", "Operating Income": "-6,291", "Net Non Operating Interest Income Expense": "1,651", "Other Income Expense": "-8,783", "Pretax Income": "-13,423", "Tax Provision": "-2,658", "Net Income Common Stockholders": "-10,765", "Diluted NI Available to Com Stockholders": "-10,765", "Basic EPS": "-0.56", "Diluted EPS": "-0.56", "Basic Average Shares": "19,089", "Diluted Average Shares": "19,089", "Total Operating Income as Reported": "-15,809", "Rent Expense Supplemental": "9,099", "Total Expenses": "166,580", "Net Income from Continuing & Discontinued Operation": "-10,765", "Normalized Income": "-3,132", "Interest Income": "1,651", "Net Interest Income": "1,651", "EBIT": "-6,291", "EBITDA": "-", "Reconciled Cost of Revenue": "29,520", "Reconciled Depreciation": "9,249", "Net Income from Continuing Operation Net Minority Interest": "-10,765", "Total Unusual Items Excluding Goodwill": "-9,518", "Total Unusual Items": "-9,518", "Normalized EBITDA": "12,476", "Tax Rate for Calcs": "0", "Tax Effect of Unusual Items": "-1,885"}, "12/31/2018": {"Duration": "12/31/2018", "Total Revenue": "169,474", "Cost of Revenue": "32,408", "Gross Profit": "137,066", "Operating Expense": "138,615", "Operating Income": "-1,549", "Net Non Operating Interest Income Expense": "1,638", "Other Income Expense": "-2,274", "Pretax Income": "-2,185", "Tax Provision": "-706", "Net Income Common Stockholders": "-1,479", "Diluted NI Available to Com Stockholders": "-1,479", "Basic EPS": "-0.08", "Diluted EPS": "-0.08", "Basic Average Shares": "19,668", "Diluted Average Shares": "19,668", "Total Operating Income as Reported": "-3,173", "Rent Expense Supplemental": "6,492", "Total Expenses": "171,023", "Net Income from Continuing & Discontinued Operation": "-1,479", "Normalized Income": "-379.552", "Interest Income": "1,638", "Net Interest Income": "1,638", "EBIT": "-1,549", "EBITDA": "-", "Reconciled Cost of Revenue": "31,866", "Reconciled Depreciation": "10,769", "Net Income from Continuing Operation Net Minority Interest": "-1,479", "Total Unusual Items Excluding Goodwill": "-1,624", "Total Unusual Items": "-1,624", "Normalized EBITDA": "10,844", "Tax Rate for Calcs": "0", "Tax Effect of Unusual Items": "-524.552"}}, "bs": {"12/31/2020": {"Duration": "12/31/2020", "Total Assets": "277,291", "Total Liabilities Net Minority Interest": "76,678", "Total Equity Gross Minority Interest": "200,613", "Total Capitalization": "200,613", "Common Stock Equity": "200,613", "Capital Lease Obligations": "14,720", "Net Tangible Assets": "90,842", "Working Capital": "61,445", "Invested Capital": "200,613", "Tangible Book Value": "90,842", "Total Debt": "14,720", "Share Issued": "19,384", "Ordinary Shares Number": "19,384"}, "12/31/2019": {"Duration": "12/31/2019", "Total Assets": "319,872", "Total Liabilities Net Minority Interest": "69,778", "Total Equity Gross Minority Interest": "250,094", "Total Capitalization": "250,094", "Common Stock Equity": "250,094", "Capital Lease Obligations": "17,012", "Net Tangible Assets": "122,995", "Working Capital": "66,482", "Invested Capital": "250,094", "Tangible Book Value": "122,995", "Total Debt": "17,012", "Share Issued": "19,072", "Ordinary Shares Number": "19,072"}, "12/31/2018": {"Duration": "12/31/2018", "Total Assets": "327,712", "Total Liabilities Net Minority Interest": "53,158", "Total Equity Gross Minority Interest": "274,554", "Total Capitalization": "274,554", "Common Stock Equity": "274,554", "Capital Lease Obligations": "-", "Net Tangible Assets": "136,106", "Working Capital": "86,030", "Invested Capital": "274,554", "Tangible Book Value": "136,106", "Total Debt": "-", "Share Issued": "19,389", "Ordinary Shares Number": "19,389"}}, "cf": {"TTM": {"Duration": "TTM", "Operating Cash Flow": "17,383", "Investing Cash Flow": "-8,861", "Financing Cash Flow": "-15,141", "End Cash Position": "41,210", "Income Tax Paid Supplemental Data": "366", "Capital Expenditure": "-9,249", "Issuance of Capital Stock": "301", "Repurchase of Capital Stock": "-5,668", "Free Cash Flow": "8,134"}, "12/31/2020": {"Duration": "12/31/2020", "Operating Cash Flow": "26,163", "Investing Cash Flow": "-14,571", "Financing Cash Flow": "-10,373", "End Cash Position": "48,729", "Income Tax Paid Supplemental Data": "1", "Capital Expenditure": "-14,707", "Issuance of Capital Stock": "301", "Repurchase of Capital Stock": "-903", "Free Cash Flow": "11,456"}, "12/31/2019": {"Duration": "12/31/2019", "Operating Cash Flow": "11,693", "Investing Cash Flow": "-30,222", "Financing Cash Flow": "-17,153", "End Cash Position": "47,361", "Income Tax Paid Supplemental Data": "901", "Capital Expenditure": "-4,837", "Issuance of Capital Stock": "-", "Repurchase of Capital Stock": "-7,592", "Free Cash Flow": "6,856"}, "12/31/2018": {"Duration": "12/31/2018", "Operating Cash Flow": "10,315", "Investing Cash Flow": "-5,826", "Financing Cash Flow": "-24,276", "End Cash Position": "83,343", "Income Tax Paid Supplemental Data": "1,061", "Capital Expenditure": "-5,915", "Issuance of Capital Stock": "247", "Repurchase of Capital Stock": "-14,459", "Free Cash Flow": "4,400"}}}}, {"TMUS": {"quote": {"05/11/2021": {"value": "135.81", "Market Cap": "169.336B", "Beta (5Y Monthly)": "0.58", "PE Ratio (TTM)": "56.07", "EPS (TTM)": "2.42", "Earnings Date": "Aug 04, 2021 - Aug 09, 2021", "Forward Dividend & Yield": "N/A (N/A)", "Ex-Dividend Date": "May 01, 2013", "1y Target Est": "163.06"}}, "fin": {"TTM": {"Duration": "TTM", "Total Revenue": "68,397,000", "Cost of Revenue": "28,266,000", "Gross Profit": "40,131,000", "Operating Expense": "33,077,000", "Operating Income": "7,054,000", "Net Non Operating Interest Income Expense": "-2,701,000", "Other Income Expense": "-823,000", "Pretax Income": "3,530,000", "Tax Provision": "786,000", "Net Income Common Stockholders": "3,064,000", "Average Dilution Earnings": "-", "Diluted NI Available to Com Stockholders": "3,064,000", "Basic EPS": "-", "Diluted EPS": "-", "Basic Average Shares": "-", "Diluted Average Shares": "-", "Total Operating Income as Reported": "6,636,000", "Total Expenses": "61,343,000", "Net Income from Continuing & Discontinued Operation": "3,064,000", "Normalized Income": "3,068,786", "Interest Income": "29,000", "Interest Expense": "2,730,000", "Net Interest Income": "-2,701,000", "EBIT": "6,260,000", "EBITDA": "20,411,000", "Reconciled Cost of Revenue": "28,266,000", "Reconciled Depreciation": "14,151,000", "Net Income from Continuing Operation Net Minority Interest": "2,744,000", "Total Unusual Items Excluding Goodwill": "-418,000", "Total Unusual Items": "-418,000", "Normalized EBITDA": "20,829,000", "Tax Rate for Calcs": "0", "Tax Effect of Unusual Items": "-93,214"}, "12/31/2020": {"Duration": "12/31/2020", "Total Revenue": "68,397,000", "Cost of Revenue": "28,266,000", "Gross Profit": "40,131,000", "Operating Expense": "33,077,000", "Operating Income": "7,054,000", "Net Non Operating Interest Income Expense": "-2,701,000", "Other Income Expense": "-823,000", "Pretax Income": "3,530,000", "Tax Provision": "786,000", "Net Income Common Stockholders": "3,064,000", "Average Dilution Earnings": "-", "Diluted NI Available to Com Stockholders": "3,064,000", "Basic EPS": "2.68", "Diluted EPS": "2.65", "Basic Average Shares": "1,144,206", "Diluted Average Shares": "1,154,749", "Total Operating Income as Reported": "6,636,000", "Total Expenses": "61,343,000", "Net Income from Continuing & Discontinued Operation": "3,064,000", "Normalized Income": "3,068,786", "Interest Income": "29,000", "Interest Expense": "2,730,000", "Net Interest Income": "-2,701,000", "EBIT": "6,260,000", "EBITDA": "-", "Reconciled Cost of Revenue": "28,266,000", "Reconciled Depreciation": "14,151,000", "Net Income from Continuing Operation Net Minority Interest": "2,744,000", "Total Unusual Items Excluding Goodwill": "-418,000", "Total Unusual Items": "-418,000", "Normalized EBITDA": "20,829,000", "Tax Rate for Calcs": "0", "Tax Effect of Unusual Items": "-93,214"}, "12/31/2019": {"Duration": "12/31/2019", "Total Revenue": "44,998,000", "Cost of Revenue": "18,521,000", "Gross Profit": "26,477,000", "Operating Expense": "20,755,000", "Operating Income": "5,722,000", "Net Non Operating Interest Income Expense": "-1,111,000", "Other Income Expense": "-8,000", "Pretax Income": "4,603,000", "Tax Provision": "1,135,000", "Net Income Common Stockholders": "3,468,000", "Average Dilution Earnings": "-", "Diluted NI Available to Com Stockholders": "3,468,000", "Basic EPS": "4.06", "Diluted EPS": "4.02", "Basic Average Shares": "854,144", "Diluted Average Shares": "863,434", "Total Operating Income as Reported": "5,722,000", "Total Expenses": "39,276,000", "Net Income from Continuing & Discontinued Operation": "3,468,000", "Normalized Income": "3,468,000", "Interest Income": "24,000", "Interest Expense": "1,135,000", "Net Interest Income": "-1,111,000", "EBIT": "5,738,000", "EBITDA": "-", "Reconciled Cost of Revenue": "18,521,000", "Reconciled Depreciation": "6,616,000", "Net Income from Continuing Operation Net Minority Interest": "3,468,000", "Total Unusual Items Excluding Goodwill": "-", "Total Unusual Items": "-", "Normalized EBITDA": "12,354,000", "Tax Rate for Calcs": "0", "Tax Effect of Unusual Items": "0"}, "12/31/2018": {"Duration": "12/31/2018", "Total Revenue": "43,310,000", "Cost of Revenue": "18,354,000", "Gross Profit": "24,956,000", "Operating Expense": "19,647,000", "Operating Income": "5,309,000", "Net Non Operating Interest Income Expense": "-1,338,000", "Other Income Expense": "-54,000", "Pretax Income": "3,917,000", "Tax Provision": "1,029,000", "Net Income Common Stockholders": "2,888,000", "Average Dilution Earnings": "0", "Diluted NI Available to Com Stockholders": "2,888,000", "Basic EPS": "3.40", "Diluted EPS": "3.36", "Basic Average Shares": "849,744", "Diluted Average Shares": "858,290", "Total Operating Income as Reported": "5,309,000", "Total Expenses": "38,001,000", "Net Income from Continuing & Discontinued Operation": "2,888,000", "Normalized Income": "2,888,000", "Interest Income": "19,000", "Interest Expense": "1,357,000", "Net Interest Income": "-1,338,000", "EBIT": "5,274,000", "EBITDA": "-", "Reconciled Cost of Revenue": "18,354,000", "Reconciled Depreciation": "6,486,000", "Net Income from Continuing Operation Net Minority Interest": "2,888,000", "Total Unusual Items Excluding Goodwill": "0", "Total Unusual Items": "0", "Normalized EBITDA": "11,760,000", "Tax Rate for Calcs": "0", "Tax Effect of Unusual Items": "0"}}, "bs": {"12/31/2020": {"Duration": "12/31/2020", "Total Assets": "200,162,000", "Total Liabilities Net Minority Interest": "134,818,000", "Total Equity Gross Minority Interest": "65,344,000", "Total Capitalization": "131,890,000", "Common Stock Equity": "65,344,000", "Capital Lease Obligations": "33,094,000", "Net Tangible Assets": "-33,899,000", "Working Capital": "2,182,000", "Invested Capital": "136,469,000", "Tangible Book Value": "-33,899,000", "Total Debt": "104,219,000", "Net Debt": "60,740,000", "Share Issued": "1,243,346", "Ordinary Shares Number": "1,241,806", "Preferred Shares Number": "-", "Treasury Shares Number": "1,540"}, "12/31/2019": {"Duration": "12/31/2019", "Total Assets": "86,921,000", "Total Liabilities Net Minority Interest": "58,132,000", "Total Equity Gross Minority Interest": "28,789,000", "Total Capitalization": "39,747,000", "Common Stock Equity": "28,789,000", "Capital Lease Obligations": "15,129,000", "Net Tangible Assets": "-9,721,000", "Working Capital": "-3,201,000", "Invested Capital": "39,772,000", "Tangible Book Value": "-9,721,000", "Total Debt": "26,112,000", "Net Debt": "9,455,000", "Share Issued": "858,419", "Ordinary Shares Number": "856,905", "Preferred Shares Number": "-", "Treasury Shares Number": "1,513"}, "12/31/2018": {"Duration": "12/31/2018", "Total Assets": "72,468,000", "Total Liabilities Net Minority Interest": "47,750,000", "Total Equity Gross Minority Interest": "24,718,000", "Total Capitalization": "51,424,000", "Common Stock Equity": "24,718,000", "Capital Lease Obligations": "841,000", "Net Tangible Assets": "-12,940,000", "Working Capital": "-1,986,000", "Invested Capital": "51,424,000", "Tangible Book Value": "-12,940,000", "Total Debt": "27,547,000", "Net Debt": "25,503,000", "Share Issued": "851,675", "Ordinary Shares Number": "850,180", "Preferred Shares Number": "-", "Treasury Shares Number": "1,495"}}, "cf": {"TTM": {"Duration": "TTM", "Operating Cash Flow": "8,640,000", "Investing Cash Flow": "-12,715,000", "Financing Cash Flow": "13,010,000", "End Cash Position": "10,463,000", "Income Tax Paid Supplemental Data": "218,000", "Interest Paid Supplemental Data": "2,733,000", "Capital Expenditure": "-12,367,000", "Issuance of Capital Stock": "19,840,000", "Issuance of Debt": "54,080,000", "Repayment of Debt": "-40,847,000", "Repurchase of Capital Stock": "-19,536,000", "Free Cash Flow": "-3,727,000"}, "12/31/2020": {"Duration": "12/31/2020", "Operating Cash Flow": "8,640,000", "Investing Cash Flow": "-12,715,000", "Financing Cash Flow": "13,010,000", "End Cash Position": "10,463,000", "Income Tax Paid Supplemental Data": "218,000", "Interest Paid Supplemental Data": "2,733,000", "Capital Expenditure": "-12,367,000", "Issuance of Capital Stock": "19,840,000", "Issuance of Debt": "54,080,000", "Repayment of Debt": "-40,847,000", "Repurchase of Capital Stock": "-19,536,000", "Free Cash Flow": "-3,727,000"}, "12/31/2019": {"Duration": "12/31/2019", "Operating Cash Flow": "6,824,000", "Investing Cash Flow": "-4,125,000", "Financing Cash Flow": "-2,374,000", "End Cash Position": "1,528,000", "Income Tax Paid Supplemental Data": "88,000", "Interest Paid Supplemental Data": "1,128,000", "Capital Expenditure": "-7,358,000", "Issuance of Capital Stock": "-", "Issuance of Debt": "2,340,000", "Repayment of Debt": "-4,513,000", "Repurchase of Capital Stock": "0", "Free Cash Flow": "-534,000"}, "12/31/2018": {"Duration": "12/31/2018", "Operating Cash Flow": "3,899,000", "Investing Cash Flow": "-579,000", "Financing Cash Flow": "-3,336,000", "End Cash Position": "1,203,000", "Income Tax Paid Supplemental Data": "51,000", "Interest Paid Supplemental Data": "1,525,000", "Capital Expenditure": "-5,668,000", "Issuance of Capital Stock": "-", "Issuance of Debt": "8,759,000", "Repayment of Debt": "-10,614,000", "Repurchase of Capital Stock": "-1,071,000", "Free Cash Flow": "-1,769,000"}}}}, {"IDCC": {"quote": {"05/11/2021": {"value": "69.90", "Market Cap": "2.154B", "Beta (5Y Monthly)": "1.10", "PE Ratio (TTM)": "43.34", "EPS (TTM)": "1.61", "Earnings Date": "Aug 04, 2021 - Aug 09, 2021", "Forward Dividend & Yield": "1.40 (1.96%)", "Ex-Dividend Date": "Apr 13, 2021", "1y Target Est": "95.25"}}, "fin": {"TTM": {"Duration": "TTM", "Total Revenue": "318,924", "Cost of Revenue": "154,940", "Gross Profit": "163,984", "Operating Expense": "126,149", "Operating Income": "37,835", "Net Non Operating Interest Income Expense": "-25,964", "Other Income Expense": "14,071", "Pretax Income": "25,942", "Tax Provision": "10,991", "Net Income Common Stockholders": "20,928", "Diluted NI Available to Com Stockholders": "20,928", "Basic EPS": "-", "Diluted EPS": "-", "Basic Average Shares": "-", "Diluted Average Shares": "-", "Total Operating Income as Reported": "37,835", "Total Expenses": "281,089", "Net Income from Continuing & Discontinued Operation": "20,928", "Normalized Income": "8,371", "Interest Income": "14,991", "Interest Expense": "40,955", "Net Interest Income": "-25,964", "EBIT": "66,897", "EBITDA": "143,991", "Reconciled Cost of Revenue": "154,940", "Reconciled Depreciation": "77,094", "Net Income from Continuing Operation Net Minority Interest": "20,928", "Total Unusual Items Excluding Goodwill": "17,202", "Total Unusual Items": "17,202", "Normalized EBITDA": "126,789", "Tax Rate for Calcs": "0", "Tax Effect of Unusual Items": "4,645"}, "12/31/2020": {"Duration": "12/31/2020", "Total Revenue": "358,991", "Cost of Revenue": "170,178", "Gross Profit": "188,813", "Operating Expense": "133,645", "Operating Income": "55,168", "Net Non Operating Interest Income Expense": "-35,138", "Other Income Expense": "11,263", "Pretax Income": "31,293", "Tax Provision": "-6,648", "Net Income Common Stockholders": "44,801", "Diluted NI Available to Com Stockholders": "44,801", "Basic EPS": "1.46", "Diluted EPS": "1.44", "Basic Average Shares": "30,776", "Diluted Average Shares": "31,058", "Total Operating Income as Reported": "55,168", "Total Expenses": "303,823", "Net Income from Continuing & Discontinued Operation": "44,801", "Normalized Income": "44,801", "Interest Income": "5,661", "Interest Expense": "40,799", "Net Interest Income": "-35,138", "EBIT": "72,092", "EBITDA": "-", "Reconciled Cost of Revenue": "170,178", "Reconciled Depreciation": "81,041", "Net Income from Continuing Operation Net Minority Interest": "44,801", "Total Unusual Items Excluding Goodwill": "0", "Total Unusual Items": "0", "Normalized EBITDA": "153,133", "Tax Rate for Calcs": "0", "Tax Effect of Unusual Items": "0"}, "12/31/2019": {"Duration": "12/31/2019", "Total Revenue": "318,924", "Cost of Revenue": "154,940", "Gross Profit": "163,984", "Operating Expense": "126,149", "Operating Income": "37,835", "Net Non Operating Interest Income Expense": "-25,964", "Other Income Expense": "14,071", "Pretax Income": "25,942", "Tax Provision": "10,991", "Net Income Common Stockholders": "20,928", "Diluted NI Available to Com Stockholders": "20,928", "Basic EPS": "0.66", "Diluted EPS": "0.66", "Basic Average Shares": "31,546", "Diluted Average Shares": "31,785", "Total Operating Income as Reported": "37,835", "Total Expenses": "281,089", "Net Income from Continuing & Discontinued Operation": "20,928", "Normalized Income": "8,371", "Interest Income": "14,991", "Interest Expense": "40,955", "Net Interest Income": "-25,964", "EBIT": "66,897", "EBITDA": "-", "Reconciled Cost of Revenue": "154,940", "Reconciled Depreciation": "77,094", "Net Income from Continuing Operation Net Minority Interest": "20,928", "Total Unusual Items Excluding Goodwill": "17,202", "Total Unusual Items": "17,202", "Normalized EBITDA": "126,789", "Tax Rate for Calcs": "0", "Tax Effect of Unusual Items": "4,645"}, "12/31/2018": {"Duration": "12/31/2018", "Total Revenue": "307,404", "Cost of Revenue": "124,081", "Gross Profit": "183,323", "Operating Expense": "120,728", "Operating Income": "62,595", "Net Non Operating Interest Income Expense": "-21,366", "Other Income Expense": "-9,171", "Pretax Income": "32,058", "Tax Provision": "-27,417", "Net Income Common Stockholders": "63,868", "Diluted NI Available to Com Stockholders": "63,868", "Basic EPS": "1.85", "Diluted EPS": "1.81", "Basic Average Shares": "34,491", "Diluted Average Shares": "35,307", "Total Operating Income as Reported": "62,595", "Total Expenses": "244,809", "Net Income from Continuing & Discontinued Operation": "63,868", "Normalized Income": "63,868", "Interest Income": "14,590", "Interest Expense": "35,956", "Net Interest Income": "-21,366", "EBIT": "68,014", "EBITDA": "-", "Reconciled Cost of Revenue": "124,081", "Reconciled Depreciation": "66,108", "Net Income from Continuing Operation Net Minority Interest": "63,868", "Total Unusual Items Excluding Goodwill": "-", "Total Unusual Items": "-", "Normalized EBITDA": "134,122", "Tax Rate for Calcs": "0", "Tax Effect of Unusual Items": "0"}}, "bs": {"12/31/2020": {"Duration": "12/31/2020", "Total Assets": "1,616,275", "Total Liabilities Net Minority Interest": "819,709", "Total Equity Gross Minority Interest": "796,566", "Total Capitalization": "1,141,361", "Common Stock Equity": "773,369", "Net Tangible Assets": "355,026", "Working Capital": "731,117", "Invested Capital": "1,141,361", "Tangible Book Value": "355,026", "Total Debt": "367,992", "Net Debt": "415,878", "Share Issued": "71,389", "Ordinary Shares Number": "30,816", "Treasury Shares Number": "40,573"}, "12/31/2019": {"Duration": "12/31/2019", "Total Assets": "1,612,082", "Total Liabilities Net Minority Interest": "825,801", "Total Equity Gross Minority Interest": "786,281", "Total Capitalization": "1,112,145", "Common Stock Equity": "761,557", "Net Tangible Assets": "325,218", "Working Capital": "710,774", "Invested Capital": "1,206,315", "Tangible Book Value": "325,218", "Total Debt": "444,758", "Net Debt": "490,760", "Share Issued": "71,268", "Ordinary Shares Number": "30,701", "Treasury Shares Number": "40,567"}, "12/31/2018": {"Duration": "12/31/2018", "Total Assets": "1,626,558", "Total Liabilities Net Minority Interest": "688,545", "Total Equity Gross Minority Interest": "938,013", "Total Capitalization": "1,244,402", "Common Stock Equity": "927,025", "Net Tangible Assets": "470,631", "Working Capital": "844,855", "Invested Capital": "1,244,402", "Tangible Book Value": "470,631", "Total Debt": "317,377", "Net Debt": "351,516", "Share Issued": "71,134", "Ordinary Shares Number": "33,529", "Treasury Shares Number": "37,605"}}, "cf": {"TTM": {"Duration": "TTM", "Operating Cash Flow": "89,433", "Investing Cash Flow": "268,256", "Financing Cash Flow": "-89,324", "End Cash Position": "757,098", "Income Tax Paid Supplemental Data": "-", "Interest Paid Supplemental Data": "-", "Capital Expenditure": "-37,990", "Issuance of Debt": "400,000", "Repayment of Debt": "-231,854", "Repurchase of Capital Stock": "-196,269", "Free Cash Flow": "51,443"}, "12/31/2020": {"Duration": "12/31/2020", "Operating Cash Flow": "163,467", "Investing Cash Flow": "-310,046", "Financing Cash Flow": "-132,856", "End Cash Position": "477,663", "Income Tax Paid Supplemental Data": "-", "Interest Paid Supplemental Data": "-", "Capital Expenditure": "-42,408", "Issuance of Debt": "0", "Repayment of Debt": "-94,909", "Repurchase of Capital Stock": "-349", "Free Cash Flow": "121,059"}, "12/31/2019": {"Duration": "12/31/2019", "Operating Cash Flow": "89,433", "Investing Cash Flow": "268,256", "Financing Cash Flow": "-89,324", "End Cash Position": "757,098", "Income Tax Paid Supplemental Data": "-", "Interest Paid Supplemental Data": "-", "Capital Expenditure": "-37,990", "Issuance of Debt": "400,000", "Repayment of Debt": "-231,854", "Repurchase of Capital Stock": "-196,269", "Free Cash Flow": "51,443"}, "12/31/2018": {"Duration": "12/31/2018", "Operating Cash Flow": "146,792", "Investing Cash Flow": "69,984", "Financing Cash Flow": "-161,057", "End Cash Position": "488,733", "Income Tax Paid Supplemental Data": "33,904", "Interest Paid Supplemental Data": "4,740", "Capital Expenditure": "-36,895", "Issuance of Debt": "-", "Repayment of Debt": "0", "Repurchase of Capital Stock": "-110,505", "Free Cash Flow": "109,897"}}}}, {"PTNR": {"quote": {"05/11/2021": {"value": "4.6500", "Market Cap": "861.417M", "Beta (5Y Monthly)": "0.88", "PE Ratio (TTM)": "N/A", "EPS (TTM)": "-0.0230", "Earnings Date": "N/A", "Forward Dividend & Yield": "N/A (N/A)", "Ex-Dividend Date": "Aug 27, 2012", "1y Target Est": "N/A"}}, "fin": {"TTM": {"Duration": "TTM", "Total Revenue": "3,215,000", "Cost of Revenue": "2,678,000", "Gross Profit": "537,000", "Operating Expense": "413,000", "Operating Income": "124,000", "Net Non Operating Interest Income Expense": "-71,000", "Other Income Expense": "-", "Pretax Income": "30,000", "Tax Provision": "-", "Net Income Common Stockholders": "19,000", "Diluted NI Available to Com Stockholders": "19,000", "Basic EPS": "-", "Diluted EPS": "-", "Basic Average Shares": "-", "Diluted Average Shares": "-", "Total Operating Income as Reported": "106,000", "Rent Expense Supplemental": "-", "Total Expenses": "3,091,000", "Net Income from Continuing & Discontinued Operation": "19,000", "Normalized Income": "19,000", "Interest Income": "3,000", "Interest Expense": "68,000", "Net Interest Income": "-71,000", "EBIT": "98,000", "EBITDA": "786,000", "Reconciled Cost of Revenue": "2,678,000", "Reconciled Depreciation": "688,000", "Net Income from Continuing Operation Net Minority Interest": "19,000", "Total Unusual Items Excluding Goodwill": "-", "Total Unusual Items": "-", "Normalized EBITDA": "786,000", "Tax Rate for Calcs": "0", "Tax Effect of Unusual Items": "0"}, "12/31/2019": {"Duration": "12/31/2019", "Total Revenue": "3,234,000", "Cost of Revenue": "2,707,000", "Gross Profit": "527,000", "Operating Expense": "422,000", "Operating Income": "105,000", "Net Non Operating Interest Income Expense": "-63,000", "Other Income Expense": "-23,000", "Pretax Income": "19,000", "Tax Provision": "-", "Net Income Common Stockholders": "19,000", "Diluted NI Available to Com Stockholders": "19,000", "Basic EPS": "0.12", "Diluted EPS": "0.12", "Basic Average Shares": "162,831", "Diluted Average Shares": "163,608", "Total Operating Income as Reported": "87,000", "Rent Expense Supplemental": "77,000", "Total Expenses": "3,129,000", "Net Income from Continuing & Discontinued Operation": "19,000", "Normalized Income": "42,000", "Interest Income": "3,000", "Interest Expense": "60,000", "Net Interest Income": "-63,000", "EBIT": "79,000", "EBITDA": "-", "Reconciled Cost of Revenue": "2,104,000", "Reconciled Depreciation": "723,000", "Net Income from Continuing Operation Net Minority Interest": "19,000", "Total Unusual Items Excluding Goodwill": "-23,000", "Total Unusual Items": "-23,000", "Normalized EBITDA": "825,000", "Tax Rate for Calcs": "0", "Tax Effect of Unusual Items": "0"}, "12/31/2018": {"Duration": "12/31/2018", "Total Revenue": "3,259,000", "Cost of Revenue": "2,700,000", "Gross Profit": "559,000", "Operating Expense": "413,000", "Operating Income": "146,000", "Net Non Operating Interest Income Expense": "-53,000", "Other Income Expense": "-30,000", "Pretax Income": "63,000", "Tax Provision": "7,000", "Net Income Common Stockholders": "57,000", "Diluted NI Available to Com Stockholders": "57,000", "Basic EPS": "0.34", "Diluted EPS": "0.34", "Basic Average Shares": "167,647", "Diluted Average Shares": "167,647", "Total Operating Income as Reported": "116,000", "Rent Expense Supplemental": "203,000", "Total Expenses": "3,113,000", "Net Income from Continuing & Discontinued Operation": "57,000", "Normalized Income": "83,700", "Interest Income": "2,000", "Interest Expense": "47,000", "Net Interest Income": "-53,000", "EBIT": "110,000", "EBITDA": "-", "Reconciled Cost of Revenue": "2,243,000", "Reconciled Depreciation": "545,000", "Net Income from Continuing Operation Net Minority Interest": "57,000", "Total Unusual Items Excluding Goodwill": "-30,000", "Total Unusual Items": "-30,000", "Normalized EBITDA": "685,000", "Tax Rate for Calcs": "0", "Tax Effect of Unusual Items": "-3,300"}}, "bs": {"12/31/2019": {"Duration": "12/31/2019", "Total Assets": "5,015,000", "Total Liabilities Net Minority Interest": "3,598,000", "Total Equity Gross Minority Interest": "1,417,000", "Total Capitalization": "2,830,000", "Common Stock Equity": "1,417,000", "Capital Lease Obligations": "617,000", "Net Tangible Assets": "472,000", "Working Capital": "175,000", "Invested Capital": "3,197,000", "Tangible Book Value": "472,000", "Total Debt": "2,397,000", "Net Debt": "1,481,000", "Share Issued": "171,192", "Ordinary Shares Number": "162,916", "Treasury Shares Number": "8,276"}, "12/31/2018": {"Duration": "12/31/2018", "Total Assets": "3,976,000", "Total Liabilities Net Minority Interest": "2,570,000", "Total Equity Gross Minority Interest": "1,406,000", "Total Capitalization": "2,610,000", "Common Stock Equity": "1,406,000", "Capital Lease Obligations": "-", "Net Tangible Assets": "382,000", "Working Capital": "104,000", "Invested Capital": "2,772,000", "Tangible Book Value": "382,000", "Total Debt": "1,366,000", "Net Debt": "950,000", "Share Issued": "171,189", "Ordinary Shares Number": "162,628", "Treasury Shares Number": "8,560"}}, "cf": {"TTM": {"Duration": "TTM", "Operating Cash Flow": "782,000", "Investing Cash Flow": "-1,043,000", "Financing Cash Flow": "114,000", "End Cash Position": "364,000", "Capital Expenditure": "-544,000", "Issuance of Capital Stock": "-", "Issuance of Debt": "718,000", "Repayment of Debt": "-823,000", "Repurchase of Capital Stock": "-", "Free Cash Flow": "238,000"}, "12/31/2019": {"Duration": "12/31/2019", "Operating Cash Flow": "837,000", "Investing Cash Flow": "-1,181,000", "Financing Cash Flow": "227,000", "End Cash Position": "299,000", "Capital Expenditure": "-629,000", "Issuance of Capital Stock": "-", "Issuance of Debt": "562,000", "Repayment of Debt": "-333,000", "Repurchase of Capital Stock": "-", "Free Cash Flow": "208,000"}, "12/31/2018": {"Duration": "12/31/2018", "Operating Cash Flow": "625,000", "Investing Cash Flow": "-351,000", "Financing Cash Flow": "-725,000", "End Cash Position": "416,000", "Capital Expenditure": "-502,000", "Issuance of Capital Stock": "-", "Issuance of Debt": "150,000", "Repayment of Debt": "-706,000", "Repurchase of Capital Stock": "-100,000", "Free Cash Flow": "123,000"}}}}, {"MBT": {"quote": {"05/11/2021": {"value": "8.71", "Market Cap": "7.407B", "Beta (5Y Monthly)": "1.10", "PE Ratio (TTM)": "9.22", "EPS (TTM)": "0.94", "Earnings Date": "N/A", "Forward Dividend & Yield": "0.81 (9.22%)", "Ex-Dividend Date": "Oct 08, 2020", "1y Target Est": "11.04"}}, "fin": {"TTM": {"Duration": "TTM", "Total Revenue": "485,881,000", "Cost of Revenue": "183,373,000", "Gross Profit": "302,508,000", "Operating Expense": "185,639,000", "Operating Income": "116,869,000", "Net Non Operating Interest Income Expense": "-42,404,000", "Other Income Expense": "-2,378,000", "Pretax Income": "72,087,000", "Tax Provision": "16,635,000", "Net Income Common Stockholders": "54,385,000", "Diluted NI Available to Com Stockholders": "54,385,000", "Basic EPS": "-", "Diluted EPS": "-", "Basic Average Shares": "-", "Diluted Average Shares": "-", "Total Operating Income as Reported": "113,584,000", "Total Expenses": "369,012,000", "Net Income from Continuing & Discontinued Operation": "54,385,000", "Normalized Income": "60,742,743", "Interest Income": "2,600,000", "Interest Expense": "42,932,000", "Net Interest Income": "-42,404,000", "EBIT": "115,019,000", "EBITDA": "220,250,000", "Reconciled Cost of Revenue": "175,524,000", "Reconciled Depreciation": "105,231,000", "Net Income from Continuing Operation Net Minority Interest": "54,645,000", "Total Unusual Items Excluding Goodwill": "-7,927,000", "Total Unusual Items": "-7,927,000", "Normalized EBITDA": "228,177,000", "Tax Rate for Calcs": "0", "Tax Effect of Unusual Items": "-1,829,257"}, "12/31/2020": {"Duration": "12/31/2020", "Total Revenue": "494,926,000", "Cost of Revenue": "185,425,000", "Gross Profit": "309,501,000", "Operating Expense": "199,633,000", "Operating Income": "109,868,000", "Net Non Operating Interest Income Expense": "-38,647,000", "Other Income Expense": "6,362,000", "Pretax Income": "77,583,000", "Tax Provision": "16,126,000", "Net Income Common Stockholders": "61,412,000", "Diluted NI Available to Com Stockholders": "61,412,000", "Basic EPS": "-", "Diluted EPS": "-", "Basic Average Shares": "-", "Diluted Average Shares": "-", "Total Operating Income as Reported": "112,893,000", "Total Expenses": "385,058,000", "Net Income from Continuing & Discontinued Operation": "61,412,000", "Normalized Income": "62,398,510", "Interest Income": "3,437,000", "Interest Expense": "42,084,000", "Net Interest Income": "-38,647,000", "EBIT": "119,667,000", "EBITDA": "-", "Reconciled Cost of Revenue": "185,454,000", "Reconciled Depreciation": "100,205,000", "Net Income from Continuing Operation Net Minority Interest": "60,796,000", "Total Unusual Items Excluding Goodwill": "-2,023,000", "Total Unusual Items": "-2,023,000", "Normalized EBITDA": "221,924,000", "Tax Rate for Calcs": "0", "Tax Effect of Unusual Items": "-420,490"}, "12/31/2019": {"Duration": "12/31/2019", "Total Revenue": "476,106,000", "Cost of Revenue": "178,884,000", "Gross Profit": "297,222,000", "Operating Expense": "180,009,000", "Operating Income": "117,213,000", "Net Non Operating Interest Income Expense": "-42,232,000", "Other Income Expense": "-8,108,000", "Pretax Income": "66,873,000", "Tax Provision": "15,750,000", "Net Income Common Stockholders": "54,241,000", "Diluted NI Available to Com Stockholders": "54,241,000", "Basic EPS": "60.90", "Diluted EPS": "60.82", "Basic Average Shares": "890,468", "Diluted Average Shares": "891,809", "Total Operating Income as Reported": "114,188,000", "Total Expenses": "358,893,000", "Net Income from Continuing & Discontinued Operation": "54,241,000", "Normalized Income": "60,760,068", "Interest Income": "3,413,000", "Interest Expense": "43,573,000", "Net Interest Income": "-42,232,000", "EBIT": "110,446,000", "EBITDA": "-", "Reconciled Cost of Revenue": "168,215,000", "Reconciled Depreciation": "106,948,000", "Net Income from Continuing Operation Net Minority Interest": "50,265,000", "Total Unusual Items Excluding Goodwill": "-13,737,000", "Total Unusual Items": "-13,737,000", "Normalized EBITDA": "231,131,000", "Tax Rate for Calcs": "0", "Tax Effect of Unusual Items": "-3,241,932"}, "12/31/2018": {"Duration": "12/31/2018", "Total Revenue": "480,293,000", "Cost of Revenue": "176,270,000", "Gross Profit": "304,023,000", "Operating Expense": "192,534,000", "Operating Income": "111,489,000", "Net Non Operating Interest Income Expense": "-31,176,000", "Other Income Expense": "3,538,000", "Pretax Income": "83,851,000", "Tax Provision": "16,969,000", "Net Income Common Stockholders": "6,848,000", "Diluted NI Available to Com Stockholders": "6,848,000", "Basic EPS": "7.30", "Diluted EPS": "7.30", "Basic Average Shares": "936,782", "Diluted Average Shares": "937,861", "Total Operating Income as Reported": "116,185,000", "Total Expenses": "368,804,000", "Net Income from Continuing & Discontinued Operation": "6,848,000", "Normalized Income": "68,340,678", "Interest Income": "5,539,000", "Interest Expense": "39,708,000", "Net Interest Income": "-31,176,000", "EBIT": "123,559,000", "EBITDA": "-", "Reconciled Cost of Revenue": "176,270,000", "Reconciled Depreciation": "104,588,000", "Net Income from Continuing Operation Net Minority Interest": "65,898,000", "Total Unusual Items Excluding Goodwill": "-3,061,000", "Total Unusual Items": "-3,061,000", "Normalized EBITDA": "231,208,000", "Tax Rate for Calcs": "0", "Tax Effect of Unusual Items": "-618,322"}}, "bs": {"12/31/2020": {"Duration": "12/31/2020", "Total Assets": "919,203,000", "Total Liabilities Net Minority Interest": "886,513,000", "Total Equity Gross Minority Interest": "32,690,000", "Total Capitalization": "423,843,000", "Common Stock Equity": "28,700,000", "Capital Lease Obligations": "150,814,000", "Net Tangible Assets": "-99,444,000", "Working Capital": "-66,260,000", "Invested Capital": "457,968,000", "Tangible Book Value": "-99,444,000", "Total Debt": "580,082,000", "Net Debt": "343,863,000", "Share Issued": "-", "Ordinary Shares Number": "-", "Treasury Shares Number": "-"}, "12/31/2019": {"Duration": "12/31/2019", "Total Assets": "823,910,000", "Total Liabilities Net Minority Interest": "787,516,000", "Total Equity Gross Minority Interest": "36,394,000", "Total Capitalization": "304,641,000", "Common Stock Equity": "33,068,000", "Capital Lease Obligations": "155,308,000", "Net Tangible Assets": "-85,336,000", "Working Capital": "-153,869,000", "Invested Capital": "376,387,000", "Tangible Book Value": "-85,336,000", "Total Debt": "498,627,000", "Net Debt": "305,249,000", "Share Issued": "1,998,382", "Ordinary Shares Number": "1,772,834", "Treasury Shares Number": "225,547"}, "12/31/2018": {"Duration": "12/31/2018", "Total Assets": "915,993,000", "Total Liabilities Net Minority Interest": "838,428,000", "Total Equity Gross Minority Interest": "77,565,000", "Total Capitalization": "430,346,000", "Common Stock Equity": "65,274,000", "Capital Lease Obligations": "160,552,000", "Net Tangible Assets": "-69,795,000", "Working Capital": "-26,537,000", "Invested Capital": "433,409,000", "Tangible Book Value": "-69,795,000", "Total Debt": "528,687,000", "Net Debt": "284,060,000", "Share Issued": "1,998,382", "Ordinary Shares Number": "1,830,743", "Treasury Shares Number": "167,639"}}, "cf": {"TTM": {"Duration": "TTM", "Operating Cash Flow": "162,249,000", "Investing Cash Flow": "-50,682,000", "Financing Cash Flow": "-76,603,000", "End Cash Position": "101,310,000", "Capital Expenditure": "-95,327,000", "Issuance of Debt": "232,737,000", "Repayment of Debt": "-224,768,000", "Repurchase of Capital Stock": "-5,557,000", "Free Cash Flow": "66,922,000"}, "12/31/2020": {"Duration": "12/31/2020", "Operating Cash Flow": "155,507,000", "Investing Cash Flow": "-81,133,000", "Financing Cash Flow": "-27,360,000", "End Cash Position": "85,469,000", "Capital Expenditure": "-97,409,000", "Issuance of Debt": "241,402,000", "Repayment of Debt": "-177,704,000", "Repurchase of Capital Stock": "-16,028,000", "Free Cash Flow": "58,098,000"}, "12/31/2019": {"Duration": "12/31/2019", "Operating Cash Flow": "106,652,000", "Investing Cash Flow": "-29,554,000", "Financing Cash Flow": "-120,448,000", "End Cash Position": "38,070,000", "Capital Expenditure": "-91,736,000", "Issuance of Debt": "134,915,000", "Repayment of Debt": "-171,854,000", "Repurchase of Capital Stock": "-15,922,000", "Free Cash Flow": "14,916,000"}, "12/31/2018": {"Duration": "12/31/2018", "Operating Cash Flow": "154,390,000", "Investing Cash Flow": "-78,389,000", "Financing Cash Flow": "-25,924,000", "End Cash Position": "84,075,000", "Capital Expenditure": "-92,009,000", "Issuance of Debt": "122,550,000", "Repayment of Debt": "-61,636,000", "Repurchase of Capital Stock": "-22,655,000", "Free Cash Flow": "62,381,000"}}}}, {"PCTI": {"quote": {"05/11/2021": {"value": "6.58", "Market Cap": "121.852M", "Beta (5Y Monthly)": "0.31", "PE Ratio (TTM)": "34.81", "EPS (TTM)": "0.19", "Earnings Date": "Aug 04, 2021 - Aug 09, 2021", "Forward Dividend & Yield": "0.22 (3.34%)", "Ex-Dividend Date": "May 06, 2021", "1y Target Est": "9.00"}}, "fin": {"TTM": {"Duration": "TTM", "Total Revenue": "77,456", "Cost of Revenue": "39,529", "Gross Profit": "37,927", "Operating Expense": "34,463", "Operating Income": "3,464", "Net Non Operating Interest Income Expense": "410", "Other Income Expense": "-428", "Pretax Income": "3,446", "Tax Provision": "29", "Net Income Common Stockholders": "3,417", "Diluted NI Available to Com Stockholders": "3,417", "Basic EPS": "-", "Diluted EPS": "-", "Basic Average Shares": "-", "Diluted Average Shares": "-", "Total Operating Income as Reported": "3,340", "Total Expenses": "73,992", "Net Income from Continuing & Discontinued Operation": "3,417", "Normalized Income": "3,832", "Interest Income": "410", "Net Interest Income": "410", "EBIT": "3,464", "EBITDA": "6,627", "Reconciled Cost of Revenue": "36,398", "Reconciled Depreciation": "3,163", "Net Income from Continuing Operation Net Minority Interest": "3,417", "Total Unusual Items Excluding Goodwill": "-418", "Total Unusual Items": "-418", "Normalized EBITDA": "7,045", "Tax Rate for Calcs": "0", "Tax Effect of Unusual Items": "-3.344"}, "12/31/2020": {"Duration": "12/31/2020", "Total Revenue": "77,456", "Cost of Revenue": "39,529", "Gross Profit": "37,927", "Operating Expense": "34,463", "Operating Income": "3,464", "Net Non Operating Interest Income Expense": "410", "Other Income Expense": "-428", "Pretax Income": "3,446", "Tax Provision": "29", "Net Income Common Stockholders": "3,417", "Diluted NI Available to Com Stockholders": "3,417", "Basic EPS": "-", "Diluted EPS": "-", "Basic Average Shares": "-", "Diluted Average Shares": "-", "Total Operating Income as Reported": "3,340", "Total Expenses": "73,992", "Net Income from Continuing & Discontinued Operation": "3,417", "Normalized Income": "3,832", "Interest Income": "410", "Net Interest Income": "410", "EBIT": "3,464", "EBITDA": "-", "Reconciled Cost of Revenue": "36,398", "Reconciled Depreciation": "3,163", "Net Income from Continuing Operation Net Minority Interest": "3,417", "Total Unusual Items Excluding Goodwill": "-418", "Total Unusual Items": "-418", "Normalized EBITDA": "7,045", "Tax Rate for Calcs": "0", "Tax Effect of Unusual Items": "-3.344"}, "12/31/2019": {"Duration": "12/31/2019", "Total Revenue": "90,617", "Cost of Revenue": "49,105", "Gross Profit": "41,512", "Operating Expense": "38,197", "Operating Income": "3,315", "Net Non Operating Interest Income Expense": "833", "Other Income Expense": "-358", "Pretax Income": "3,790", "Tax Provision": "40", "Net Income Common Stockholders": "3,750", "Diluted NI Available to Com Stockholders": "3,750", "Basic EPS": "0.21", "Diluted EPS": "0.21", "Basic Average Shares": "17,853", "Diluted Average Shares": "18,159", "Total Operating Income as Reported": "2,808", "Total Expenses": "87,302", "Net Income from Continuing & Discontinued Operation": "3,750", "Normalized Income": "4,123", "Interest Income": "833", "Net Interest Income": "833", "EBIT": "3,315", "EBITDA": "-", "Reconciled Cost of Revenue": "45,569", "Reconciled Depreciation": "3,755", "Net Income from Continuing Operation Net Minority Interest": "3,750", "Total Unusual Items Excluding Goodwill": "-377", "Total Unusual Items": "-377", "Normalized EBITDA": "7,447", "Tax Rate for Calcs": "0", "Tax Effect of Unusual Items": "-4.147"}, "12/31/2018": {"Duration": "12/31/2018", "Total Revenue": "82,979", "Cost of Revenue": "51,898", "Gross Profit": "31,081", "Operating Expense": "36,707", "Operating Income": "-5,626", "Net Non Operating Interest Income Expense": "623", "Other Income Expense": "-59", "Pretax Income": "-5,062", "Tax Provision": "7,827", "Net Income Common Stockholders": "-12,889", "Diluted NI Available to Com Stockholders": "-12,889", "Basic EPS": "-0.75", "Diluted EPS": "-0.75", "Basic Average Shares": "17,186", "Diluted Average Shares": "17,186", "Total Operating Income as Reported": "-5,626", "Total Expenses": "88,605", "Net Income from Continuing & Discontinued Operation": "-12,889", "Normalized Income": "-12,833", "Interest Income": "623", "Net Interest Income": "623", "EBIT": "-5,626", "EBITDA": "-", "Reconciled Cost of Revenue": "48,426", "Reconciled Depreciation": "3,890", "Net Income from Continuing Operation Net Minority Interest": "-12,889", "Total Unusual Items Excluding Goodwill": "-77", "Total Unusual Items": "-77", "Normalized EBITDA": "-1,659", "Tax Rate for Calcs": "0", "Tax Effect of Unusual Items": "-20.79"}}, "bs": {"12/31/2020": {"Duration": "12/31/2020", "Total Assets": "87,531", "Total Liabilities Net Minority Interest": "16,133", "Total Equity Gross Minority Interest": "71,398", "Total Capitalization": "71,398", "Common Stock Equity": "71,398", "Capital Lease Obligations": "4,382", "Net Tangible Assets": "68,066", "Working Capital": "52,867", "Invested Capital": "71,398", "Tangible Book Value": "68,066", "Total Debt": "4,382", "Share Issued": "18,429", "Ordinary Shares Number": "18,429"}, "12/31/2019": {"Duration": "12/31/2019", "Total Assets": "89,237", "Total Liabilities Net Minority Interest": "15,887", "Total Equity Gross Minority Interest": "73,350", "Total Capitalization": "73,350", "Common Stock Equity": "73,350", "Capital Lease Obligations": "3,544", "Net Tangible Assets": "69,874", "Working Capital": "58,235", "Invested Capital": "73,350", "Tangible Book Value": "69,874", "Total Debt": "3,544", "Share Issued": "18,611", "Ordinary Shares Number": "18,611"}, "12/31/2018": {"Duration": "12/31/2018", "Total Assets": "81,871", "Total Liabilities Net Minority Interest": "12,265", "Total Equity Gross Minority Interest": "69,606", "Total Capitalization": "69,606", "Common Stock Equity": "69,606", "Capital Lease Obligations": "223", "Net Tangible Assets": "65,245", "Working Capital": "53,443", "Invested Capital": "69,606", "Tangible Book Value": "65,245", "Total Debt": "223", "Share Issued": "18,271", "Ordinary Shares Number": "18,271"}}, "cf": {"TTM": {"Duration": "TTM", "Operating Cash Flow": "13,420", "Investing Cash Flow": "-6,759", "Financing Cash Flow": "-8,262", "Cash Flow from Discontinued Operation": "-", "End Cash Position": "5,761", "Income Tax Paid Supplemental Data": "29", "Interest Paid Supplemental Data": "8", "Capital Expenditure": "-4,093", "Issuance of Capital Stock": "869", "Issuance of Debt": "3,500", "Repayment of Debt": "-3,578", "Repurchase of Capital Stock": "-3,808", "Free Cash Flow": "9,327"}, "12/31/2020": {"Duration": "12/31/2020", "Operating Cash Flow": "13,420", "Investing Cash Flow": "-6,759", "Financing Cash Flow": "-8,262", "Cash Flow from Discontinued Operation": "-", "End Cash Position": "5,761", "Income Tax Paid Supplemental Data": "29", "Interest Paid Supplemental Data": "8", "Capital Expenditure": "-4,093", "Issuance of Capital Stock": "869", "Issuance of Debt": "3,500", "Repayment of Debt": "-3,578", "Repurchase of Capital Stock": "-3,808", "Free Cash Flow": "9,327"}, "12/31/2019": {"Duration": "12/31/2019", "Operating Cash Flow": "10,918", "Investing Cash Flow": "-3,949", "Financing Cash Flow": "-4,136", "Cash Flow from Discontinued Operation": "-", "End Cash Position": "7,094", "Income Tax Paid Supplemental Data": "34", "Interest Paid Supplemental Data": "9", "Capital Expenditure": "-2,263", "Issuance of Capital Stock": "1,183", "Issuance of Debt": "-", "Repayment of Debt": "-99", "Repurchase of Capital Stock": "-", "Free Cash Flow": "8,655"}, "12/31/2018": {"Duration": "12/31/2018", "Operating Cash Flow": "3,943", "Investing Cash Flow": "-1,110", "Financing Cash Flow": "-4,032", "Cash Flow from Discontinued Operation": "0", "End Cash Position": "4,329", "Income Tax Paid Supplemental Data": "41", "Interest Paid Supplemental Data": "11", "Capital Expenditure": "-2,754", "Issuance of Capital Stock": "686", "Issuance of Debt": "-", "Repayment of Debt": "-125", "Repurchase of Capital Stock": "-", "Free Cash Flow": "1,189"}}}}, {"PRXM": {"quote": {"05/11/2021": {"value": "3.4400", "Market Cap": "129,319", "Beta (5Y Monthly)": "2.69", "PE Ratio (TTM)": "N/A", "EPS (TTM)": "-35.0990", "Earnings Date": "N/A", "Forward Dividend & Yield": "N/A (N/A)", "Ex-Dividend Date": "N/A", "1y Target Est": "N/A"}}, "fin": {}, "bs": {}, "cf": {}}}, {"RNET": {"quote": {"05/11/2021": {"value": "9.60", "Market Cap": "201.754M", "Beta (5Y Monthly)": "N/A", "PE Ratio (TTM)": "N/A", "EPS (TTM)": "N/A", "Earnings Date": "Aug 04, 2021 - Aug 09, 2021", "Forward Dividend & Yield": "N/A (N/A)", "Ex-Dividend Date": "N/A", "1y Target Est": "6.00"}}, "fin": {"TTM": {"Duration": "TTM", "Total Revenue": "207,921", "Cost of Revenue": "156,864", "Gross Profit": "51,057", "Operating Expense": "53,441", "Operating Income": "-2,384", "Net Non Operating Interest Income Expense": "-5,299", "Other Income Expense": "-31,281", "Pretax Income": "-38,964", "Tax Provision": "6,564", "Net Income Common Stockholders": "-45,808", "Diluted NI Available to Com Stockholders": "-45,808", "Basic EPS": "-", "Diluted EPS": "-", "Basic Average Shares": "-", "Diluted Average Shares": "-", "Total Operating Income as Reported": "-33,409", "Total Expenses": "210,305", "Net Income from Continuing & Discontinued Operation": "-45,808", "Normalized Income": "-23,160", "Interest Expense": "5,299", "Net Interest Income": "-5,299", "EBIT": "-33,665", "EBITDA": "-7,131", "Reconciled Cost of Revenue": "156,864", "Reconciled Depreciation": "26,534", "Net Income from Continuing Operation Net Minority Interest": "-45,808", "Total Unusual Items Excluding Goodwill": "-31,025", "Total Unusual Items": "-31,025", "Normalized EBITDA": "23,894", "Tax Rate for Calcs": "0", "Tax Effect of Unusual Items": "-8,377"}, "12/31/2020": {"Duration": "12/31/2020", "Total Revenue": "207,921", "Cost of Revenue": "156,864", "Gross Profit": "51,057", "Operating Expense": "53,441", "Operating Income": "-2,384", "Net Non Operating Interest Income Expense": "-5,299", "Other Income Expense": "-31,281", "Pretax Income": "-38,964", "Tax Provision": "6,564", "Net Income Common Stockholders": "-45,808", "Diluted NI Available to Com Stockholders": "-45,808", "Basic EPS": "-2.22", "Diluted EPS": "-2.22", "Basic Average Shares": "20,622", "Diluted Average Shares": "20,622", "Total Operating Income as Reported": "-33,409", "Total Expenses": "210,305", "Net Income from Continuing & Discontinued Operation": "-45,808", "Normalized Income": "-23,160", "Interest Expense": "5,299", "Net Interest Income": "-5,299", "EBIT": "-33,665", "EBITDA": "-", "Reconciled Cost of Revenue": "156,864", "Reconciled Depreciation": "26,534", "Net Income from Continuing Operation Net Minority Interest": "-45,808", "Total Unusual Items Excluding Goodwill": "-31,025", "Total Unusual Items": "-31,025", "Normalized EBITDA": "23,894", "Tax Rate for Calcs": "0", "Tax Effect of Unusual Items": "-8,377"}, "12/31/2019": {"Duration": "12/31/2019", "Total Revenue": "242,931", "Cost of Revenue": "180,882", "Gross Profit": "62,049", "Operating Expense": "65,860", "Operating Income": "-3,811", "Net Non Operating Interest Income Expense": "-5,958", "Other Income Expense": "1,728", "Pretax Income": "-8,041", "Tax Provision": "10,745", "Net Income Common Stockholders": "-19,156", "Diluted NI Available to Com Stockholders": "-19,156", "Basic EPS": "-0.97", "Diluted EPS": "-0.97", "Basic Average Shares": "19,832", "Diluted Average Shares": "19,832", "Total Operating Income as Reported": "-2,070", "Total Expenses": "246,742", "Net Income from Continuing & Discontinued Operation": "-19,156", "Normalized Income": "-20,427", "Interest Expense": "5,958", "Net Interest Income": "-5,958", "EBIT": "-2,083", "EBITDA": "-", "Reconciled Cost of Revenue": "180,882", "Reconciled Depreciation": "31,129", "Net Income from Continuing Operation Net Minority Interest": "-19,156", "Total Unusual Items Excluding Goodwill": "1,741", "Total Unusual Items": "1,741", "Normalized EBITDA": "27,305", "Tax Rate for Calcs": "0", "Tax Effect of Unusual Items": "470.07"}, "12/31/2018": {"Duration": "12/31/2018", "Total Revenue": "238,854", "Cost of Revenue": "179,757", "Gross Profit": "59,097", "Operating Expense": "66,037", "Operating Income": "-6,940", "Net Non Operating Interest Income Expense": "-3,969", "Other Income Expense": "-54,151", "Pretax Income": "-65,060", "Tax Provision": "-2,746", "Net Income Common Stockholders": "-62,453", "Diluted NI Available to Com Stockholders": "-62,453", "Basic EPS": "-3.34", "Diluted EPS": "-3.34", "Basic Average Shares": "18,713", "Diluted Average Shares": "18,713", "Total Operating Income as Reported": "-61,095", "Total Expenses": "245,794", "Net Income from Continuing & Discontinued Operation": "-62,453", "Normalized Income": "-10,573", "Interest Expense": "3,969", "Net Interest Income": "-3,969", "EBIT": "-61,091", "EBITDA": "-", "Reconciled Cost of Revenue": "179,757", "Reconciled Depreciation": "33,154", "Net Income from Continuing Operation Net Minority Interest": "-62,453", "Total Unusual Items Excluding Goodwill": "-54,155", "Total Unusual Items": "-54,155", "Normalized EBITDA": "26,218", "Tax Rate for Calcs": "0", "Tax Effect of Unusual Items": "-2,275"}}, "bs": {"12/31/2020": {"Duration": "12/31/2020", "Total Assets": "182,807", "Total Liabilities Net Minority Interest": "181,502", "Total Equity Gross Minority Interest": "1,305", "Total Capitalization": "84,970", "Common Stock Equity": "1,157", "Capital Lease Obligations": "5,917", "Net Tangible Assets": "-39,342", "Working Capital": "14,824", "Invested Capital": "93,680", "Tangible Book Value": "-39,342", "Total Debt": "98,440", "Net Debt": "80,489", "Share Issued": "21,497", "Ordinary Shares Number": "21,011", "Treasury Shares Number": "486.174"}, "12/31/2019": {"Duration": "12/31/2019", "Total Assets": "250,980", "Total Liabilities Net Minority Interest": "204,103", "Total Equity Gross Minority Interest": "46,877", "Total Capitalization": "143,280", "Common Stock Equity": "46,723", "Capital Lease Obligations": "6,872", "Net Tangible Assets": "-30,214", "Working Capital": "29,275", "Invested Capital": "153,907", "Tangible Book Value": "-30,214", "Total Debt": "114,056", "Net Debt": "94,243", "Share Issued": "20,183", "Ordinary Shares Number": "19,979", "Treasury Shares Number": "203.756"}, "12/31/2018": {"Duration": "12/31/2018", "Total Assets": "258,925", "Total Liabilities Net Minority Interest": "202,941", "Total Equity Gross Minority Interest": "55,984", "Total Capitalization": "128,009", "Common Stock Equity": "55,924", "Capital Lease Obligations": "111", "Net Tangible Assets": "-24,440", "Working Capital": "2,164", "Invested Capital": "132,840", "Tangible Book Value": "-24,440", "Total Debt": "77,027", "Net Debt": "55,205", "Share Issued": "19,556", "Ordinary Shares Number": "19,465", "Treasury Shares Number": "91.567"}}, "cf": {"TTM": {"Duration": "TTM", "Operating Cash Flow": "32,648", "Investing Cash Flow": "-13,026", "Financing Cash Flow": "-19,373", "End Cash Position": "13,534", "Income Tax Paid Supplemental Data": "4,405", "Interest Paid Supplemental Data": "4,254", "Capital Expenditure": "-13,064", "Issuance of Capital Stock": "-", "Issuance of Debt": "21,848", "Repayment of Debt": "-39,470", "Repurchase of Capital Stock": "-981", "Free Cash Flow": "19,584"}, "12/31/2020": {"Duration": "12/31/2020", "Operating Cash Flow": "32,648", "Investing Cash Flow": "-13,026", "Financing Cash Flow": "-19,373", "End Cash Position": "13,534", "Income Tax Paid Supplemental Data": "4,405", "Interest Paid Supplemental Data": "4,254", "Capital Expenditure": "-13,064", "Issuance of Capital Stock": "-", "Issuance of Debt": "21,848", "Repayment of Debt": "-39,470", "Repurchase of Capital Stock": "-981", "Free Cash Flow": "19,584"}, "12/31/2019": {"Duration": "12/31/2019", "Operating Cash Flow": "-20,284", "Investing Cash Flow": "-16,543", "Financing Cash Flow": "28,098", "End Cash Position": "14,505", "Income Tax Paid Supplemental Data": "4,970", "Interest Paid Supplemental Data": "5,062", "Capital Expenditure": "-22,374", "Issuance of Capital Stock": "-", "Issuance of Debt": "49,498", "Repayment of Debt": "-19,220", "Repurchase of Capital Stock": "-1,423", "Free Cash Flow": "-42,658"}, "12/31/2018": {"Duration": "12/31/2018", "Operating Cash Flow": "7,673", "Investing Cash Flow": "-34,198", "Financing Cash Flow": "11,855", "End Cash Position": "23,296", "Income Tax Paid Supplemental Data": "3,967", "Interest Paid Supplemental Data": "3,264", "Capital Expenditure": "-30,072", "Issuance of Capital Stock": "970", "Issuance of Debt": "23,750", "Repayment of Debt": "-5,129", "Repurchase of Capital Stock": "-1,154", "Free Cash Flow": "-22,399"}}}}, {"CLRI": {"quote": {"05/11/2021": {"value": "0.0650", "Market Cap": "14.56M", "Beta (5Y Monthly)": "0.68", "PE Ratio (TTM)": "65.00", "EPS (TTM)": "0.0010", "Earnings Date": "N/A", "Forward Dividend & Yield": "N/A (N/A)", "Ex-Dividend Date": "N/A", "1y Target Est": "N/A"}}, "fin": {"TTM": {"Duration": "TTM", "Total Revenue": "1,638", "Cost of Revenue": "398.433", "Gross Profit": "1,239", "Operating Expense": "1,043", "Operating Income": "196.553", "Net Non Operating Interest Income Expense": "-8.727", "Other Income Expense": "-", "Pretax Income": "183.711", "Tax Provision": "0", "Net Income Common Stockholders": "11.167", "Diluted NI Available to Com Stockholders": "11.167", "Basic EPS": "-", "Diluted EPS": "-", "Basic Average Shares": "-", "Diluted Average Shares": "-", "Total Operating Income as Reported": "-", "Total Expenses": "1,441", "Net Income from Continuing & Discontinued Operation": "52.317", "Normalized Income": "183.711", "Interest Expense": "8.727", "Net Interest Income": "-8.727", "EBIT": "196.553", "EBITDA": "325.061", "Reconciled Cost of Revenue": "398.433", "Reconciled Depreciation": "128.508", "Net Income from Continuing Operation Net Minority Interest": "183.711", "Total Unusual Items Excluding Goodwill": "-", "Total Unusual Items": "-", "Normalized EBITDA": "325.061", "Tax Rate for Calcs": "0", "Tax Effect of Unusual Items": "0"}, "9/30/2020": {"Duration": "9/30/2020", "Total Revenue": "1,752", "Cost of Revenue": "407.136", "Gross Profit": "1,345", "Operating Expense": "1,106", "Operating Income": "238.932", "Net Non Operating Interest Income Expense": "-8.727", "Other Income Expense": "-", "Pretax Income": "230.205", "Tax Provision": "0", "Net Income Common Stockholders": "124.119", "Diluted NI Available to Com Stockholders": "124.119", "Basic EPS": "-", "Diluted EPS": "-", "Basic Average Shares": "-", "Diluted Average Shares": "-", "Total Operating Income as Reported": "-", "Total Expenses": "1,513", "Net Income from Continuing & Discontinued Operation": "165.269", "Normalized Income": "230.205", "Interest Expense": "8.727", "Net Interest Income": "-8.727", "EBIT": "238.932", "EBITDA": "-", "Reconciled Cost of Revenue": "407.136", "Reconciled Depreciation": "11.48", "Net Income from Continuing Operation Net Minority Interest": "230.205", "Total Unusual Items Excluding Goodwill": "-", "Total Unusual Items": "-", "Normalized EBITDA": "250.412", "Tax Rate for Calcs": "0", "Tax Effect of Unusual Items": "0"}, "9/30/2019": {"Duration": "9/30/2019", "Total Revenue": "1,164", "Cost of Revenue": "246.117", "Gross Profit": "918.074", "Operating Expense": "1,226", "Operating Income": "-307.66", "Net Non Operating Interest Income Expense": "-", "Other Income Expense": "235.609", "Pretax Income": "-72.051", "Tax Provision": "0", "Net Income Common Stockholders": "-217.636", "Diluted NI Available to Com Stockholders": "-217.636", "Basic EPS": "-0.00", "Diluted EPS": "-0.00", "Basic Average Shares": "206,415", "Diluted Average Shares": "206,415", "Total Operating Income as Reported": "-", "Total Expenses": "1,472", "Net Income from Continuing & Discontinued Operation": "-176.598", "Normalized Income": "-72.051", "Interest Expense": "-", "Net Interest Income": "-", "EBIT": "-307.66", "EBITDA": "-", "Reconciled Cost of Revenue": "246.117", "Reconciled Depreciation": "73.242", "Net Income from Continuing Operation Net Minority Interest": "-72.051", "Total Unusual Items Excluding Goodwill": "-", "Total Unusual Items": "-", "Normalized EBITDA": "-234.418", "Tax Rate for Calcs": "0", "Tax Effect of Unusual Items": "0"}, "9/30/2018": {"Duration": "9/30/2018", "Total Revenue": "782.232", "Cost of Revenue": "123.644", "Gross Profit": "658.588", "Operating Expense": "1,104", "Operating Income": "-445.641", "Net Non Operating Interest Income Expense": "-", "Other Income Expense": "-13.324", "Pretax Income": "-458.965", "Tax Provision": "0", "Net Income Common Stockholders": "-576.543", "Diluted NI Available to Com Stockholders": "-576.543", "Basic EPS": "-0.00", "Diluted EPS": "-0.00", "Basic Average Shares": "203,899", "Diluted Average Shares": "203,899", "Total Operating Income as Reported": "-", "Total Expenses": "1,228", "Net Income from Continuing & Discontinued Operation": "-532.809", "Normalized Income": "-458.965", "Interest Expense": "-", "Net Interest Income": "-", "EBIT": "-445.641", "EBITDA": "-", "Reconciled Cost of Revenue": "123.644", "Reconciled Depreciation": "113.52", "Net Income from Continuing Operation Net Minority Interest": "-458.965", "Total Unusual Items Excluding Goodwill": "-", "Total Unusual Items": "-", "Normalized EBITDA": "-332.121", "Tax Rate for Calcs": "0", "Tax Effect of Unusual Items": "0"}}, "bs": {"9/30/2020": {"Duration": "9/30/2020", "Total Assets": "393.332", "Total Liabilities Net Minority Interest": "1,180", "Total Equity Gross Minority Interest": "-786.796", "Total Capitalization": "-699.013", "Preferred Stock Equity": "0.087", "Common Stock Equity": "-786.883", "Net Tangible Assets": "-786.796", "Working Capital": "-686.621", "Invested Capital": "-631.709", "Tangible Book Value": "-786.883", "Total Debt": "155.174", "Net Debt": "79.191", "Share Issued": "223,995", "Ordinary Shares Number": "223,995"}, "9/30/2019": {"Duration": "9/30/2019", "Total Assets": "302.162", "Total Liabilities Net Minority Interest": "1,480", "Total Equity Gross Minority Interest": "-1,177", "Total Capitalization": "-1,138", "Preferred Stock Equity": "0.087", "Common Stock Equity": "-1,177", "Net Tangible Assets": "-1,188", "Working Capital": "-1,047", "Invested Capital": "-1,085", "Tangible Book Value": "-1,188", "Total Debt": "92.869", "Net Debt": "65.171", "Share Issued": "211,995", "Ordinary Shares Number": "211,995"}, "9/30/2018": {"Duration": "9/30/2018", "Total Assets": "217.612", "Total Liabilities Net Minority Interest": "1,406", "Total Equity Gross Minority Interest": "-1,188", "Total Capitalization": "-1,188", "Preferred Stock Equity": "0.087", "Common Stock Equity": "-1,188", "Net Tangible Assets": "-1,272", "Working Capital": "-1,169", "Invested Capital": "-1,041", "Tangible Book Value": "-1,272", "Total Debt": "147.589", "Net Debt": "147.176", "Share Issued": "203,899", "Ordinary Shares Number": "203,899"}}, "cf": {"TTM": {"Duration": "TTM", "Operating Cash Flow": "133.532", "Investing Cash Flow": "0", "Financing Cash Flow": "-25.516", "End Cash Position": "109.939", "Income Tax Paid Supplemental Data": "0", "Interest Paid Supplemental Data": "9.225", "Capital Expenditure": "-9.029", "Issuance of Capital Stock": "0", "Issuance of Debt": "104.962", "Repayment of Debt": "-123.274", "Repurchase of Capital Stock": "-", "Free Cash Flow": "133.532"}, "9/30/2020": {"Duration": "9/30/2020", "Operating Cash Flow": "-1.802", "Investing Cash Flow": "-34.029", "Financing Cash Flow": "84.116", "End Cash Position": "75.983", "Income Tax Paid Supplemental Data": "0", "Interest Paid Supplemental Data": "13.93", "Capital Expenditure": "-9.029", "Issuance of Capital Stock": "-", "Issuance of Debt": "211.689", "Repayment of Debt": "-127.573", "Repurchase of Capital Stock": "-", "Free Cash Flow": "-10.831"}, "9/30/2019": {"Duration": "9/30/2019", "Operating Cash Flow": "-69.357", "Investing Cash Flow": "0", "Financing Cash Flow": "96.642", "End Cash Position": "27.698", "Income Tax Paid Supplemental Data": "0", "Interest Paid Supplemental Data": "4.792", "Capital Expenditure": "-", "Issuance of Capital Stock": "100", "Issuance of Debt": "43.81", "Repayment of Debt": "-39.964", "Repurchase of Capital Stock": "-", "Free Cash Flow": "-69.357"}, "9/30/2018": {"Duration": "9/30/2018", "Operating Cash Flow": "-21.365", "Investing Cash Flow": "-", "Financing Cash Flow": "14.218", "End Cash Position": "0.413", "Income Tax Paid Supplemental Data": "0", "Interest Paid Supplemental Data": "1.338", "Capital Expenditure": "-", "Issuance of Capital Stock": "0", "Issuance of Debt": "30", "Repayment of Debt": "-15.782", "Repurchase of Capital Stock": "-", "Free Cash Flow": "-21.365"}}}}, {"S": {"fin": {}, "bs": {}, "cf": {}}}, {"CHL": {"fin": {}, "bs": {}, "cf": {}}}, {"FSNN": {"fin": {}, "bs": {}, "cf": {}}}, {"NIHD": {"fin": {}, "bs": {}, "cf": {}}}, {"UBNT": {"fin": {}, "bs": {}, "cf": {}}}, {"XGTI": {"fin": {}, "bs": {}, "cf": {}}}, {"SITO": {"fin": {}, "bs": {}, "cf": {}}}, {"TSU": {"fin": {}, "bs": {}, "cf": {}}}]