[{"MSFT": {"quote": {"03/20/2021": {"value": "230.35", "Market Cap": "1.737T", "Beta (5Y Monthly)": "0.81", "PE Ratio (TTM)": "34.34", "EPS (TTM)": "6.71", "Earnings Date": "Apr 27, 2021 - May 03, 2021", "Forward Dividend & Yield": "2.24 (0.97%)", "Ex-Dividend Date": "May 19, 2021", "1y Target Est": "272.71"}, "03/26/2021": {"value": "236.48", "Market Cap": "1.784T", "Beta (5Y Monthly)": "0.81", "PE Ratio (TTM)": "35.26", "EPS (TTM)": "6.71", "Earnings Date": "Apr 27, 2021 - May 03, 2021", "Forward Dividend & Yield": "2.24 (0.96%)", "Ex-Dividend Date": "May 19, 2021", "1y Target Est": "272.71"}}, "fin": {"TTM": {"Duration": "TTM", "Total Revenue": "159,969,000", "Cost of Revenue": "50,580,000", "Gross Profit": "109,389,000", "Operating Expense": "45,161,000", "Operating Income": "64,228,000", "Net Non Operating Interest Income Expense": "-2,930,000", "Other Income Expense": "3,821,000", "Pretax Income": "65,119,000", "Tax Provision": "9,104,000", "Net Income Common Stockholders": "56,015,000", "Diluted NI Available to Com Stockholders": "56,015,000", "Basic EPS": "-", "Diluted EPS": "-", "Basic Average Shares": "-", "Diluted Average Shares": "-", "Total Operating Income as Reported": "64,228,000", "Total Expenses": "95,741,000", "Net Income from Continuing & Discontinued Operation": "56,015,000", "Normalized Income": "52,793,572", "Interest Income": "-", "Interest Expense": "2,479,000", "Net Interest Income": "-2,930,000", "EBIT": "67,598,000", "EBITDA": "79,444,000", "Reconciled Cost of Revenue": "50,580,000", "Reconciled Depreciation": "11,846,000", "Net Income from Continuing Operation Net Minority Interest": "56,015,000", "Total Unusual Items Excluding Goodwill": "3,745,000", "Total Unusual Items": "3,745,000", "Normalized EBITDA": "75,699,000", "Tax Rate for Calcs": "0", "Tax Effect of Unusual Items": "523,572"}, "6/30/2020": {"Duration": "6/30/2020", "Total Revenue": "143,015,000", "Cost of Revenue": "46,078,000", "Gross Profit": "96,937,000", "Operating Expense": "43,978,000", "Operating Income": "52,959,000", "Net Non Operating Interest Income Expense": "-2,591,000", "Other Income Expense": "2,668,000", "Pretax Income": "53,036,000", "Tax Provision": "8,755,000", "Net Income Common Stockholders": "44,281,000", "Diluted NI Available to Com Stockholders": "44,281,000", "Basic EPS": "5.82", "Diluted EPS": "5.76", "Basic Average Shares": "7,610,000", "Diluted Average Shares": "7,683,000", "Total Operating Income as Reported": "52,959,000", "Total Expenses": "90,056,000", "Net Income from Continuing & Discontinued Operation": "44,281,000", "Normalized Income": "42,019,820", "Interest Income": "2,680,000", "Interest Expense": "2,591,000", "Net Interest Income": "-2,591,000", "EBIT": "55,627,000", "EBITDA": "-", "Reconciled Cost of Revenue": "46,078,000", "Reconciled Depreciation": "12,796,000", "Net Income from Continuing Operation Net Minority Interest": "44,281,000", "Total Unusual Items Excluding Goodwill": "2,708,000", "Total Unusual Items": "2,708,000", "Normalized EBITDA": "65,715,000", "Tax Rate for Calcs": "0", "Tax Effect of Unusual Items": "446,820"}, "6/30/2019": {"Duration": "6/30/2019", "Total Revenue": "125,843,000", "Cost of Revenue": "42,910,000", "Gross Profit": "82,933,000", "Operating Expense": "39,974,000", "Operating Income": "42,959,000", "Net Non Operating Interest Income Expense": "-2,686,000", "Other Income Expense": "3,415,000", "Pretax Income": "43,688,000", "Tax Provision": "4,448,000", "Net Income Common Stockholders": "39,240,000", "Diluted NI Available to Com Stockholders": "39,240,000", "Basic EPS": "5.11", "Diluted EPS": "5.06", "Basic Average Shares": "7,673,000", "Diluted Average Shares": "7,753,000", "Total Operating Income as Reported": "42,959,000", "Total Expenses": "82,884,000", "Net Income from Continuing & Discontinued Operation": "39,240,000", "Normalized Income": "36,122,144", "Interest Income": "-", "Interest Expense": "2,686,000", "Net Interest Income": "-2,686,000", "EBIT": "46,374,000", "EBITDA": "-", "Reconciled Cost of Revenue": "42,910,000", "Reconciled Depreciation": "11,682,000", "Net Income from Continuing Operation Net Minority Interest": "39,240,000", "Total Unusual Items Excluding Goodwill": "3,472,000", "Total Unusual Items": "3,472,000", "Normalized EBITDA": "54,584,000", "Tax Rate for Calcs": "0", "Tax Effect of Unusual Items": "354,144"}, "6/30/2018": {"Duration": "6/30/2018", "Total Revenue": "110,360,000", "Cost of Revenue": "38,353,000", "Gross Profit": "72,007,000", "Operating Expense": "36,949,000", "Operating Income": "35,058,000", "Net Non Operating Interest Income Expense": "-2,733,000", "Other Income Expense": "4,149,000", "Pretax Income": "36,474,000", "Tax Provision": "19,903,000", "Net Income Common Stockholders": "16,571,000", "Diluted NI Available to Com Stockholders": "16,571,000", "Basic EPS": "2.15", "Diluted EPS": "2.13", "Basic Average Shares": "7,700,000", "Diluted Average Shares": "7,794,000", "Total Operating Income as Reported": "35,058,000", "Total Expenses": "75,302,000", "Net Income from Continuing & Discontinued Operation": "16,571,000", "Normalized Income": "13,499,160", "Interest Income": "-", "Interest Expense": "2,733,000", "Net Interest Income": "-2,733,000", "EBIT": "39,207,000", "EBITDA": "-", "Reconciled Cost of Revenue": "38,353,000", "Reconciled Depreciation": "10,261,000", "Net Income from Continuing Operation Net Minority Interest": "16,571,000", "Total Unusual Items Excluding Goodwill": "4,208,000", "Total Unusual Items": "4,208,000", "Normalized EBITDA": "45,260,000", "Tax Rate for Calcs": "0", "Tax Effect of Unusual Items": "1,136,160"}}, "bs": {"6/30/2020": {"Duration": "6/30/2020", "Total Assets": "301,311,000", "Total Liabilities Net Minority Interest": "183,007,000", "Total Equity Gross Minority Interest": "118,304,000", "Total Capitalization": "177,882,000", "Common Stock Equity": "118,304,000", "Capital Lease Obligations": "7,671,000", "Net Tangible Assets": "67,915,000", "Working Capital": "109,605,000", "Invested Capital": "181,631,000", "Tangible Book Value": "67,915,000", "Total Debt": "70,998,000", "Net Debt": "49,751,000", "Share Issued": "7,571,000", "Ordinary Shares Number": "7,571,000"}, "6/30/2019": {"Duration": "6/30/2019", "Total Assets": "286,556,000", "Total Liabilities Net Minority Interest": "184,226,000", "Total Equity Gross Minority Interest": "102,330,000", "Total Capitalization": "168,992,000", "Common Stock Equity": "102,330,000", "Capital Lease Obligations": "6,188,000", "Net Tangible Assets": "52,554,000", "Working Capital": "106,132,000", "Invested Capital": "174,508,000", "Tangible Book Value": "52,554,000", "Total Debt": "78,366,000", "Net Debt": "60,822,000", "Share Issued": "7,643,000", "Ordinary Shares Number": "7,643,000"}, "6/30/2018": {"Duration": "6/30/2018", "Total Assets": "258,848,000", "Total Liabilities Net Minority Interest": "176,130,000", "Total Equity Gross Minority Interest": "82,718,000", "Total Capitalization": "154,960,000", "Common Stock Equity": "82,718,000", "Capital Lease Obligations": "5,568,000", "Net Tangible Assets": "38,982,000", "Working Capital": "111,174,000", "Invested Capital": "158,958,000", "Tangible Book Value": "38,982,000", "Total Debt": "81,808,000", "Net Debt": "64,294,000", "Share Issued": "7,677,000", "Ordinary Shares Number": "7,677,000"}}, "cf": {"TTM": {"Duration": "TTM", "Operating Cash Flow": "72,703,000", "Investing Cash Flow": "-21,186,000", "Financing Cash Flow": "-49,377,000", "End Cash Position": "13,850,000", "Capital Expenditure": "-18,914,000", "Issuance of Capital Stock": "1,583,000", "Issuance of Debt": "-", "Repayment of Debt": "-3,750,000", "Repurchase of Capital Stock": "-25,999,000", "Free Cash Flow": "53,789,000"}, "6/30/2020": {"Duration": "6/30/2020", "Operating Cash Flow": "60,675,000", "Investing Cash Flow": "-12,223,000", "Financing Cash Flow": "-46,031,000", "End Cash Position": "13,576,000", "Capital Expenditure": "-15,441,000", "Issuance of Capital Stock": "1,343,000", "Issuance of Debt": "0", "Repayment of Debt": "-5,518,000", "Repurchase of Capital Stock": "-22,968,000", "Free Cash Flow": "45,234,000"}, "6/30/2019": {"Duration": "6/30/2019", "Operating Cash Flow": "52,185,000", "Investing Cash Flow": "-15,773,000", "Financing Cash Flow": "-36,887,000", "End Cash Position": "11,356,000", "Capital Expenditure": "-13,925,000", "Issuance of Capital Stock": "1,142,000", "Issuance of Debt": "0", "Repayment of Debt": "-4,000,000", "Repurchase of Capital Stock": "-19,543,000", "Free Cash Flow": "38,260,000"}, "6/30/2018": {"Duration": "6/30/2018", "Operating Cash Flow": "43,884,000", "Investing Cash Flow": "-6,061,000", "Financing Cash Flow": "-33,590,000", "End Cash Position": "11,946,000", "Capital Expenditure": "-11,632,000", "Issuance of Capital Stock": "1,002,000", "Issuance of Debt": "7,183,000", "Repayment of Debt": "-10,060,000", "Repurchase of Capital Stock": "-10,721,000", "Free Cash Flow": "32,252,000"}}}}, {"ADP": {"quote": {"03/26/2021": {"value": "192.69", "Market Cap": "82.46B", "Beta (5Y Monthly)": "0.74", "PE Ratio (TTM)": "33.40", "EPS (TTM)": "5.77", "Earnings Date": "Apr 28, 2021", "Forward Dividend & Yield": "3.72 (1.99%)", "Ex-Dividend Date": "Mar 11, 2021", "1y Target Est": "181.72"}}, "fin": {"TTM": {"Duration": "TTM", "Total Revenue": "14,645,200", "Cost of Revenue": "8,501,900", "Gross Profit": "6,143,300", "Operating Expense": "2,965,400", "Operating Income": "3,177,900", "Net Non Operating Interest Income Expense": "-99,200", "Other Income Expense": "116,700", "Pretax Income": "3,195,400", "Tax Provision": "723,500", "Net Income Common Stockholders": "2,471,900", "Diluted NI Available to Com Stockholders": "2,471,900", "Basic EPS": "-", "Diluted EPS": "-", "Basic Average Shares": "-", "Diluted Average Shares": "-", "Total Expenses": "11,467,300", "Net Income from Continuing & Discontinued Operation": "2,471,900", "Normalized Income": "2,480,100", "Interest Income": "-", "Interest Expense": "58,000", "Net Interest Income": "-99,200", "EBIT": "3,253,400", "EBITDA": "3,762,600", "Reconciled Cost of Revenue": "8,501,900", "Reconciled Depreciation": "509,200", "Net Income from Continuing Operation Net Minority Interest": "2,471,900", "Total Unusual Items Excluding Goodwill": "-10,600", "Total Unusual Items": "-10,600", "Normalized EBITDA": "3,773,200", "Tax Rate for Calcs": "0", "Tax Effect of Unusual Items": "-2,400"}, "6/30/2020": {"Duration": "6/30/2020", "Total Revenue": "14,589,800", "Cost of Revenue": "8,445,100", "Gross Profit": "6,144,700", "Operating Expense": "3,003,000", "Operating Income": "3,141,700", "Net Non Operating Interest Income Expense": "-107,100", "Other Income Expense": "148,000", "Pretax Income": "3,182,600", "Tax Provision": "716,100", "Net Income Common Stockholders": "2,466,500", "Diluted NI Available to Com Stockholders": "2,466,500", "Basic EPS": "5.73", "Diluted EPS": "5.70", "Basic Average Shares": "430,800", "Diluted Average Shares": "432,700", "Total Expenses": "11,448,100", "Net Income from Continuing & Discontinued Operation": "2,466,500", "Normalized Income": "2,466,500", "Interest Income": "84,500", "Interest Expense": "107,100", "Net Interest Income": "-107,100", "EBIT": "3,289,700", "EBITDA": "-", "Reconciled Cost of Revenue": "8,445,100", "Reconciled Depreciation": "480,000", "Net Income from Continuing Operation Net Minority Interest": "2,466,500", "Total Unusual Items Excluding Goodwill": "-11,000", "Total Unusual Items": "-11,000", "Normalized EBITDA": "3,769,700", "Tax Rate for Calcs": "0", "Tax Effect of Unusual Items": "0"}, "6/30/2019": {"Duration": "6/30/2019", "Total Revenue": "14,175,200", "Cost of Revenue": "8,086,600", "Gross Profit": "6,088,600", "Operating Expense": "3,064,200", "Operating Income": "3,024,400", "Net Non Operating Interest Income Expense": "-32,300", "Other Income Expense": "13,500", "Pretax Income": "3,005,600", "Tax Provision": "712,800", "Net Income Common Stockholders": "2,292,800", "Diluted NI Available to Com Stockholders": "2,292,800", "Basic EPS": "5.27", "Diluted EPS": "5.24", "Basic Average Shares": "435,000", "Diluted Average Shares": "437,600", "Total Expenses": "11,150,800", "Net Income from Continuing & Discontinued Operation": "2,292,800", "Normalized Income": "2,287,612", "Interest Income": "97,600", "Interest Expense": "129,900", "Net Interest Income": "-32,300", "EBIT": "3,135,500", "EBITDA": "-", "Reconciled Cost of Revenue": "8,086,600", "Reconciled Depreciation": "409,000", "Net Income from Continuing Operation Net Minority Interest": "2,292,800", "Total Unusual Items Excluding Goodwill": "6,800", "Total Unusual Items": "6,800", "Normalized EBITDA": "3,537,700", "Tax Rate for Calcs": "0", "Tax Effect of Unusual Items": "1,612"}, "6/30/2018": {"Duration": "6/30/2018", "Total Revenue": "13,325,800", "Cost of Revenue": "7,842,600", "Gross Profit": "5,483,200", "Operating Expense": "2,971,500", "Operating Income": "2,511,700", "Net Non Operating Interest Income Expense": "-19,200", "Other Income Expense": "-321,400", "Pretax Income": "2,171,100", "Tax Provision": "550,300", "Net Income Common Stockholders": "1,620,800", "Diluted NI Available to Com Stockholders": "1,620,800", "Basic EPS": "3.68", "Diluted EPS": "3.66", "Basic Average Shares": "440,600", "Diluted Average Shares": "443,300", "Total Expenses": "10,814,100", "Net Income from Continuing & Discontinued Operation": "1,620,800", "Normalized Income": "1,860,886", "Interest Income": "83,500", "Interest Expense": "102,700", "Net Interest Income": "-19,200", "EBIT": "2,273,800", "EBITDA": "-", "Reconciled Cost of Revenue": "7,842,600", "Reconciled Depreciation": "377,600", "Net Income from Continuing Operation Net Minority Interest": "1,620,800", "Total Unusual Items Excluding Goodwill": "-321,400", "Total Unusual Items": "-321,400", "Normalized EBITDA": "2,972,800", "Tax Rate for Calcs": "0", "Tax Effect of Unusual Items": "-81,314"}}, "bs": {"6/30/2020": {"Duration": "6/30/2020", "Total Assets": "39,165,500", "Total Liabilities Net Minority Interest": "33,413,300", "Total Equity Gross Minority Interest": "5,752,200", "Total Capitalization": "6,755,000", "Common Stock Equity": "5,752,200", "Capital Lease Obligations": "344,400", "Net Tangible Assets": "2,227,000", "Working Capital": "1,437,500", "Invested Capital": "7,756,800", "Tangible Book Value": "2,227,000", "Total Debt": "2,349,000", "Net Debt": "96,100", "Share Issued": "638,800", "Ordinary Shares Number": "429,900", "Treasury Shares Number": "208,900"}, "6/30/2019": {"Duration": "6/30/2019", "Total Assets": "41,887,700", "Total Liabilities Net Minority Interest": "36,487,800", "Total Equity Gross Minority Interest": "5,399,900", "Total Capitalization": "7,402,100", "Common Stock Equity": "5,399,900", "Capital Lease Obligations": "-", "Net Tangible Assets": "2,005,400", "Working Capital": "1,714,600", "Invested Capital": "7,402,100", "Tangible Book Value": "2,005,400", "Total Debt": "2,002,200", "Net Debt": "53,000", "Share Issued": "638,700", "Ordinary Shares Number": "434,200", "Treasury Shares Number": "204,500"}, "6/30/2018": {"Duration": "6/30/2018", "Total Assets": "37,088,700", "Total Liabilities Net Minority Interest": "33,629,100", "Total Equity Gross Minority Interest": "3,459,600", "Total Capitalization": "5,462,000", "Common Stock Equity": "3,459,600", "Capital Lease Obligations": "-", "Net Tangible Assets": "329,700", "Working Capital": "1,636,400", "Invested Capital": "5,462,000", "Tangible Book Value": "329,700", "Total Debt": "2,002,400", "Net Debt": "-", "Share Issued": "638,700", "Ordinary Shares Number": "438,800", "Treasury Shares Number": "199,900"}}, "cf": {"TTM": {"Duration": "TTM", "Operating Cash Flow": "3,217,100", "Investing Cash Flow": "311,300", "Financing Cash Flow": "7,997,100", "End Cash Position": "20,044,500", "Income Tax Paid Supplemental Data": "727,000", "Interest Paid Supplemental Data": "53,300", "Capital Expenditure": "-601,600", "Issuance of Debt": "-", "Repayment of Debt": "-753,800", "Repurchase of Capital Stock": "-902,500", "Free Cash Flow": "2,615,500"}, "6/30/2020": {"Duration": "6/30/2020", "Operating Cash Flow": "3,026,200", "Investing Cash Flow": "3,156,300", "Financing Cash Flow": "-5,890,600", "End Cash Position": "7,053,600", "Income Tax Paid Supplemental Data": "677,100", "Interest Paid Supplemental Data": "104,800", "Capital Expenditure": "-616,400", "Issuance of Debt": "-", "Repayment of Debt": "-2,200", "Repurchase of Capital Stock": "-1,006,300", "Free Cash Flow": "2,409,800"}, "6/30/2019": {"Duration": "6/30/2019", "Operating Cash Flow": "2,688,300", "Investing Cash Flow": "-2,197,700", "Financing Cash Flow": "-207,700", "End Cash Position": "6,796,200", "Income Tax Paid Supplemental Data": "633,800", "Interest Paid Supplemental Data": "127,500", "Capital Expenditure": "-566,500", "Issuance of Debt": "-", "Repayment of Debt": "-2,100", "Repurchase of Capital Stock": "-937,700", "Free Cash Flow": "2,121,800"}, "6/30/2018": {"Duration": "6/30/2018", "Operating Cash Flow": "2,515,200", "Investing Cash Flow": "-2,504,600", "Financing Cash Flow": "-1,655,900", "End Cash Position": "6,542,100", "Income Tax Paid Supplemental Data": "529,700", "Interest Paid Supplemental Data": "100,500", "Capital Expenditure": "-470,800", "Issuance of Debt": "0", "Repayment of Debt": "-7,300", "Repurchase of Capital Stock": "-989,300", "Free Cash Flow": "2,044,400"}}}}, {"JKHY": {"quote": {"03/26/2021": {"value": "155.19", "Market Cap": "11.806B", "Beta (5Y Monthly)": "0.57", "PE Ratio (TTM)": "39.90", "EPS (TTM)": "3.89", "Earnings Date": "May 03, 2021 - May 07, 2021", "Forward Dividend & Yield": "1.84 (1.20%)", "Ex-Dividend Date": "Mar 05, 2021", "1y Target Est": "169.27"}}, "fin": {"TTM": {"Duration": "TTM", "Total Revenue": "1,718,475", "Cost of Revenue": "1,043,316", "Gross Profit": "675,159", "Operating Expense": "299,034", "Operating Income": "376,125", "Net Non Operating Interest Income Expense": "-505", "Other Income Expense": "-", "Pretax Income": "378,715", "Tax Provision": "82,763", "Net Income Common Stockholders": "295,952", "Diluted NI Available to Com Stockholders": "295,952", "Basic EPS": "-", "Diluted EPS": "-", "Basic Average Shares": "-", "Diluted Average Shares": "-", "Total Operating Income as Reported": "379,220", "Total Expenses": "1,342,350", "Net Income from Continuing & Discontinued Operation": "295,952", "Normalized Income": "293,533", "Interest Income": "231", "Interest Expense": "736", "Net Interest Income": "-505", "EBIT": "379,451", "EBITDA": "379,451", "Reconciled Cost of Revenue": "1,043,316", "Reconciled Depreciation": "-", "Net Income from Continuing Operation Net Minority Interest": "295,952", "Total Unusual Items Excluding Goodwill": "0", "Total Unusual Items": "0", "Normalized EBITDA": "376,356", "Tax Rate for Calcs": "0", "Tax Effect of Unusual Items": "676.3701"}, "6/30/2020": {"Duration": "6/30/2020", "Total Revenue": "1,697,067", "Cost of Revenue": "1,008,464", "Gross Profit": "688,603", "Operating Expense": "307,976", "Operating Income": "380,627", "Net Non Operating Interest Income Expense": "449", "Other Income Expense": "-", "Pretax Income": "381,076", "Tax Provision": "84,408", "Net Income Common Stockholders": "296,668", "Diluted NI Available to Com Stockholders": "296,668", "Basic EPS": "3.87", "Diluted EPS": "3.86", "Basic Average Shares": "76,630", "Diluted Average Shares": "76,934", "Total Operating Income as Reported": "380,627", "Total Expenses": "1,316,440", "Net Income from Continuing & Discontinued Operation": "296,668", "Normalized Income": "296,668", "Interest Income": "1,137", "Interest Expense": "688", "Net Interest Income": "449", "EBIT": "381,764", "EBITDA": "-", "Reconciled Cost of Revenue": "1,008,464", "Reconciled Depreciation": "171,805", "Net Income from Continuing Operation Net Minority Interest": "296,668", "Total Unusual Items Excluding Goodwill": "0", "Total Unusual Items": "0", "Normalized EBITDA": "553,569", "Tax Rate for Calcs": "0", "Tax Effect of Unusual Items": "0"}, "6/30/2019": {"Duration": "6/30/2019", "Total Revenue": "1,552,691", "Cost of Revenue": "923,030", "Gross Profit": "629,661", "Operating Expense": "282,376", "Operating Income": "347,285", "Net Non Operating Interest Income Expense": "-50", "Other Income Expense": "-", "Pretax Income": "347,235", "Tax Provision": "75,350", "Net Income Common Stockholders": "271,885", "Diluted NI Available to Com Stockholders": "271,885", "Basic EPS": "3.53", "Diluted EPS": "3.52", "Basic Average Shares": "76,988", "Diluted Average Shares": "77,347", "Total Operating Income as Reported": "347,285", "Total Expenses": "1,205,406", "Net Income from Continuing & Discontinued Operation": "271,885", "Normalized Income": "271,885", "Interest Income": "876", "Interest Expense": "926", "Net Interest Income": "-50", "EBIT": "348,161", "EBITDA": "-", "Reconciled Cost of Revenue": "923,030", "Reconciled Depreciation": "160,633", "Net Income from Continuing Operation Net Minority Interest": "271,885", "Total Unusual Items Excluding Goodwill": "0", "Total Unusual Items": "0", "Normalized EBITDA": "508,794", "Tax Rate for Calcs": "0", "Tax Effect of Unusual Items": "0"}, "6/30/2018": {"Duration": "6/30/2018", "Total Revenue": "1,536,603", "Cost of Revenue": "873,642", "Gross Profit": "662,961", "Operating Expense": "272,486", "Operating Income": "390,475", "Net Non Operating Interest Income Expense": "-1,345", "Other Income Expense": "1,894", "Pretax Income": "391,024", "Tax Provision": "14,364", "Net Income Common Stockholders": "376,660", "Diluted NI Available to Com Stockholders": "376,660", "Basic EPS": "4.88", "Diluted EPS": "4.85", "Basic Average Shares": "77,171", "Diluted Average Shares": "77,585", "Total Operating Income as Reported": "392,369", "Total Expenses": "1,146,128", "Net Income from Continuing & Discontinued Operation": "376,660", "Normalized Income": "374,836", "Interest Income": "575", "Interest Expense": "1,920", "Net Interest Income": "-1,345", "EBIT": "392,944", "EBITDA": "-", "Reconciled Cost of Revenue": "873,642", "Reconciled Depreciation": "151,986", "Net Income from Continuing Operation Net Minority Interest": "376,660", "Total Unusual Items Excluding Goodwill": "1,894", "Total Unusual Items": "1,894", "Normalized EBITDA": "543,036", "Tax Rate for Calcs": "0", "Tax Effect of Unusual Items": "70.078"}}, "bs": {"6/30/2020": {"Duration": "6/30/2020", "Total Assets": "2,428,474", "Total Liabilities Net Minority Interest": "878,786", "Total Equity Gross Minority Interest": "1,549,688", "Total Capitalization": "1,549,688", "Common Stock Equity": "1,549,688", "Capital Lease Obligations": "323", "Net Tangible Assets": "397,863", "Working Capital": "174,256", "Invested Capital": "1,549,688", "Tangible Book Value": "397,863", "Total Debt": "323", "Share Issued": "103,623", "Ordinary Shares Number": "76,630", "Treasury Shares Number": "26,993"}, "6/30/2019": {"Duration": "6/30/2019", "Total Assets": "2,184,829", "Total Liabilities Net Minority Interest": "755,816", "Total Equity Gross Minority Interest": "1,429,013", "Total Capitalization": "1,429,013", "Common Stock Equity": "1,429,013", "Capital Lease Obligations": "-", "Net Tangible Assets": "310,933", "Working Capital": "99,486", "Invested Capital": "1,429,013", "Tangible Book Value": "310,933", "Total Debt": "-", "Share Issued": "103,496", "Ordinary Shares Number": "76,988", "Treasury Shares Number": "26,508"}, "6/30/2018": {"Duration": "6/30/2018", "Total Assets": "2,050,303", "Total Liabilities Net Minority Interest": "783,475", "Total Equity Gross Minority Interest": "1,266,828", "Total Capitalization": "1,266,828", "Common Stock Equity": "1,266,828", "Capital Lease Obligations": "-", "Net Tangible Assets": "175,226", "Working Capital": "-19,360", "Invested Capital": "1,266,828", "Tangible Book Value": "175,226", "Total Debt": "-", "Share Issued": "103,279", "Ordinary Shares Number": "77,171", "Treasury Shares Number": "26,108"}}, "cf": {"TTM": {"Duration": "TTM", "Operating Cash Flow": "-", "Investing Cash Flow": "-", "Financing Cash Flow": "-", "End Cash Position": "-", "Capital Expenditure": "-", "Issuance of Capital Stock": "-", "Issuance of Debt": "55,000", "Repayment of Debt": "-", "Repurchase of Capital Stock": "-", "Free Cash Flow": "-"}, "6/30/2020": {"Duration": "6/30/2020", "Operating Cash Flow": "510,532", "Investing Cash Flow": "-197,906", "Financing Cash Flow": "-192,909", "End Cash Position": "213,345", "Capital Expenditure": "-177,510", "Issuance of Capital Stock": "9,833", "Issuance of Debt": "55,000", "Repayment of Debt": "-55,033", "Repurchase of Capital Stock": "-71,549", "Free Cash Flow": "333,022"}, "6/30/2019": {"Duration": "6/30/2019", "Operating Cash Flow": "431,128", "Investing Cash Flow": "-190,635", "Financing Cash Flow": "-178,305", "End Cash Position": "93,628", "Capital Expenditure": "-170,781", "Issuance of Capital Stock": "9,040", "Issuance of Debt": "35,000", "Repayment of Debt": "-35,000", "Repurchase of Capital Stock": "-54,864", "Free Cash Flow": "260,347"}, "6/30/2018": {"Duration": "6/30/2018", "Operating Cash Flow": "412,142", "Investing Cash Flow": "-291,826", "Financing Cash Flow": "-203,641", "End Cash Position": "31,440", "Capital Expenditure": "-149,920", "Issuance of Capital Stock": "7,523", "Issuance of Debt": "125,000", "Repayment of Debt": "-175,000", "Repurchase of Capital Stock": "-48,986", "Free Cash Flow": "262,222"}}}}, {"AZPN": {"quote": {"03/26/2021": {"value": "144.90", "Market Cap": "9.829B", "Beta (5Y Monthly)": "1.33", "PE Ratio (TTM)": "33.21", "EPS (TTM)": "4.36", "Earnings Date": "May 04, 2021 - May 10, 2021", "Forward Dividend & Yield": "N/A (N/A)", "Ex-Dividend Date": "N/A", "1y Target Est": "163.33"}}, "fin": {"TTM": {"Duration": "TTM", "Total Revenue": "713,355", "Cost of Revenue": "60,994", "Gross Profit": "652,361", "Operating Expense": "283,543", "Operating Income": "368,818", "Net Non Operating Interest Income Expense": "26,331", "Other Income Expense": "-388", "Pretax Income": "394,761", "Tax Provision": "75,873", "Net Income Common Stockholders": "318,888", "Diluted NI Available to Com Stockholders": "318,888", "Basic EPS": "-", "Diluted EPS": "-", "Basic Average Shares": "-", "Diluted Average Shares": "-", "Total Operating Income as Reported": "368,818", "Total Expenses": "344,537", "Net Income from Continuing & Discontinued Operation": "318,888", "Normalized Income": "318,888", "Interest Income": "34,464", "Interest Expense": "8,133", "Net Interest Income": "26,331", "EBIT": "402,894", "EBITDA": "412,961", "Reconciled Cost of Revenue": "60,994", "Reconciled Depreciation": "10,067", "Net Income from Continuing Operation Net Minority Interest": "318,888", "Normalized EBITDA": "412,961", "Tax Rate for Calcs": "0", "Tax Effect of Unusual Items": "0"}, "6/30/2020": {"Duration": "6/30/2020", "Total Revenue": "598,717", "Cost of Revenue": "61,607", "Gross Profit": "537,110", "Operating Expense": "279,751", "Operating Income": "257,359", "Net Non Operating Interest Income Expense": "20,796", "Other Income Expense": "1,202", "Pretax Income": "279,357", "Tax Provision": "49,686", "Net Income Common Stockholders": "229,671", "Diluted NI Available to Com Stockholders": "229,671", "Basic EPS": "3.32", "Diluted EPS": "3.28", "Basic Average Shares": "68,000", "Diluted Average Shares": "68,727", "Total Operating Income as Reported": "257,359", "Total Expenses": "341,358", "Net Income from Continuing & Discontinued Operation": "229,671", "Normalized Income": "229,671", "Interest Income": "32,658", "Interest Expense": "11,862", "Net Interest Income": "20,796", "EBIT": "291,219", "EBITDA": "-", "Reconciled Cost of Revenue": "61,607", "Reconciled Depreciation": "9,550", "Net Income from Continuing Operation Net Minority Interest": "229,671", "Normalized EBITDA": "300,769", "Tax Rate for Calcs": "0", "Tax Effect of Unusual Items": "0"}, "6/30/2019": {"Duration": "6/30/2019", "Total Revenue": "598,345", "Cost of Revenue": "57,816", "Gross Profit": "540,529", "Operating Expense": "257,727", "Operating Income": "282,802", "Net Non Operating Interest Income Expense": "19,724", "Other Income Expense": "664", "Pretax Income": "303,190", "Tax Provision": "40,456", "Net Income Common Stockholders": "262,734", "Diluted NI Available to Com Stockholders": "262,734", "Basic EPS": "3.76", "Diluted EPS": "3.71", "Basic Average Shares": "69,925", "Diluted Average Shares": "70,787", "Total Operating Income as Reported": "282,802", "Total Expenses": "315,543", "Net Income from Continuing & Discontinued Operation": "262,734", "Normalized Income": "262,734", "Interest Income": "28,457", "Interest Expense": "8,733", "Net Interest Income": "19,724", "EBIT": "311,923", "EBITDA": "-", "Reconciled Cost of Revenue": "57,816", "Reconciled Depreciation": "8,143", "Net Income from Continuing Operation Net Minority Interest": "262,734", "Normalized EBITDA": "320,066", "Tax Rate for Calcs": "0", "Tax Effect of Unusual Items": "0"}, "6/30/2018": {"Duration": "6/30/2018", "Total Revenue": "499,514", "Cost of Revenue": "50,644", "Gross Profit": "448,870", "Operating Expense": "239,229", "Operating Income": "209,641", "Net Non Operating Interest Income Expense": "-5,460", "Other Income Expense": "-838", "Pretax Income": "203,343", "Tax Provision": "54,655", "Net Income Common Stockholders": "148,688", "Diluted NI Available to Com Stockholders": "148,688", "Basic EPS": "2.06", "Diluted EPS": "2.04", "Basic Average Shares": "72,140", "Diluted Average Shares": "72,956", "Total Operating Income as Reported": "209,641", "Total Expenses": "289,873", "Net Income from Continuing & Discontinued Operation": "148,688", "Normalized Income": "148,688", "Interest Income": "231", "Interest Expense": "5,691", "Net Interest Income": "-5,460", "EBIT": "209,034", "EBITDA": "-", "Reconciled Cost of Revenue": "50,644", "Reconciled Depreciation": "6,544", "Net Income from Continuing Operation Net Minority Interest": "148,688", "Normalized EBITDA": "215,578", "Tax Rate for Calcs": "0", "Tax Effect of Unusual Items": "0"}}, "bs": {"6/30/2020": {"Duration": "6/30/2020", "Total Assets": "1,223,306", "Total Liabilities Net Minority Interest": "756,953", "Total Equity Gross Minority Interest": "466,353", "Total Capitalization": "758,722", "Common Stock Equity": "466,353", "Capital Lease Obligations": "39,912", "Net Tangible Assets": "285,519", "Working Capital": "415,942", "Invested Capital": "893,885", "Tangible Book Value": "285,519", "Total Debt": "467,444", "Net Debt": "139,736", "Share Issued": "103,989", "Ordinary Shares Number": "67,719", "Treasury Shares Number": "36,270"}, "6/30/2019": {"Duration": "6/30/2019", "Total Assets": "903,065", "Total Liabilities Net Minority Interest": "509,780", "Total Equity Gross Minority Interest": "393,285", "Total Capitalization": "393,285", "Common Stock Equity": "393,285", "Capital Lease Obligations": "-", "Net Tangible Assets": "279,989", "Working Capital": "108,285", "Invested Capital": "613,285", "Tangible Book Value": "279,989", "Total Debt": "220,000", "Net Debt": "148,074", "Share Issued": "103,642", "Ordinary Shares Number": "68,625", "Treasury Shares Number": "35,018"}, "6/30/2018": {"Duration": "6/30/2018", "Total Assets": "264,924", "Total Liabilities Net Minority Interest": "549,039", "Total Equity Gross Minority Interest": "-284,115", "Total Capitalization": "-284,115", "Common Stock Equity": "-284,115", "Capital Lease Obligations": "-", "Net Tangible Assets": "-395,661", "Working Capital": "-371,103", "Invested Capital": "-114,115", "Tangible Book Value": "-395,661", "Total Debt": "170,000", "Net Debt": "73,835", "Share Issued": "103,130", "Ordinary Shares Number": "71,187", "Treasury Shares Number": "31,944"}}, "cf": {"TTM": {"Duration": "TTM", "Operating Cash Flow": "272,619", "Investing Cash Flow": "-18,998", "Financing Cash Flow": "-129,485", "End Cash Position": "316,308", "Income Tax Paid Supplemental Data": "62,523", "Interest Paid Supplemental Data": "9,870", "Capital Expenditure": "-1,795", "Issuance of Capital Stock": "16,148", "Issuance of Debt": "129,163", "Repayment of Debt": "-135,182", "Repurchase of Capital Stock": "-252,655", "Free Cash Flow": "270,824"}, "6/30/2020": {"Duration": "6/30/2020", "Operating Cash Flow": "243,258", "Investing Cash Flow": "-76,203", "Financing Cash Flow": "49,435", "End Cash Position": "287,796", "Income Tax Paid Supplemental Data": "39,533", "Interest Paid Supplemental Data": "12,444", "Capital Expenditure": "-1,419", "Issuance of Capital Stock": "9,004", "Issuance of Debt": "219,163", "Repayment of Debt": "-8,000", "Repurchase of Capital Stock": "-152,432", "Free Cash Flow": "241,839"}, "6/30/2019": {"Duration": "6/30/2019", "Operating Cash Flow": "238,313", "Investing Cash Flow": "-7,665", "Financing Cash Flow": "-254,527", "End Cash Position": "71,926", "Income Tax Paid Supplemental Data": "53,153", "Interest Paid Supplemental Data": "8,121", "Capital Expenditure": "-1,567", "Issuance of Capital Stock": "10,864", "Issuance of Debt": "50,000", "Repayment of Debt": "0", "Repurchase of Capital Stock": "-299,214", "Free Cash Flow": "236,746"}, "6/30/2018": {"Duration": "6/30/2018", "Operating Cash Flow": "206,936", "Investing Cash Flow": "-34,360", "Financing Cash Flow": "-178,479", "End Cash Position": "96,165", "Income Tax Paid Supplemental Data": "50,557", "Interest Paid Supplemental Data": "5,038", "Capital Expenditure": "-660", "Issuance of Capital Stock": "-", "Issuance of Debt": "30,000", "Repayment of Debt": "-351", "Repurchase of Capital Stock": "-205,049", "Free Cash Flow": "206,276"}}}}, {"DOX": {"quote": {"03/26/2021": {"value": "82.16", "Market Cap": "10.749B", "Beta (5Y Monthly)": "0.81", "PE Ratio (TTM)": "16.03", "EPS (TTM)": "5.12", "Earnings Date": "May 05, 2021 - May 10, 2021", "Forward Dividend & Yield": "1.44 (1.80%)", "Ex-Dividend Date": "Mar 30, 2021", "1y Target Est": "83.67"}}, "fin": {"TTM": {"Duration": "TTM", "Total Revenue": "4,213,425", "Cost of Revenue": "2,797,967", "Gross Profit": "1,415,458", "Operating Expense": "824,077", "Operating Income": "591,381", "Net Non Operating Interest Income Expense": "-12,332", "Other Income Expense": "-", "Pretax Income": "800,217", "Tax Provision": "118,677", "Net Income Common Stockholders": "676,060", "Average Dilution Earnings": "14", "Diluted NI Available to Com Stockholders": "676,074", "Basic EPS": "-", "Diluted EPS": "-", "Basic Average Shares": "-", "Diluted Average Shares": "-", "Total Operating Income as Reported": "591,381", "Total Expenses": "3,622,044", "Net Income from Continuing & Discontinued Operation": "681,540", "Normalized Income": "488,708", "Interest Income": "-", "Interest Expense": "16,565", "Net Interest Income": "-12,332", "EBIT": "590,372", "EBITDA": "791,488", "Reconciled Cost of Revenue": "2,673,568", "Reconciled Depreciation": "201,116", "Net Income from Continuing Operation Net Minority Interest": "681,540", "Total Unusual Items Excluding Goodwill": "226,410", "Total Unusual Items": "226,410", "Normalized EBITDA": "565,078", "Tax Rate for Calcs": "0", "Tax Effect of Unusual Items": "33,578"}, "9/30/2020": {"Duration": "9/30/2020", "Total Revenue": "4,169,039", "Cost of Revenue": "2,755,563", "Gross Profit": "1,413,476", "Operating Expense": "818,718", "Operating Income": "594,758", "Net Non Operating Interest Income Expense": "-6,194", "Other Income Expense": "-5,242", "Pretax Income": "583,322", "Tax Provision": "85,482", "Net Income Common Stockholders": "494,177", "Average Dilution Earnings": "11", "Diluted NI Available to Com Stockholders": "494,188", "Basic EPS": "3.73", "Diluted EPS": "3.71", "Basic Average Shares": "133,590", "Diluted Average Shares": "134,232", "Total Operating Income as Reported": "594,758", "Total Expenses": "3,574,281", "Net Income from Continuing & Discontinued Operation": "497,840", "Normalized Income": "500,725", "Interest Income": "4,233", "Interest Expense": "10,427", "Net Interest Income": "-6,194", "EBIT": "593,749", "EBITDA": "-", "Reconciled Cost of Revenue": "2,635,291", "Reconciled Depreciation": "198,409", "Net Income from Continuing Operation Net Minority Interest": "497,840", "Total Unusual Items Excluding Goodwill": "-3,382", "Total Unusual Items": "-3,382", "Normalized EBITDA": "795,540", "Tax Rate for Calcs": "0", "Tax Effect of Unusual Items": "-497.154"}, "9/30/2019": {"Duration": "9/30/2019", "Total Revenue": "4,086,669", "Cost of Revenue": "2,653,172", "Gross Profit": "1,433,497", "Operating Expense": "863,751", "Operating Income": "569,746", "Net Non Operating Interest Income Expense": "6,001", "Other Income Expense": "-7,860", "Pretax Income": "567,887", "Tax Provision": "88,441", "Net Income Common Stockholders": "476,151", "Average Dilution Earnings": "12", "Diluted NI Available to Com Stockholders": "476,163", "Basic EPS": "3.49", "Diluted EPS": "3.47", "Basic Average Shares": "137,418", "Diluted Average Shares": "138,108", "Total Operating Income as Reported": "569,746", "Total Expenses": "3,516,923", "Net Income from Continuing & Discontinued Operation": "479,446", "Normalized Income": "486,080", "Interest Income": "6,225", "Interest Expense": "3,911", "Net Interest Income": "6,001", "EBIT": "571,798", "EBITDA": "-", "Reconciled Cost of Revenue": "2,544,758", "Reconciled Depreciation": "205,772", "Net Income from Continuing Operation Net Minority Interest": "479,446", "Total Unusual Items Excluding Goodwill": "-7,860", "Total Unusual Items": "-7,860", "Normalized EBITDA": "785,430", "Tax Rate for Calcs": "0", "Tax Effect of Unusual Items": "-1,226"}, "9/30/2018": {"Duration": "9/30/2018", "Total Revenue": "3,974,837", "Cost of Revenue": "2,595,276", "Gross Profit": "1,379,561", "Operating Expense": "866,197", "Operating Income": "513,364", "Net Non Operating Interest Income Expense": "-593", "Other Income Expense": "-91,230", "Pretax Income": "421,541", "Tax Provision": "67,145", "Net Income Common Stockholders": "351,746", "Average Dilution Earnings": "14", "Diluted NI Available to Com Stockholders": "351,760", "Basic EPS": "2.49", "Diluted EPS": "2.47", "Basic Average Shares": "142,422", "Diluted Average Shares": "143,703", "Total Operating Income as Reported": "428,307", "Total Expenses": "3,461,473", "Net Income from Continuing & Discontinued Operation": "354,396", "Normalized Income": "431,120", "Interest Income": "6,602", "Interest Expense": "2,764", "Net Interest Income": "-593", "EBIT": "424,305", "EBITDA": "-", "Reconciled Cost of Revenue": "2,492,541", "Reconciled Depreciation": "211,224", "Net Income from Continuing Operation Net Minority Interest": "354,396", "Total Unusual Items Excluding Goodwill": "-91,230", "Total Unusual Items": "-91,230", "Normalized EBITDA": "726,759", "Tax Rate for Calcs": "0", "Tax Effect of Unusual Items": "-14,506"}}, "bs": {"9/30/2020": {"Duration": "9/30/2020", "Total Assets": "6,341,621", "Total Liabilities Net Minority Interest": "2,676,466", "Total Equity Gross Minority Interest": "3,665,155", "Total Capitalization": "4,266,669", "Common Stock Equity": "3,622,646", "Capital Lease Obligations": "289,176", "Net Tangible Assets": "747,667", "Working Capital": "858,377", "Invested Capital": "4,366,669", "Tangible Book Value": "747,667", "Total Debt": "1,033,199", "Share Issued": "279,579", "Ordinary Shares Number": "131,536", "Treasury Shares Number": "148,043"}, "9/30/2019": {"Duration": "9/30/2019", "Total Assets": "5,292,826", "Total Liabilities Net Minority Interest": "1,750,360", "Total Equity Gross Minority Interest": "3,542,466", "Total Capitalization": "3,499,957", "Common Stock Equity": "3,499,957", "Capital Lease Obligations": "-", "Net Tangible Assets": "831,960", "Working Capital": "467,644", "Invested Capital": "3,499,957", "Tangible Book Value": "831,960", "Total Debt": "-", "Share Issued": "277,148", "Ordinary Shares Number": "134,773", "Treasury Shares Number": "142,375"}, "9/30/2018": {"Duration": "9/30/2018", "Total Assets": "5,347,815", "Total Liabilities Net Minority Interest": "1,855,773", "Total Equity Gross Minority Interest": "3,492,042", "Total Capitalization": "3,448,879", "Common Stock Equity": "3,448,879", "Capital Lease Obligations": "-", "Net Tangible Assets": "738,735", "Working Capital": "425,760", "Invested Capital": "3,448,879", "Tangible Book Value": "738,735", "Total Debt": "-", "Share Issued": "275,896", "Ordinary Shares Number": "140,177", "Treasury Shares Number": "135,719"}}, "cf": {"TTM": {"Duration": "TTM", "Operating Cash Flow": "910,713", "Investing Cash Flow": "-343,441", "Financing Cash Flow": "283,422", "End Cash Position": "1,336,569", "Income Tax Paid Supplemental Data": "50,880", "Interest Paid Supplemental Data": "13,268", "Capital Expenditure": "-197,040", "Issuance of Debt": "-", "Repayment of Debt": "-", "Repurchase of Capital Stock": "-360,914", "Free Cash Flow": "713,673"}, "9/30/2020": {"Duration": "9/30/2020", "Operating Cash Flow": "658,136", "Investing Cash Flow": "-461,725", "Financing Cash Flow": "315,145", "End Cash Position": "983,188", "Income Tax Paid Supplemental Data": "45,398", "Interest Paid Supplemental Data": "5,392", "Capital Expenditure": "-205,510", "Issuance of Debt": "1,093,919", "Repayment of Debt": "-350,000", "Repurchase of Capital Stock": "-360,912", "Free Cash Flow": "452,626"}, "9/30/2019": {"Duration": "9/30/2019", "Operating Cash Flow": "656,377", "Investing Cash Flow": "-86,756", "Financing Cash Flow": "-516,772", "End Cash Position": "471,632", "Income Tax Paid Supplemental Data": "75,790", "Interest Paid Supplemental Data": "7,348", "Capital Expenditure": "-128,086", "Issuance of Debt": "0", "Repayment of Debt": "0", "Repurchase of Capital Stock": "-398,057", "Free Cash Flow": "528,291"}, "9/30/2018": {"Duration": "9/30/2018", "Operating Cash Flow": "557,249", "Investing Cash Flow": "-362,392", "Financing Cash Flow": "-425,685", "End Cash Position": "418,783", "Income Tax Paid Supplemental Data": "55,938", "Interest Paid Supplemental Data": "2,009", "Capital Expenditure": "-231,146", "Issuance of Debt": "120,000", "Repayment of Debt": "-120,000", "Repurchase of Capital Stock": "-419,228", "Free Cash Flow": "326,103"}}}}, {"ASUR": {"quote": {"03/26/2021": {"value": "7.70", "Market Cap": "146.431M", "Beta (5Y Monthly)": "1.17", "PE Ratio (TTM)": "N/A", "EPS (TTM)": "-1.03", "Earnings Date": "Mar 11, 2021", "Forward Dividend & Yield": "N/A (N/A)", "Ex-Dividend Date": "N/A", "1y Target Est": "30.44"}}, "fin": {"TTM": {"Duration": "TTM", "Total Revenue": "65,507", "Cost of Revenue": "27,414", "Gross Profit": "38,093", "Operating Expense": "51,846", "Operating Income": "-13,753", "Net Non Operating Interest Income Expense": "-2,221", "Other Income Expense": "-35,060", "Pretax Income": "-15,974", "Tax Provision": "337", "Net Income Common Stockholders": "-16,311", "Diluted NI Available to Com Stockholders": "-16,311", "Basic EPS": "-", "Diluted EPS": "-", "Basic Average Shares": "-", "Diluted Average Shares": "-", "Total Operating Income as Reported": "-13,753", "Total Expenses": "79,260", "Net Income from Continuing & Discontinued Operation": "-16,311", "Normalized Income": "-16,311", "Interest Expense": "2,221", "Net Interest Income": "-2,221", "EBIT": "-13,753", "EBITDA": "2,416", "Reconciled Cost of Revenue": "20,792", "Reconciled Depreciation": "16,169", "Net Income from Continuing Operation Net Minority Interest": "-16,311", "Total Unusual Items Excluding Goodwill": "0", "Total Unusual Items": "0", "Normalized EBITDA": "2,416", "Tax Rate for Calcs": "0", "Tax Effect of Unusual Items": "0"}, "12/31/2020": {"Duration": "12/31/2020", "Total Revenue": "65,507", "Cost of Revenue": "27,414", "Gross Profit": "38,093", "Operating Expense": "51,846", "Operating Income": "-13,753", "Net Non Operating Interest Income Expense": "-2,221", "Other Income Expense": "-", "Pretax Income": "-15,974", "Tax Provision": "337", "Net Income Common Stockholders": "-16,311", "Diluted NI Available to Com Stockholders": "-16,311", "Basic EPS": "-", "Diluted EPS": "-", "Basic Average Shares": "-", "Diluted Average Shares": "-", "Total Operating Income as Reported": "-13,753", "Total Expenses": "79,260", "Net Income from Continuing & Discontinued Operation": "-16,311", "Normalized Income": "-16,311", "Interest Expense": "2,221", "Net Interest Income": "-2,221", "EBIT": "-13,753", "EBITDA": "-", "Reconciled Cost of Revenue": "20,792", "Reconciled Depreciation": "16,169", "Net Income from Continuing Operation Net Minority Interest": "-16,311", "Total Unusual Items Excluding Goodwill": "0", "Total Unusual Items": "0", "Normalized EBITDA": "2,416", "Tax Rate for Calcs": "0", "Tax Effect of Unusual Items": "0"}, "12/31/2019": {"Duration": "12/31/2019", "Total Revenue": "73,150", "Cost of Revenue": "29,836", "Gross Profit": "43,314", "Operating Expense": "59,209", "Operating Income": "-15,895", "Net Non Operating Interest Income Expense": "-15,447", "Other Income Expense": "-35,060", "Pretax Income": "-66,402", "Tax Provision": "-24,111", "Net Income Common Stockholders": "30,001", "Diluted NI Available to Com Stockholders": "30,001", "Basic EPS": "1.93", "Diluted EPS": "1.93", "Basic Average Shares": "15,545", "Diluted Average Shares": "15,545", "Total Operating Income as Reported": "-50,955", "Total Expenses": "89,045", "Net Income from Continuing & Discontinued Operation": "30,001", "Normalized Income": "-19,958", "Interest Expense": "15,447", "Net Interest Income": "-15,447", "EBIT": "-50,955", "EBITDA": "-", "Reconciled Cost of Revenue": "23,436", "Reconciled Depreciation": "18,165", "Net Income from Continuing Operation Net Minority Interest": "-42,291", "Total Unusual Items Excluding Goodwill": "-35,060", "Total Unusual Items": "-35,060", "Normalized EBITDA": "2,270", "Tax Rate for Calcs": "0", "Tax Effect of Unusual Items": "-12,727"}, "12/31/2018": {"Duration": "12/31/2018", "Total Revenue": "88,952", "Cost of Revenue": "30,830", "Gross Profit": "58,122", "Operating Expense": "64,385", "Operating Income": "-6,263", "Net Non Operating Interest Income Expense": "-8,514", "Other Income Expense": "-", "Pretax Income": "-14,777", "Tax Provision": "-7,229", "Net Income Common Stockholders": "-7,548", "Diluted NI Available to Com Stockholders": "-7,548", "Basic EPS": "-0.54", "Diluted EPS": "-0.54", "Basic Average Shares": "14,010", "Diluted Average Shares": "14,010", "Total Operating Income as Reported": "-6,263", "Total Expenses": "95,215", "Net Income from Continuing & Discontinued Operation": "-7,548", "Normalized Income": "-7,548", "Interest Expense": "8,514", "Net Interest Income": "-8,514", "EBIT": "-6,263", "EBITDA": "-", "Reconciled Cost of Revenue": "26,595", "Reconciled Depreciation": "12,927", "Net Income from Continuing Operation Net Minority Interest": "-7,548", "Total Unusual Items Excluding Goodwill": "-", "Total Unusual Items": "-", "Normalized EBITDA": "6,664", "Tax Rate for Calcs": "0", "Tax Effect of Unusual Items": "0"}}, "bs": {"12/31/2020": {"Duration": "12/31/2020", "Total Assets": "515,423", "Total Liabilities Net Minority Interest": "369,770", "Total Equity Gross Minority Interest": "145,653", "Total Capitalization": "157,878", "Common Stock Equity": "145,653", "Capital Lease Obligations": "7,199", "Net Tangible Assets": "7,143", "Working Capital": "8,208", "Invested Capital": "170,188", "Tangible Book Value": "7,143", "Total Debt": "31,734", "Net Debt": "-", "Share Issued": "19,354", "Ordinary Shares Number": "18,970", "Treasury Shares Number": "384"}, "12/31/2019": {"Duration": "12/31/2019", "Total Assets": "335,044", "Total Liabilities Net Minority Interest": "197,465", "Total Equity Gross Minority Interest": "137,579", "Total Capitalization": "161,721", "Common Stock Equity": "137,579", "Capital Lease Obligations": "7,512", "Net Tangible Assets": "5,032", "Working Capital": "17,854", "Invested Capital": "164,292", "Tangible Book Value": "5,032", "Total Debt": "34,225", "Net Debt": "-", "Share Issued": "16,098", "Ordinary Shares Number": "15,714", "Treasury Shares Number": "384"}, "12/31/2018": {"Duration": "12/31/2018", "Total Assets": "361,100", "Total Liabilities Net Minority Interest": "258,582", "Total Equity Gross Minority Interest": "102,518", "Total Capitalization": "209,747", "Common Stock Equity": "102,518", "Capital Lease Obligations": "-", "Net Tangible Assets": "-85,629", "Working Capital": "11,443", "Invested Capital": "214,480", "Tangible Book Value": "-85,629", "Total Debt": "111,962", "Net Debt": "96,518", "Share Issued": "15,666", "Ordinary Shares Number": "15,282", "Treasury Shares Number": "384"}}, "cf": {"TTM": {"Duration": "TTM", "Operating Cash Flow": "-1,707", "Investing Cash Flow": "-201,134", "Financing Cash Flow": "202,592", "End Cash Position": "28,577", "Income Tax Paid Supplemental Data": "3,662", "Interest Paid Supplemental Data": "1,029", "Capital Expenditure": "-3,637", "Issuance of Capital Stock": "21,392", "Issuance of Debt": "8,856", "Repayment of Debt": "-12,234", "Free Cash Flow": "-5,344"}, "12/31/2020": {"Duration": "12/31/2020", "Operating Cash Flow": "-1,707", "Investing Cash Flow": "-201,134", "Financing Cash Flow": "202,592", "End Cash Position": "28,577", "Income Tax Paid Supplemental Data": "3,662", "Interest Paid Supplemental Data": "1,029", "Capital Expenditure": "-3,637", "Issuance of Capital Stock": "21,392", "Issuance of Debt": "8,856", "Repayment of Debt": "-12,234", "Free Cash Flow": "-5,344"}, "12/31/2019": {"Duration": "12/31/2019", "Operating Cash Flow": "-450", "Investing Cash Flow": "96,942", "Financing Cash Flow": "-82,995", "End Cash Position": "28,826", "Income Tax Paid Supplemental Data": "126", "Interest Paid Supplemental Data": "8,897", "Capital Expenditure": "-4,841", "Issuance of Capital Stock": "820", "Issuance of Debt": "38,867", "Repayment of Debt": "-128,835", "Free Cash Flow": "-5,291"}, "12/31/2018": {"Duration": "12/31/2018", "Operating Cash Flow": "-7,129", "Investing Cash Flow": "-107,228", "Financing Cash Flow": "101,788", "End Cash Position": "15,444", "Income Tax Paid Supplemental Data": "91", "Interest Paid Supplemental Data": "7,819", "Capital Expenditure": "-5,794", "Issuance of Capital Stock": "39,449", "Issuance of Debt": "41,290", "Repayment of Debt": "-11,780", "Free Cash Flow": "-12,923"}}}}, {"EVTC": {"quote": {"03/26/2021": {"value": "37.56", "Market Cap": "2.708B", "Beta (5Y Monthly)": "1.08", "PE Ratio (TTM)": "26.27", "EPS (TTM)": "1.43", "Earnings Date": "May 06, 2021 - May 10, 2021", "Forward Dividend & Yield": "0.20 (0.54%)", "Ex-Dividend Date": "Feb 26, 2021", "1y Target Est": "40.29"}}, "fin": {"TTM": {"Duration": "TTM", "Total Revenue": "528,174", "Cost of Revenue": "232,607", "Gross Profit": "295,567", "Operating Expense": "141,939", "Operating Income": "153,628", "Net Non Operating Interest Income Expense": "-22,673", "Other Income Expense": "6,417", "Pretax Income": "137,372", "Tax Provision": "19,192", "Net Income Common Stockholders": "117,734", "Diluted NI Available to Com Stockholders": "117,734", "Basic EPS": "-", "Diluted EPS": "-", "Basic Average Shares": "-", "Diluted Average Shares": "-", "Total Operating Income as Reported": "153,628", "Total Expenses": "374,546", "Net Income from Continuing & Discontinued Operation": "117,728", "Normalized Income": "117,728", "Interest Income": "1,528", "Interest Expense": "24,201", "Net Interest Income": "-22,673", "EBIT": "161,573", "EBITDA": "239,796", "Reconciled Cost of Revenue": "226,730", "Reconciled Depreciation": "78,223", "Net Income from Continuing Operation Net Minority Interest": "117,728", "Normalized EBITDA": "239,796", "Tax Rate for Calcs": "0", "Tax Effect of Unusual Items": "0"}, "12/31/2020": {"Duration": "12/31/2020", "Total Revenue": "510,588", "Cost of Revenue": "226,870", "Gross Profit": "283,718", "Operating Expense": "142,326", "Operating Income": "141,392", "Net Non Operating Interest Income Expense": "-23,572", "Other Income Expense": "6,033", "Pretax Income": "123,853", "Tax Provision": "19,002", "Net Income Common Stockholders": "104,436", "Diluted NI Available to Com Stockholders": "104,436", "Basic EPS": "1.45", "Diluted EPS": "1.43", "Basic Average Shares": "71,944", "Diluted Average Shares": "73,051", "Total Operating Income as Reported": "141,392", "Total Expenses": "369,196", "Net Income from Continuing & Discontinued Operation": "104,436", "Normalized Income": "104,436", "Interest Income": "1,502", "Interest Expense": "25,074", "Net Interest Income": "-23,572", "EBIT": "148,927", "EBITDA": "-", "Reconciled Cost of Revenue": "220,993", "Reconciled Depreciation": "77,395", "Net Income from Continuing Operation Net Minority Interest": "104,436", "Normalized EBITDA": "226,322", "Tax Rate for Calcs": "0", "Tax Effect of Unusual Items": "0"}, "12/31/2019": {"Duration": "12/31/2019", "Total Revenue": "487,374", "Cost of Revenue": "213,379", "Gross Profit": "273,995", "Operating Expense": "129,493", "Operating Income": "144,502", "Net Non Operating Interest Income Expense": "-27,594", "Other Income Expense": "-233", "Pretax Income": "116,675", "Tax Provision": "12,975", "Net Income Common Stockholders": "103,466", "Diluted NI Available to Com Stockholders": "103,466", "Basic EPS": "1.44", "Diluted EPS": "1.41", "Basic Average Shares": "72,100", "Diluted Average Shares": "73,476", "Total Operating Income as Reported": "144,502", "Total Expenses": "342,872", "Net Income from Continuing & Discontinued Operation": "103,469", "Normalized Income": "103,469", "Interest Income": "1,217", "Interest Expense": "28,811", "Net Interest Income": "-27,594", "EBIT": "145,486", "EBITDA": "-", "Reconciled Cost of Revenue": "207,218", "Reconciled Depreciation": "74,243", "Net Income from Continuing Operation Net Minority Interest": "103,469", "Normalized EBITDA": "219,729", "Tax Rate for Calcs": "0", "Tax Effect of Unusual Items": "0"}, "12/31/2018": {"Duration": "12/31/2018", "Total Revenue": "453,869", "Cost of Revenue": "196,957", "Gross Profit": "256,912", "Operating Expense": "131,784", "Operating Income": "125,128", "Net Non Operating Interest Income Expense": "-29,257", "Other Income Expense": "3,294", "Pretax Income": "99,165", "Tax Provision": "12,596", "Net Income Common Stockholders": "86,266", "Diluted NI Available to Com Stockholders": "86,266", "Basic EPS": "1.19", "Diluted EPS": "1.16", "Basic Average Shares": "72,607", "Diluted Average Shares": "74,420", "Total Operating Income as Reported": "125,128", "Total Expenses": "328,741", "Net Income from Continuing & Discontinued Operation": "86,270", "Normalized Income": "86,270", "Interest Income": "787", "Interest Expense": "30,044", "Net Interest Income": "-29,257", "EBIT": "129,209", "EBITDA": "-", "Reconciled Cost of Revenue": "196,957", "Reconciled Depreciation": "63,067", "Net Income from Continuing Operation Net Minority Interest": "86,270", "Normalized EBITDA": "192,276", "Tax Rate for Calcs": "0", "Tax Effect of Unusual Items": "0"}}, "bs": {"12/31/2020": {"Duration": "12/31/2020", "Total Assets": "1,072,579", "Total Liabilities Net Minority Interest": "730,150", "Total Equity Gross Minority Interest": "342,429", "Total Capitalization": "818,782", "Common Stock Equity": "337,741", "Capital Lease Obligations": "28,232", "Net Tangible Assets": "-279,838", "Working Capital": "206,054", "Invested Capital": "833,032", "Tangible Book Value": "-279,838", "Total Debt": "523,523", "Net Debt": "292,642", "Share Issued": "72,138", "Ordinary Shares Number": "72,138"}, "12/31/2019": {"Duration": "12/31/2019", "Total Assets": "1,011,676", "Total Liabilities Net Minority Interest": "740,053", "Total Equity Gross Minority Interest": "271,623", "Total Capitalization": "778,134", "Common Stock Equity": "267,187", "Capital Lease Obligations": "30,452", "Net Tangible Assets": "-374,237", "Working Capital": "131,704", "Invested Capital": "792,384", "Tangible Book Value": "-374,237", "Total Debt": "555,649", "Net Debt": "414,167", "Share Issued": "72,000", "Ordinary Shares Number": "72,000"}, "12/31/2018": {"Duration": "12/31/2018", "Total Assets": "927,292", "Total Liabilities Net Minority Interest": "711,686", "Total Equity Gross Minority Interest": "215,606", "Total Capitalization": "735,515", "Common Stock Equity": "211,459", "Capital Lease Obligations": "-", "Net Tangible Assets": "-442,454", "Working Capital": "79,488", "Invested Capital": "749,765", "Tangible Book Value": "-442,454", "Total Debt": "538,306", "Net Debt": "468,333", "Share Issued": "72,379", "Ordinary Shares Number": "72,379"}}, "cf": {"TTM": {"Duration": "TTM", "Operating Cash Flow": "199,910", "Investing Cash Flow": "-73,635", "Financing Cash Flow": "-79,975", "End Cash Position": "171,404", "Income Tax Paid Supplemental Data": "26,206", "Interest Paid Supplemental Data": "23,397", "Capital Expenditure": "-73,641", "Issuance of Debt": "-", "Repayment of Debt": "-33,564", "Repurchase of Capital Stock": "-14,268", "Free Cash Flow": "126,269"}, "12/31/2020": {"Duration": "12/31/2020", "Operating Cash Flow": "199,089", "Investing Cash Flow": "-48,634", "Financing Cash Flow": "-62,617", "End Cash Position": "221,105", "Income Tax Paid Supplemental Data": "22,668", "Interest Paid Supplemental Data": "23,787", "Capital Expenditure": "-48,640", "Issuance of Debt": "0", "Repayment of Debt": "-32,801", "Repurchase of Capital Stock": "-7,300", "Free Cash Flow": "150,449"}, "12/31/2019": {"Duration": "12/31/2019", "Operating Cash Flow": "179,949", "Investing Cash Flow": "-65,347", "Financing Cash Flow": "-70,227", "End Cash Position": "131,121", "Income Tax Paid Supplemental Data": "18,703", "Interest Paid Supplemental Data": "28,233", "Capital Expenditure": "-59,873", "Issuance of Debt": "0", "Repayment of Debt": "-15,136", "Repurchase of Capital Stock": "-31,822", "Free Cash Flow": "120,076"}, "12/31/2018": {"Duration": "12/31/2018", "Operating Cash Flow": "172,734", "Investing Cash Flow": "-41,300", "Financing Cash Flow": "-105,055", "End Cash Position": "86,746", "Income Tax Paid Supplemental Data": "9,750", "Interest Paid Supplemental Data": "26,891", "Capital Expenditure": "-41,319", "Issuance of Debt": "545,000", "Repayment of Debt": "-614,205", "Repurchase of Capital Stock": "-10,000", "Free Cash Flow": "131,415"}}}}, {"IAIC": {"quote": {"03/26/2021": {"value": "2.9400", "Market Cap": "33.11M", "Beta (5Y Monthly)": "3.21", "PE Ratio (TTM)": "98.00", "EPS (TTM)": "0.0300", "Earnings Date": "Feb 17, 2021", "Forward Dividend & Yield": "N/A (N/A)", "Ex-Dividend Date": "N/A", "1y Target Est": "N/A"}}, "fin": {"TTM": {"Duration": "TTM", "Total Revenue": "13,903", "Cost of Revenue": "11,694", "Gross Profit": "2,209", "Operating Expense": "1,797", "Operating Income": "411.848", "Other Income Expense": "1.531", "Pretax Income": "413.379", "Tax Provision": "0", "Net Income Common Stockholders": "413.379", "Diluted NI Available to Com Stockholders": "413.379", "Basic EPS": "-", "Diluted EPS": "-", "Basic Average Shares": "-", "Diluted Average Shares": "-", "Total Operating Income as Reported": "411.848", "Total Expenses": "13,491", "Net Income from Continuing & Discontinued Operation": "413.379", "Normalized Income": "413.379", "EBIT": "411.848", "EBITDA": "423.91", "Reconciled Cost of Revenue": "11,694", "Reconciled Depreciation": "12.062", "Net Income from Continuing Operation Net Minority Interest": "413.379", "Total Unusual Items Excluding Goodwill": "-", "Total Unusual Items": "-", "Normalized EBITDA": "423.91", "Tax Rate for Calcs": "0", "Tax Effect of Unusual Items": "0"}, "12/31/2020": {"Duration": "12/31/2020", "Total Revenue": "13,903", "Cost of Revenue": "11,694", "Gross Profit": "2,209", "Operating Expense": "1,797", "Operating Income": "411.848", "Other Income Expense": "1.531", "Pretax Income": "413.379", "Tax Provision": "0", "Net Income Common Stockholders": "413.379", "Diluted NI Available to Com Stockholders": "413.379", "Basic EPS": "-", "Diluted EPS": "-", "Basic Average Shares": "-", "Diluted Average Shares": "-", "Total Operating Income as Reported": "411.848", "Total Expenses": "13,491", "Net Income from Continuing & Discontinued Operation": "413.379", "Normalized Income": "413.379", "EBIT": "411.848", "EBITDA": "-", "Reconciled Cost of Revenue": "11,694", "Reconciled Depreciation": "12.062", "Net Income from Continuing Operation Net Minority Interest": "413.379", "Total Unusual Items Excluding Goodwill": "-", "Total Unusual Items": "-", "Normalized EBITDA": "423.91", "Tax Rate for Calcs": "0", "Tax Effect of Unusual Items": "0"}, "12/31/2019": {"Duration": "12/31/2019", "Total Revenue": "10,165", "Cost of Revenue": "8,765", "Gross Profit": "1,400", "Operating Expense": "2,128", "Operating Income": "-727.787", "Other Income Expense": "10.541", "Pretax Income": "-717.246", "Tax Provision": "0", "Net Income Common Stockholders": "-717.246", "Diluted NI Available to Com Stockholders": "-717.246", "Basic EPS": "-0.06", "Diluted EPS": "-0.06", "Basic Average Shares": "11,208", "Diluted Average Shares": "11,208", "Total Operating Income as Reported": "-727.787", "Total Expenses": "10,893", "Net Income from Continuing & Discontinued Operation": "-717.246", "Normalized Income": "-717.246", "EBIT": "-727.787", "EBITDA": "-", "Reconciled Cost of Revenue": "8,765", "Reconciled Depreciation": "5.834", "Net Income from Continuing Operation Net Minority Interest": "-717.246", "Total Unusual Items Excluding Goodwill": "-", "Total Unusual Items": "-", "Normalized EBITDA": "-721.953", "Tax Rate for Calcs": "0", "Tax Effect of Unusual Items": "0"}, "12/31/2018": {"Duration": "12/31/2018", "Total Revenue": "8,934", "Cost of Revenue": "6,791", "Gross Profit": "2,143", "Operating Expense": "2,205", "Operating Income": "-62.345", "Other Income Expense": "11.311", "Pretax Income": "-51.034", "Tax Provision": "0", "Net Income Common Stockholders": "-51.034", "Diluted NI Available to Com Stockholders": "-51.034", "Basic EPS": "-0.00", "Diluted EPS": "-0.00", "Basic Average Shares": "11,202", "Diluted Average Shares": "11,202", "Total Operating Income as Reported": "-62.345", "Total Expenses": "8,996", "Net Income from Continuing & Discontinued Operation": "-51.034", "Normalized Income": "-51.034", "EBIT": "-62.345", "EBITDA": "-", "Reconciled Cost of Revenue": "6,791", "Reconciled Depreciation": "9.757", "Net Income from Continuing Operation Net Minority Interest": "-51.034", "Total Unusual Items Excluding Goodwill": "-", "Total Unusual Items": "-", "Normalized EBITDA": "-52.588", "Tax Rate for Calcs": "0", "Tax Effect of Unusual Items": "0"}}, "bs": {"12/31/2020": {"Duration": "12/31/2020", "Total Assets": "3,774", "Total Liabilities Net Minority Interest": "2,160", "Total Equity Gross Minority Interest": "1,613", "Total Capitalization": "1,970", "Common Stock Equity": "1,613", "Capital Lease Obligations": "45.595", "Net Tangible Assets": "1,613", "Working Capital": "1,640", "Invested Capital": "2,063", "Tangible Book Value": "1,613", "Total Debt": "495.595", "Share Issued": "12,904", "Ordinary Shares Number": "11,262", "Treasury Shares Number": "1,643"}, "12/31/2019": {"Duration": "12/31/2019", "Total Assets": "2,374", "Total Liabilities Net Minority Interest": "1,212", "Total Equity Gross Minority Interest": "1,162", "Total Capitalization": "1,162", "Common Stock Equity": "1,162", "Capital Lease Obligations": "149.55", "Net Tangible Assets": "1,162", "Working Capital": "1,042", "Invested Capital": "1,162", "Tangible Book Value": "1,162", "Total Debt": "149.55", "Share Issued": "12,854", "Ordinary Shares Number": "11,212", "Treasury Shares Number": "1,643"}, "12/31/2018": {"Duration": "12/31/2018", "Total Assets": "3,024", "Total Liabilities Net Minority Interest": "1,151", "Total Equity Gross Minority Interest": "1,873", "Total Capitalization": "1,873", "Common Stock Equity": "1,873", "Capital Lease Obligations": "-", "Net Tangible Assets": "1,873", "Working Capital": "1,859", "Invested Capital": "1,873", "Tangible Book Value": "1,873", "Total Debt": "-", "Share Issued": "12,844", "Ordinary Shares Number": "11,202", "Treasury Shares Number": "1,643"}}, "cf": {"TTM": {"Duration": "TTM", "Operating Cash Flow": "423.265", "Investing Cash Flow": "-64.547", "Financing Cash Flow": "460", "End Cash Position": "1,858", "Income Tax Paid Supplemental Data": "-", "Interest Paid Supplemental Data": "-", "Capital Expenditure": "-64.547", "Issuance of Debt": "450", "Free Cash Flow": "358.718"}, "12/31/2020": {"Duration": "12/31/2020", "Operating Cash Flow": "423.265", "Investing Cash Flow": "-64.547", "Financing Cash Flow": "460", "End Cash Position": "1,858", "Income Tax Paid Supplemental Data": "-", "Interest Paid Supplemental Data": "-", "Capital Expenditure": "-64.547", "Issuance of Debt": "450", "Free Cash Flow": "358.718"}, "12/31/2019": {"Duration": "12/31/2019", "Operating Cash Flow": "-917.146", "Investing Cash Flow": "-8.368", "Financing Cash Flow": "1", "End Cash Position": "1,039", "Income Tax Paid Supplemental Data": "0", "Interest Paid Supplemental Data": "0", "Capital Expenditure": "-8.368", "Issuance of Debt": "-", "Free Cash Flow": "-925.514"}, "12/31/2018": {"Duration": "12/31/2018", "Operating Cash Flow": "-763.502", "Investing Cash Flow": "-4.052", "Financing Cash Flow": "-", "End Cash Position": "1,964", "Income Tax Paid Supplemental Data": "7.2", "Interest Paid Supplemental Data": "0", "Capital Expenditure": "-5.771", "Issuance of Debt": "-", "Free Cash Flow": "-769.273"}}}}, {"BLKB": {"quote": {"03/26/2021": {"value": "73.25", "Market Cap": "3.544B", "Beta (5Y Monthly)": "1.16", "PE Ratio (TTM)": "457.81", "EPS (TTM)": "0.16", "Earnings Date": "May 03, 2021 - May 07, 2021", "Forward Dividend & Yield": "N/A (N/A)", "Ex-Dividend Date": "Feb 27, 2020", "1y Target Est": "75.25"}}, "fin": {"TTM": {"Duration": "TTM", "Total Revenue": "908,789", "Cost of Revenue": "426,585", "Gross Profit": "482,204", "Operating Expense": "446,475", "Operating Income": "35,729", "Net Non Operating Interest Income Expense": "-16,952", "Other Income Expense": "-1,978", "Pretax Income": "16,799", "Tax Provision": "13,885", "Net Income Common Stockholders": "2,914", "Diluted NI Available to Com Stockholders": "2,914", "Basic EPS": "-", "Diluted EPS": "-", "Basic Average Shares": "-", "Diluted Average Shares": "-", "Total Operating Income as Reported": "35,463", "Total Expenses": "873,060", "Net Income from Continuing & Discontinued Operation": "2,914", "Normalized Income": "3,074", "Interest Income": "1,290", "Interest Expense": "18,242", "Net Interest Income": "-16,952", "EBIT": "35,041", "EBITDA": "126,433", "Reconciled Cost of Revenue": "337,916", "Reconciled Depreciation": "91,392", "Net Income from Continuing Operation Net Minority Interest": "2,914", "Total Unusual Items Excluding Goodwill": "-266", "Total Unusual Items": "-266", "Normalized EBITDA": "126,699", "Tax Rate for Calcs": "0", "Tax Effect of Unusual Items": "-106.4"}, "12/31/2020": {"Duration": "12/31/2020", "Total Revenue": "913,219", "Cost of Revenue": "428,065", "Gross Profit": "485,154", "Operating Expense": "447,675", "Operating Income": "37,479", "Net Non Operating Interest Income Expense": "-15,627", "Other Income Expense": "-238", "Pretax Income": "21,614", "Tax Provision": "13,897", "Net Income Common Stockholders": "7,717", "Diluted NI Available to Com Stockholders": "7,717", "Basic EPS": "0.16", "Diluted EPS": "0.16", "Basic Average Shares": "48,185", "Diluted Average Shares": "48,696", "Total Operating Income as Reported": "37,243", "Total Expenses": "875,740", "Net Income from Continuing & Discontinued Operation": "7,717", "Normalized Income": "7,889", "Interest Income": "1,660", "Interest Expense": "17,287", "Net Interest Income": "-15,627", "EBIT": "38,901", "EBITDA": "-", "Reconciled Cost of Revenue": "338,245", "Reconciled Depreciation": "92,735", "Net Income from Continuing Operation Net Minority Interest": "7,717", "Total Unusual Items Excluding Goodwill": "-236", "Total Unusual Items": "-236", "Normalized EBITDA": "131,872", "Tax Rate for Calcs": "0", "Tax Effect of Unusual Items": "-63.72"}, "12/31/2019": {"Duration": "12/31/2019", "Total Revenue": "900,423", "Cost of Revenue": "418,424", "Gross Profit": "481,999", "Operating Expense": "449,046", "Operating Income": "32,953", "Net Non Operating Interest Income Expense": "-17,816", "Other Income Expense": "-4,552", "Pretax Income": "10,585", "Tax Provision": "-1,323", "Net Income Common Stockholders": "11,908", "Diluted NI Available to Com Stockholders": "11,908", "Basic EPS": "0.25", "Diluted EPS": "0.25", "Basic Average Shares": "47,695", "Diluted Average Shares": "48,312", "Total Operating Income as Reported": "27,145", "Total Expenses": "867,470", "Net Income from Continuing & Discontinued Operation": "11,908", "Normalized Income": "16,148", "Interest Income": "2,802", "Interest Expense": "20,618", "Net Interest Income": "-17,816", "EBIT": "31,203", "EBITDA": "-", "Reconciled Cost of Revenue": "338,047", "Reconciled Depreciation": "85,693", "Net Income from Continuing Operation Net Minority Interest": "11,908", "Total Unusual Items Excluding Goodwill": "-5,808", "Total Unusual Items": "-5,808", "Normalized EBITDA": "122,704", "Tax Rate for Calcs": "0", "Tax Effect of Unusual Items": "-1,568"}, "12/31/2018": {"Duration": "12/31/2018", "Total Revenue": "848,606", "Cost of Revenue": "381,742", "Gross Profit": "466,864", "Operating Expense": "402,857", "Operating Income": "64,007", "Net Non Operating Interest Income Expense": "-13,890", "Other Income Expense": "-5,495", "Pretax Income": "44,622", "Tax Provision": "-219", "Net Income Common Stockholders": "44,841", "Diluted NI Available to Com Stockholders": "44,841", "Basic EPS": "0.95", "Diluted EPS": "0.93", "Basic Average Shares": "47,207", "Diluted Average Shares": "48,045", "Total Operating Income as Reported": "59,417", "Total Expenses": "784,599", "Net Income from Continuing & Discontinued Operation": "44,841", "Normalized Income": "48,192", "Interest Income": "2,008", "Interest Expense": "15,898", "Net Interest Income": "-13,890", "EBIT": "60,520", "EBITDA": "-", "Reconciled Cost of Revenue": "307,020", "Reconciled Depreciation": "79,566", "Net Income from Continuing Operation Net Minority Interest": "44,841", "Total Unusual Items Excluding Goodwill": "-4,590", "Total Unusual Items": "-4,590", "Normalized EBITDA": "144,676", "Tax Rate for Calcs": "0", "Tax Effect of Unusual Items": "-1,239"}}, "bs": {"12/31/2020": {"Duration": "12/31/2020", "Total Assets": "2,044,734", "Total Liabilities Net Minority Interest": "1,618,584", "Total Equity Gross Minority Interest": "426,150", "Total Capitalization": "944,343", "Common Stock Equity": "426,150", "Capital Lease Obligations": "17,357", "Net Tangible Assets": "-599,037", "Working Capital": "-194,344", "Invested Capital": "957,183", "Tangible Book Value": "-599,037", "Total Debt": "548,390", "Net Debt": "495,283", "Share Issued": "60,905", "Ordinary Shares Number": "48,850", "Treasury Shares Number": "12,054"}, "12/31/2019": {"Duration": "12/31/2019", "Total Assets": "1,992,963", "Total Liabilities Net Minority Interest": "1,596,199", "Total Equity Gross Minority Interest": "396,764", "Total Capitalization": "856,364", "Common Stock Equity": "396,764", "Capital Lease Obligations": "95,624", "Net Tangible Assets": "-656,521", "Working Capital": "-254,298", "Invested Capital": "863,864", "Tangible Book Value": "-656,521", "Total Debt": "562,724", "Net Debt": "435,290", "Share Issued": "60,206", "Ordinary Shares Number": "49,140", "Treasury Shares Number": "11,066"}, "12/31/2018": {"Duration": "12/31/2018", "Total Assets": "1,615,305", "Total Liabilities Net Minority Interest": "1,241,522", "Total Equity Gross Minority Interest": "373,783", "Total Capitalization": "753,407", "Common Stock Equity": "373,783", "Capital Lease Obligations": "-", "Net Tangible Assets": "-538,146", "Working Capital": "-207,673", "Invested Capital": "760,907", "Tangible Book Value": "-538,146", "Total Debt": "387,124", "Net Debt": "356,258", "Share Issued": "59,328", "Ordinary Shares Number": "48,567", "Treasury Shares Number": "10,761"}}, "cf": {"TTM": {"Duration": "TTM", "Operating Cash Flow": "202,561", "Investing Cash Flow": "-70,815", "Financing Cash Flow": "-111,354", "End Cash Position": "277,614", "Income Tax Paid Supplemental Data": "-", "Interest Paid Supplemental Data": "-", "Capital Expenditure": "-70,815", "Issuance of Debt": "684,500", "Repayment of Debt": "-721,155", "Repurchase of Capital Stock": "-69,067", "Free Cash Flow": "131,746"}, "12/31/2020": {"Duration": "12/31/2020", "Operating Cash Flow": "147,955", "Investing Cash Flow": "-71,847", "Financing Cash Flow": "-10,679", "End Cash Position": "644,969", "Income Tax Paid Supplemental Data": "3,563", "Interest Paid Supplemental Data": "15,716", "Capital Expenditure": "-71,847", "Issuance of Debt": "748,500", "Repayment of Debt": "-747,563", "Repurchase of Capital Stock": "-41,001", "Free Cash Flow": "76,108"}, "12/31/2019": {"Duration": "12/31/2019", "Operating Cash Flow": "182,477", "Investing Cash Flow": "-167,219", "Financing Cash Flow": "111,213", "End Cash Position": "577,295", "Income Tax Paid Supplemental Data": "383", "Interest Paid Supplemental Data": "19,926", "Capital Expenditure": "-58,366", "Issuance of Debt": "424,000", "Repayment of Debt": "-344,500", "Repurchase of Capital Stock": "-", "Free Cash Flow": "124,111"}, "12/31/2018": {"Duration": "12/31/2018", "Operating Cash Flow": "201,385", "Investing Cash Flow": "-97,791", "Financing Cash Flow": "-291,908", "End Cash Position": "449,846", "Income Tax Paid Supplemental Data": "-", "Interest Paid Supplemental Data": "15,261", "Capital Expenditure": "-52,348", "Issuance of Debt": "270,900", "Repayment of Debt": "-322,476", "Repurchase of Capital Stock": "-", "Free Cash Flow": "149,037"}}}}, {"EPAY": {"quote": {"03/26/2021": {"value": "46.67", "Market Cap": "2.101B", "Beta (5Y Monthly)": "1.31", "PE Ratio (TTM)": "N/A", "EPS (TTM)": "-0.35", "Earnings Date": "May 04, 2021 - May 10, 2021", "Forward Dividend & Yield": "N/A (N/A)", "Ex-Dividend Date": "N/A", "1y Target Est": "55.81"}}, "fin": {"TTM": {"Duration": "TTM", "Total Revenue": "459,913", "Cost of Revenue": "192,549", "Gross Profit": "267,364", "Operating Expense": "270,756", "Operating Income": "-3,392", "Net Non Operating Interest Income Expense": "-", "Other Income Expense": "-3,265", "Pretax Income": "-8,078", "Tax Provision": "3,918", "Net Income Common Stockholders": "-11,996", "Diluted NI Available to Com Stockholders": "-11,996", "Basic EPS": "-", "Diluted EPS": "-", "Basic Average Shares": "-", "Diluted Average Shares": "-", "Total Operating Income as Reported": "-3,392", "Total Expenses": "463,305", "Net Income from Continuing & Discontinued Operation": "-11,996", "Normalized Income": "-11,996", "Interest Income": "-", "Interest Expense": "-", "Net Interest Income": "-", "EBIT": "-3,550", "EBITDA": "17,150", "Reconciled Cost of Revenue": "192,549", "Reconciled Depreciation": "20,700", "Net Income from Continuing Operation Net Minority Interest": "-11,996", "Total Unusual Items Excluding Goodwill": "-", "Total Unusual Items": "-", "Normalized EBITDA": "17,150", "Tax Rate for Calcs": "0", "Tax Effect of Unusual Items": "0"}, "6/30/2020": {"Duration": "6/30/2020", "Total Revenue": "442,221", "Cost of Revenue": "189,086", "Gross Profit": "253,135", "Operating Expense": "256,567", "Operating Income": "-3,432", "Net Non Operating Interest Income Expense": "-3,198", "Other Income Expense": "-771", "Pretax Income": "-7,401", "Tax Provision": "1,828", "Net Income Common Stockholders": "-9,229", "Diluted NI Available to Com Stockholders": "-9,229", "Basic EPS": "-0.22", "Diluted EPS": "-0.22", "Basic Average Shares": "41,770", "Diluted Average Shares": "41,770", "Total Operating Income as Reported": "-3,432", "Total Expenses": "445,653", "Net Income from Continuing & Discontinued Operation": "-9,229", "Normalized Income": "-9,229", "Interest Income": "658", "Interest Expense": "3,856", "Net Interest Income": "-3,198", "EBIT": "-3,545", "EBITDA": "-", "Reconciled Cost of Revenue": "161,854", "Reconciled Depreciation": "47,602", "Net Income from Continuing Operation Net Minority Interest": "-9,229", "Total Unusual Items Excluding Goodwill": "-", "Total Unusual Items": "-", "Normalized EBITDA": "44,057", "Tax Rate for Calcs": "0", "Tax Effect of Unusual Items": "0"}, "6/30/2019": {"Duration": "6/30/2019", "Total Revenue": "421,962", "Cost of Revenue": "182,719", "Gross Profit": "239,243", "Operating Expense": "236,164", "Operating Income": "3,079", "Net Non Operating Interest Income Expense": "-3,113", "Other Income Expense": "6,928", "Pretax Income": "6,894", "Tax Provision": "-2,538", "Net Income Common Stockholders": "9,432", "Diluted NI Available to Com Stockholders": "9,432", "Basic EPS": "0.23", "Diluted EPS": "0.23", "Basic Average Shares": "40,612", "Diluted Average Shares": "41,691", "Total Operating Income as Reported": "3,079", "Total Expenses": "418,883", "Net Income from Continuing & Discontinued Operation": "9,432", "Normalized Income": "9,432", "Interest Income": "670", "Interest Expense": "3,783", "Net Interest Income": "-3,113", "EBIT": "10,677", "EBITDA": "-", "Reconciled Cost of Revenue": "159,808", "Reconciled Depreciation": "44,247", "Net Income from Continuing Operation Net Minority Interest": "9,432", "Total Unusual Items Excluding Goodwill": "0", "Total Unusual Items": "0", "Normalized EBITDA": "54,924", "Tax Rate for Calcs": "0", "Tax Effect of Unusual Items": "0"}, "6/30/2018": {"Duration": "6/30/2018", "Total Revenue": "394,096", "Cost of Revenue": "173,130", "Gross Profit": "220,966", "Operating Expense": "215,135", "Operating Income": "5,831", "Net Non Operating Interest Income Expense": "-10,897", "Other Income Expense": "6,191", "Pretax Income": "1,125", "Tax Provision": "-8,203", "Net Income Common Stockholders": "9,328", "Diluted NI Available to Com Stockholders": "9,328", "Basic EPS": "0.28", "Diluted EPS": "0.27", "Basic Average Shares": "38,227", "Diluted Average Shares": "39,326", "Total Operating Income as Reported": "5,831", "Total Expenses": "388,265", "Net Income from Continuing & Discontinued Operation": "9,328", "Normalized Income": "9,328", "Interest Income": "273", "Interest Expense": "11,170", "Net Interest Income": "-10,897", "EBIT": "12,295", "EBITDA": "-", "Reconciled Cost of Revenue": "153,136", "Reconciled Depreciation": "42,070", "Net Income from Continuing Operation Net Minority Interest": "9,328", "Total Unusual Items Excluding Goodwill": "0", "Total Unusual Items": "0", "Normalized EBITDA": "54,365", "Tax Rate for Calcs": "0", "Tax Effect of Unusual Items": "0"}}, "bs": {"6/30/2020": {"Duration": "6/30/2020", "Total Assets": "793,137", "Total Liabilities Net Minority Interest": "400,803", "Total Equity Gross Minority Interest": "392,334", "Total Capitalization": "572,334", "Common Stock Equity": "392,334", "Capital Lease Obligations": "27,474", "Net Tangible Assets": "32,510", "Working Capital": "159,645", "Invested Capital": "572,334", "Tangible Book Value": "32,510", "Total Debt": "207,474", "Net Debt": "-", "Share Issued": "48,147", "Ordinary Shares Number": "42,172", "Treasury Shares Number": "5,975"}, "6/30/2019": {"Duration": "6/30/2019", "Total Assets": "669,229", "Total Liabilities Net Minority Interest": "289,852", "Total Equity Gross Minority Interest": "379,377", "Total Capitalization": "489,377", "Common Stock Equity": "379,377", "Capital Lease Obligations": "-", "Net Tangible Assets": "4,927", "Working Capital": "87,435", "Invested Capital": "489,377", "Tangible Book Value": "4,927", "Total Debt": "110,000", "Net Debt": "17,836", "Share Issued": "46,995", "Ordinary Shares Number": "41,315", "Treasury Shares Number": "5,680"}, "6/30/2018": {"Duration": "6/30/2018", "Total Assets": "635,968", "Total Liabilities Net Minority Interest": "325,036", "Total Equity Gross Minority Interest": "310,932", "Total Capitalization": "460,932", "Common Stock Equity": "310,932", "Capital Lease Obligations": "-", "Net Tangible Assets": "-50,877", "Working Capital": "105,357", "Invested Capital": "460,932", "Tangible Book Value": "-50,877", "Total Debt": "150,000", "Net Debt": "28,140", "Share Issued": "44,834", "Ordinary Shares Number": "39,028", "Treasury Shares Number": "5,806"}}, "cf": {"TTM": {"Duration": "TTM", "Operating Cash Flow": "-", "Investing Cash Flow": "-", "Financing Cash Flow": "-", "End Cash Position": "-", "Income Tax Paid Supplemental Data": "-", "Interest Paid Supplemental Data": "-", "Capital Expenditure": "-", "Issuance of Debt": "-", "Repayment of Debt": "-", "Repurchase of Capital Stock": "-", "Free Cash Flow": "-"}, "6/30/2020": {"Duration": "6/30/2020", "Operating Cash Flow": "97,171", "Investing Cash Flow": "-47,530", "Financing Cash Flow": "54,624", "End Cash Position": "194,832", "Income Tax Paid Supplemental Data": "3,100", "Interest Paid Supplemental Data": "3,105", "Capital Expenditure": "-46,650", "Issuance of Debt": "80,000", "Repayment of Debt": "-10,365", "Repurchase of Capital Stock": "-19,145", "Free Cash Flow": "50,521"}, "6/30/2019": {"Duration": "6/30/2019", "Operating Cash Flow": "78,277", "Investing Cash Flow": "-66,218", "Financing Cash Flow": "-37,413", "End Cash Position": "97,801", "Income Tax Paid Supplemental Data": "2,040", "Interest Paid Supplemental Data": "3,936", "Capital Expenditure": "-53,783", "Issuance of Debt": "0", "Repayment of Debt": "-40,736", "Repurchase of Capital Stock": "0", "Free Cash Flow": "24,494"}, "6/30/2018": {"Duration": "6/30/2018", "Operating Cash Flow": "76,028", "Investing Cash Flow": "-38,683", "Financing Cash Flow": "-38,824", "End Cash Position": "121,860", "Income Tax Paid Supplemental Data": "3,109", "Interest Paid Supplemental Data": "4,873", "Capital Expenditure": "-21,376", "Issuance of Debt": "150,000", "Repayment of Debt": "-192,331", "Repurchase of Capital Stock": "0", "Free Cash Flow": "54,652"}}}}, {"BKFS": {"quote": {"03/26/2021": {"value": "", "Net Assets": "N/A", "Beta (5Y Monthly)": "N/A", "Yield": "N/A", "5y Average Return": "N/A", "Holdings Turnover": "N/A", "Last Dividend": "N/A", "Average for Category": "N/A", "Inception Date": "N/A"}}, "fin": {}, "bs": {}, "cf": {}}}, {"CTSH": {"quote": {"03/26/2021": {"value": "79.24", "Market Cap": "42.046B", "Beta (5Y Monthly)": "1.17", "PE Ratio (TTM)": "30.83", "EPS (TTM)": "2.57", "Earnings Date": "May 05, 2021 - May 10, 2021", "Forward Dividend & Yield": "0.96 (1.25%)", "Ex-Dividend Date": "Feb 17, 2021", "1y Target Est": "84.58"}}, "fin": {"TTM": {"Duration": "TTM", "Total Revenue": "16,828,000", "Cost of Revenue": "10,688,000", "Gross Profit": "6,140,000", "Operating Expense": "3,776,000", "Operating Income": "2,364,000", "Net Non Operating Interest Income Expense": "67,000", "Other Income Expense": "-180,000", "Pretax Income": "2,251,000", "Tax Provision": "722,000", "Earnings from Equity Interest Net of Tax": "1,000", "Net Income Common Stockholders": "1,530,000", "Diluted NI Available to Com Stockholders": "1,530,000", "Basic EPS": "-", "Diluted EPS": "-", "Basic Average Shares": "-", "Diluted Average Shares": "-", "Total Operating Income as Reported": "866,000", "Total Expenses": "14,464,000", "Net Income from Continuing & Discontinued Operation": "1,530,000", "Normalized Income": "1,654,303", "Interest Income": "87,000", "Interest Expense": "20,000", "Net Interest Income": "67,000", "EBIT": "2,271,000", "EBITDA": "2,831,000", "Reconciled Cost of Revenue": "10,688,000", "Reconciled Depreciation": "560,000", "Net Income from Continuing Operation Net Minority Interest": "1,530,000", "Total Unusual Items Excluding Goodwill": "-183,000", "Total Unusual Items": "-183,000", "Normalized EBITDA": "3,014,000", "Tax Rate for Calcs": "0", "Tax Effect of Unusual Items": "-58,697"}, "12/31/2020": {"Duration": "12/31/2020", "Total Revenue": "16,652,000", "Cost of Revenue": "10,671,000", "Gross Profit": "5,981,000", "Operating Expense": "3,652,000", "Operating Income": "2,329,000", "Net Non Operating Interest Income Expense": "95,000", "Other Income Expense": "-328,000", "Pretax Income": "2,096,000", "Tax Provision": "704,000", "Earnings from Equity Interest Net of Tax": "0", "Net Income Common Stockholders": "1,392,000", "Diluted NI Available to Com Stockholders": "1,392,000", "Basic EPS": "-", "Diluted EPS": "-", "Basic Average Shares": "-", "Diluted Average Shares": "-", "Total Operating Income as Reported": "2,114,000", "Total Expenses": "14,323,000", "Net Income from Continuing & Discontinued Operation": "1,392,000", "Normalized Income": "1,611,784", "Interest Income": "119,000", "Interest Expense": "24,000", "Net Interest Income": "95,000", "EBIT": "2,120,000", "EBITDA": "-", "Reconciled Cost of Revenue": "10,664,000", "Reconciled Depreciation": "559,000", "Net Income from Continuing Operation Net Minority Interest": "1,392,000", "Total Unusual Items Excluding Goodwill": "-331,000", "Total Unusual Items": "-331,000", "Normalized EBITDA": "3,010,000", "Tax Rate for Calcs": "0", "Tax Effect of Unusual Items": "-111,216"}, "12/31/2019": {"Duration": "12/31/2019", "Total Revenue": "16,783,000", "Cost of Revenue": "10,634,000", "Gross Profit": "6,149,000", "Operating Expense": "3,479,000", "Operating Income": "2,670,000", "Net Non Operating Interest Income Expense": "150,000", "Other Income Expense": "-277,000", "Pretax Income": "2,543,000", "Tax Provision": "643,000", "Earnings from Equity Interest Net of Tax": "-58,000", "Net Income Common Stockholders": "1,842,000", "Diluted NI Available to Com Stockholders": "1,842,000", "Basic EPS": "3.30", "Diluted EPS": "3.29", "Basic Average Shares": "559,000", "Diluted Average Shares": "560,000", "Total Operating Income as Reported": "2,453,000", "Total Expenses": "14,113,000", "Net Income from Continuing & Discontinued Operation": "1,842,000", "Normalized Income": "2,052,654", "Interest Income": "176,000", "Interest Expense": "26,000", "Net Interest Income": "150,000", "EBIT": "2,569,000", "EBITDA": "-", "Reconciled Cost of Revenue": "10,615,000", "Reconciled Depreciation": "526,000", "Net Income from Continuing Operation Net Minority Interest": "1,842,000", "Total Unusual Items Excluding Goodwill": "-282,000", "Total Unusual Items": "-282,000", "Normalized EBITDA": "3,377,000", "Tax Rate for Calcs": "0", "Tax Effect of Unusual Items": "-71,346"}, "12/31/2018": {"Duration": "12/31/2018", "Total Revenue": "16,125,000", "Cost of Revenue": "9,838,000", "Gross Profit": "6,287,000", "Operating Expense": "3,486,000", "Operating Income": "2,801,000", "Net Non Operating Interest Income Expense": "150,000", "Other Income Expense": "-154,000", "Pretax Income": "2,797,000", "Tax Provision": "698,000", "Earnings from Equity Interest Net of Tax": "2,000", "Net Income Common Stockholders": "2,101,000", "Diluted NI Available to Com Stockholders": "2,101,000", "Basic EPS": "3.61", "Diluted EPS": "3.60", "Basic Average Shares": "582,000", "Diluted Average Shares": "584,000", "Total Operating Income as Reported": "2,801,000", "Total Expenses": "13,324,000", "Net Income from Continuing & Discontinued Operation": "2,101,000", "Normalized Income": "2,215,000", "Interest Income": "177,000", "Interest Expense": "27,000", "Net Interest Income": "150,000", "EBIT": "2,824,000", "EBITDA": "-", "Reconciled Cost of Revenue": "9,800,000", "Reconciled Depreciation": "498,000", "Net Income from Continuing Operation Net Minority Interest": "2,101,000", "Total Unusual Items Excluding Goodwill": "-152,000", "Total Unusual Items": "-152,000", "Normalized EBITDA": "3,474,000", "Tax Rate for Calcs": "0", "Tax Effect of Unusual Items": "-38,000"}}, "bs": {"12/31/2020": {"Duration": "12/31/2020", "Total Assets": "16,923,000", "Total Liabilities Net Minority Interest": "6,087,000", "Total Equity Gross Minority Interest": "10,836,000", "Total Capitalization": "11,499,000", "Common Stock Equity": "10,836,000", "Capital Lease Obligations": "1,057,000", "Net Tangible Assets": "4,759,000", "Working Capital": "3,311,000", "Invested Capital": "11,537,000", "Tangible Book Value": "4,759,000", "Total Debt": "1,758,000", "Share Issued": "530,000", "Ordinary Shares Number": "530,000"}, "12/31/2019": {"Duration": "12/31/2019", "Total Assets": "16,204,000", "Total Liabilities Net Minority Interest": "5,182,000", "Total Equity Gross Minority Interest": "11,022,000", "Total Capitalization": "11,722,000", "Common Stock Equity": "11,022,000", "Capital Lease Obligations": "947,000", "Net Tangible Assets": "6,002,000", "Working Capital": "4,628,000", "Invested Capital": "11,760,000", "Tangible Book Value": "6,002,000", "Total Debt": "1,685,000", "Share Issued": "548,000", "Ordinary Shares Number": "548,000"}, "12/31/2018": {"Duration": "12/31/2018", "Total Assets": "15,913,000", "Total Liabilities Net Minority Interest": "4,489,000", "Total Equity Gross Minority Interest": "11,424,000", "Total Capitalization": "12,160,000", "Common Stock Equity": "11,424,000", "Capital Lease Obligations": "-", "Net Tangible Assets": "6,793,000", "Working Capital": "5,900,000", "Invested Capital": "12,169,000", "Tangible Book Value": "6,793,000", "Total Debt": "745,000", "Share Issued": "577,000", "Ordinary Shares Number": "577,000"}}, "cf": {"TTM": {"Duration": "TTM", "Operating Cash Flow": "2,983,000", "Investing Cash Flow": "-1,504,000", "Financing Cash Flow": "-3,484,000", "End Cash Position": "1,881,000", "Income Tax Paid Supplemental Data": "-", "Interest Paid Supplemental Data": "-", "Capital Expenditure": "-374,000", "Issuance of Debt": "0", "Repayment of Debt": "-1,792,000", "Repurchase of Capital Stock": "-1,350,000", "Free Cash Flow": "2,609,000"}, "12/31/2020": {"Duration": "12/31/2020", "Operating Cash Flow": "3,299,000", "Investing Cash Flow": "-1,238,000", "Financing Cash Flow": "-2,009,000", "End Cash Position": "2,680,000", "Income Tax Paid Supplemental Data": "745,000", "Interest Paid Supplemental Data": "25,000", "Capital Expenditure": "-398,000", "Issuance of Debt": "1,740,000", "Repayment of Debt": "-1,790,000", "Repurchase of Capital Stock": "-1,621,000", "Free Cash Flow": "2,901,000"}, "12/31/2019": {"Duration": "12/31/2019", "Operating Cash Flow": "2,499,000", "Investing Cash Flow": "1,588,000", "Financing Cash Flow": "-2,569,000", "End Cash Position": "2,645,000", "Income Tax Paid Supplemental Data": "870,000", "Interest Paid Supplemental Data": "25,000", "Capital Expenditure": "-392,000", "Issuance of Debt": "-", "Repayment of Debt": "-28,000", "Repurchase of Capital Stock": "-2,247,000", "Free Cash Flow": "2,107,000"}, "12/31/2018": {"Duration": "12/31/2018", "Operating Cash Flow": "2,592,000", "Investing Cash Flow": "-1,627,000", "Financing Cash Flow": "-1,693,000", "End Cash Position": "1,161,000", "Income Tax Paid Supplemental Data": "597,000", "Interest Paid Supplemental Data": "21,000", "Capital Expenditure": "-377,000", "Issuance of Debt": "25,000", "Repayment of Debt": "-91,000", "Repurchase of Capital Stock": "-1,261,000", "Free Cash Flow": "2,215,000"}}}}, {"CA": {"quote": {"03/26/2021": {"value": "", "Net Assets": "N/A", "Beta (5Y Monthly)": "N/A", "Yield": "N/A", "5y Average Return": "N/A", "Holdings Turnover": "N/A", "Last Dividend": "N/A", "Average for Category": "N/A", "Inception Date": "N/A"}}, "fin": {}, "bs": {}, "cf": {}}}, {"CTXS": {"quote": {"03/26/2021": {"value": "136.64", "Market Cap": "16.802B", "Beta (5Y Monthly)": "0.18", "PE Ratio (TTM)": "34.16", "EPS (TTM)": "4.00", "Earnings Date": "Apr 21, 2021 - Apr 26, 2021", "Forward Dividend & Yield": "1.48 (1.10%)", "Ex-Dividend Date": "Mar 11, 2021", "1y Target Est": "157.92"}}, "fin": {"TTM": {"Duration": "TTM", "Total Revenue": "3,236,700", "Cost of Revenue": "498,546", "Gross Profit": "2,738,154", "Operating Expense": "2,117,365", "Operating Income": "620,789", "Net Non Operating Interest Income Expense": "-61,579", "Other Income Expense": "-4,330", "Pretax Income": "554,880", "Tax Provision": "50,434", "Net Income Common Stockholders": "504,446", "Diluted NI Available to Com Stockholders": "504,446", "Basic EPS": "-", "Diluted EPS": "-", "Basic Average Shares": "-", "Diluted Average Shares": "-", "Total Operating Income as Reported": "608,808", "Total Expenses": "2,615,911", "Net Income from Continuing & Discontinued Operation": "504,446", "Normalized Income": "515,337", "Interest Income": "3,108", "Interest Expense": "64,687", "Net Interest Income": "-61,579", "EBIT": "619,567", "EBITDA": "769,977", "Reconciled Cost of Revenue": "350,935", "Reconciled Depreciation": "150,410", "Net Income from Continuing Operation Net Minority Interest": "504,446", "Total Unusual Items Excluding Goodwill": "-11,981", "Total Unusual Items": "-11,981", "Normalized EBITDA": "781,958", "Tax Rate for Calcs": "0", "Tax Effect of Unusual Items": "-1,090"}, "12/31/2020": {"Duration": "12/31/2020", "Total Revenue": "3,236,700", "Cost of Revenue": "498,546", "Gross Profit": "2,738,154", "Operating Expense": "2,117,365", "Operating Income": "620,789", "Net Non Operating Interest Income Expense": "-61,579", "Other Income Expense": "-4,330", "Pretax Income": "554,880", "Tax Provision": "50,434", "Net Income Common Stockholders": "504,446", "Diluted NI Available to Com Stockholders": "504,446", "Basic EPS": "4.08", "Diluted EPS": "4.00", "Basic Average Shares": "123,575", "Diluted Average Shares": "126,152", "Total Operating Income as Reported": "608,808", "Total Expenses": "2,615,911", "Net Income from Continuing & Discontinued Operation": "504,446", "Normalized Income": "515,337", "Interest Income": "3,108", "Interest Expense": "64,687", "Net Interest Income": "-61,579", "EBIT": "619,567", "EBITDA": "-", "Reconciled Cost of Revenue": "350,935", "Reconciled Depreciation": "150,410", "Net Income from Continuing Operation Net Minority Interest": "504,446", "Total Unusual Items Excluding Goodwill": "-11,981", "Total Unusual Items": "-11,981", "Normalized EBITDA": "781,958", "Tax Rate for Calcs": "0", "Tax Effect of Unusual Items": "-1,090"}, "12/31/2019": {"Duration": "12/31/2019", "Total Revenue": "3,010,564", "Cost of Revenue": "464,047", "Gross Profit": "2,546,517", "Operating Expense": "1,988,152", "Operating Income": "558,365", "Net Non Operating Interest Income Expense": "-27,694", "Other Income Expense": "-21,171", "Pretax Income": "509,500", "Tax Provision": "-172,313", "Net Income Common Stockholders": "681,813", "Diluted NI Available to Com Stockholders": "681,813", "Basic EPS": "5.21", "Diluted EPS": "5.03", "Basic Average Shares": "130,853", "Diluted Average Shares": "135,495", "Total Operating Income as Reported": "536,118", "Total Expenses": "2,452,199", "Net Income from Continuing & Discontinued Operation": "681,813", "Normalized Income": "696,541", "Interest Income": "18,280", "Interest Expense": "45,974", "Net Interest Income": "-27,694", "EBIT": "555,474", "EBITDA": "-", "Reconciled Cost of Revenue": "290,465", "Reconciled Depreciation": "189,472", "Net Income from Continuing Operation Net Minority Interest": "681,813", "Total Unusual Items Excluding Goodwill": "-22,247", "Total Unusual Items": "-22,247", "Normalized EBITDA": "767,193", "Tax Rate for Calcs": "0", "Tax Effect of Unusual Items": "-7,519"}, "12/31/2018": {"Duration": "12/31/2018", "Total Revenue": "2,973,903", "Cost of Revenue": "433,803", "Gross Profit": "2,540,100", "Operating Expense": "1,845,415", "Operating Income": "694,685", "Net Non Operating Interest Income Expense": "-40,132", "Other Income Expense": "-25,098", "Pretax Income": "629,455", "Tax Provision": "53,788", "Net Income Common Stockholders": "575,667", "Diluted NI Available to Com Stockholders": "575,667", "Basic EPS": "4.23", "Diluted EPS": "3.94", "Basic Average Shares": "136,030", "Diluted Average Shares": "145,934", "Total Operating Income as Reported": "677,960", "Total Expenses": "2,279,218", "Net Income from Continuing & Discontinued Operation": "575,667", "Normalized Income": "590,970", "Interest Income": "40,030", "Interest Expense": "80,162", "Net Interest Income": "-40,132", "EBIT": "709,617", "EBITDA": "-", "Reconciled Cost of Revenue": "307,761", "Reconciled Depreciation": "141,896", "Net Income from Continuing Operation Net Minority Interest": "575,667", "Total Unusual Items Excluding Goodwill": "-16,725", "Total Unusual Items": "-16,725", "Normalized EBITDA": "868,238", "Tax Rate for Calcs": "0", "Tax Effect of Unusual Items": "-1,422"}}, "bs": {"12/31/2020": {"Duration": "12/31/2020", "Total Assets": "4,890,347", "Total Liabilities Net Minority Interest": "4,778,204", "Total Equity Gross Minority Interest": "112,143", "Total Capitalization": "1,844,765", "Common Stock Equity": "112,143", "Capital Lease Obligations": "195,767", "Net Tangible Assets": "-1,767,756", "Working Capital": "-161,321", "Invested Capital": "1,844,765", "Tangible Book Value": "-1,767,756", "Total Debt": "1,928,389", "Net Debt": "979,727", "Share Issued": "321,964", "Ordinary Shares Number": "122,521", "Treasury Shares Number": "199,443"}, "12/31/2019": {"Duration": "12/31/2019", "Total Assets": "4,388,926", "Total Liabilities Net Minority Interest": "3,551,270", "Total Equity Gross Minority Interest": "837,656", "Total Capitalization": "1,580,582", "Common Stock Equity": "837,656", "Capital Lease Obligations": "209,382", "Net Tangible Assets": "-1,069,230", "Working Capital": "-315,855", "Invested Capital": "1,580,582", "Tangible Book Value": "-1,069,230", "Total Debt": "952,308", "Net Debt": "197,165", "Share Issued": "318,760", "Ordinary Shares Number": "130,067", "Treasury Shares Number": "188,693"}, "12/31/2018": {"Duration": "12/31/2018", "Total Assets": "5,136,049", "Total Liabilities Net Minority Interest": "4,576,420", "Total Equity Gross Minority Interest": "559,629", "Total Capitalization": "1,301,454", "Common Stock Equity": "559,629", "Capital Lease Obligations": "-", "Net Tangible Assets": "-1,410,228", "Working Capital": "-824,239", "Invested Capital": "2,456,899", "Tangible Book Value": "-1,410,228", "Total Debt": "1,897,270", "Net Debt": "1,278,504", "Share Issued": "309,761", "Ordinary Shares Number": "131,434", "Treasury Shares Number": "178,327"}}, "cf": {"TTM": {"Duration": "TTM", "Operating Cash Flow": "935,809", "Investing Cash Flow": "-138,305", "Financing Cash Flow": "-595,188", "Cash Flow from Discontinued Operation": "-", "End Cash Position": "752,895", "Income Tax Paid Supplemental Data": "92,838", "Interest Paid Supplemental Data": "52,638", "Capital Expenditure": "-50,019", "Issuance of Debt": "1,736,953", "Repayment of Debt": "-750,000", "Repurchase of Capital Stock": "-1,288,483", "Free Cash Flow": "885,790"}, "12/31/2020": {"Duration": "12/31/2020", "Operating Cash Flow": "935,809", "Investing Cash Flow": "-138,305", "Financing Cash Flow": "-595,188", "Cash Flow from Discontinued Operation": "-", "End Cash Position": "752,895", "Income Tax Paid Supplemental Data": "92,838", "Interest Paid Supplemental Data": "52,638", "Capital Expenditure": "-50,019", "Issuance of Debt": "1,736,953", "Repayment of Debt": "-750,000", "Repurchase of Capital Stock": "-1,288,483", "Free Cash Flow": "885,790"}, "12/31/2019": {"Duration": "12/31/2019", "Operating Cash Flow": "783,070", "Investing Cash Flow": "1,035,749", "Financing Cash Flow": "-1,890,510", "Cash Flow from Discontinued Operation": "-", "End Cash Position": "545,761", "Income Tax Paid Supplemental Data": "86,460", "Interest Paid Supplemental Data": "37,667", "Capital Expenditure": "-66,954", "Issuance of Debt": "200,000", "Repayment of Debt": "-1,364,497", "Repurchase of Capital Stock": "-453,853", "Free Cash Flow": "716,116"}, "12/31/2018": {"Duration": "12/31/2018", "Operating Cash Flow": "1,035,345", "Investing Cash Flow": "132,180", "Financing Cash Flow": "-1,658,041", "Cash Flow from Discontinued Operation": "0", "End Cash Position": "618,766", "Income Tax Paid Supplemental Data": "110,808", "Interest Paid Supplemental Data": "41,834", "Capital Expenditure": "-72,564", "Issuance of Debt": "0", "Repayment of Debt": "-278,660", "Repurchase of Capital Stock": "-1,261,153", "Free Cash Flow": "962,781"}}}}, {"CSGS": {"quote": {"03/26/2021": {"value": "48.66", "Market Cap": "1.588B", "Beta (5Y Monthly)": "0.99", "PE Ratio (TTM)": "26.74", "EPS (TTM)": "1.82", "Earnings Date": "May 04, 2021 - May 10, 2021", "Forward Dividend & Yield": "1.00 (2.09%)", "Ex-Dividend Date": "Mar 19, 2021", "1y Target Est": "55.00"}}, "fin": {"TTM": {"Duration": "TTM", "Total Revenue": "990,533", "Cost of Revenue": "535,597", "Gross Profit": "454,936", "Operating Expense": "344,052", "Operating Income": "110,884", "Net Non Operating Interest Income Expense": "-17,239", "Other Income Expense": "-8,289", "Pretax Income": "85,356", "Tax Provision": "26,645", "Net Income Common Stockholders": "58,711", "Diluted NI Available to Com Stockholders": "58,711", "Basic EPS": "-", "Diluted EPS": "-", "Basic Average Shares": "-", "Diluted Average Shares": "-", "Total Operating Income as Reported": "105,556", "Total Expenses": "879,649", "Net Income from Continuing & Discontinued Operation": "58,711", "Normalized Income": "62,387", "Interest Income": "1,244", "Interest Expense": "18,483", "Net Interest Income": "-17,239", "EBIT": "103,839", "EBITDA": "170,712", "Reconciled Cost of Revenue": "491,650", "Reconciled Depreciation": "66,873", "Net Income from Continuing Operation Net Minority Interest": "58,711", "Total Unusual Items Excluding Goodwill": "-5,328", "Total Unusual Items": "-5,328", "Normalized EBITDA": "176,040", "Tax Rate for Calcs": "0", "Tax Effect of Unusual Items": "-1,652"}, "12/31/2020": {"Duration": "12/31/2020", "Total Revenue": "990,533", "Cost of Revenue": "535,597", "Gross Profit": "454,936", "Operating Expense": "344,052", "Operating Income": "110,884", "Net Non Operating Interest Income Expense": "-17,239", "Other Income Expense": "-8,289", "Pretax Income": "85,356", "Tax Provision": "26,645", "Net Income Common Stockholders": "58,711", "Diluted NI Available to Com Stockholders": "58,711", "Basic EPS": "-", "Diluted EPS": "-", "Basic Average Shares": "-", "Diluted Average Shares": "-", "Total Operating Income as Reported": "105,556", "Total Expenses": "879,649", "Net Income from Continuing & Discontinued Operation": "58,711", "Normalized Income": "62,387", "Interest Income": "1,244", "Interest Expense": "18,483", "Net Interest Income": "-17,239", "EBIT": "103,839", "EBITDA": "-", "Reconciled Cost of Revenue": "491,650", "Reconciled Depreciation": "66,873", "Net Income from Continuing Operation Net Minority Interest": "58,711", "Total Unusual Items Excluding Goodwill": "-5,328", "Total Unusual Items": "-5,328", "Normalized EBITDA": "176,040", "Tax Rate for Calcs": "0", "Tax Effect of Unusual Items": "-1,652"}, "12/31/2019": {"Duration": "12/31/2019", "Total Revenue": "996,810", "Cost of Revenue": "525,122", "Gross Profit": "471,688", "Operating Expense": "340,745", "Operating Income": "130,943", "Net Non Operating Interest Income Expense": "-18,782", "Other Income Expense": "-6,438", "Pretax Income": "105,723", "Tax Provision": "22,953", "Net Income Common Stockholders": "82,770", "Diluted NI Available to Com Stockholders": "82,770", "Basic EPS": "2.58", "Diluted EPS": "2.55", "Basic Average Shares": "32,051", "Diluted Average Shares": "32,465", "Total Operating Income as Reported": "126,109", "Total Expenses": "865,867", "Net Income from Continuing & Discontinued Operation": "82,770", "Normalized Income": "86,541", "Interest Income": "1,785", "Interest Expense": "20,567", "Net Interest Income": "-18,782", "EBIT": "126,290", "EBITDA": "-", "Reconciled Cost of Revenue": "479,422", "Reconciled Depreciation": "67,122", "Net Income from Continuing Operation Net Minority Interest": "82,770", "Total Unusual Items Excluding Goodwill": "-4,834", "Total Unusual Items": "-4,834", "Normalized EBITDA": "198,246", "Tax Rate for Calcs": "0", "Tax Effect of Unusual Items": "-1,063"}, "12/31/2018": {"Duration": "12/31/2018", "Total Revenue": "875,059", "Cost of Revenue": "449,820", "Gross Profit": "425,239", "Operating Expense": "311,646", "Operating Income": "113,593", "Net Non Operating Interest Income Expense": "-17,685", "Other Income Expense": "-8,921", "Pretax Income": "86,987", "Tax Provision": "20,857", "Net Income Common Stockholders": "66,130", "Diluted NI Available to Com Stockholders": "66,130", "Basic EPS": "2.04", "Diluted EPS": "2.01", "Basic Average Shares": "32,488", "Diluted Average Shares": "32,855", "Total Operating Income as Reported": "104,932", "Total Expenses": "761,466", "Net Income from Continuing & Discontinued Operation": "66,130", "Normalized Income": "73,328", "Interest Income": "2,646", "Interest Expense": "20,331", "Net Interest Income": "-17,685", "EBIT": "107,318", "EBITDA": "-", "Reconciled Cost of Revenue": "405,492", "Reconciled Depreciation": "62,632", "Net Income from Continuing Operation Net Minority Interest": "66,130", "Total Unusual Items Excluding Goodwill": "-9,471", "Total Unusual Items": "-9,471", "Normalized EBITDA": "179,421", "Tax Rate for Calcs": "0", "Tax Effect of Unusual Items": "-2,273"}}, "bs": {"12/31/2020": {"Duration": "12/31/2020", "Total Assets": "1,332,000", "Total Liabilities Net Minority Interest": "909,605", "Total Equity Gross Minority Interest": "422,395", "Total Capitalization": "759,549", "Common Stock Equity": "422,395", "Capital Lease Obligations": "118,577", "Net Tangible Assets": "28,370", "Working Capital": "278,330", "Invested Capital": "773,612", "Tangible Book Value": "28,370", "Total Debt": "469,794", "Net Debt": "162,518", "Share Issued": "68,693", "Ordinary Shares Number": "32,713", "Treasury Shares Number": "35,980"}, "12/31/2019": {"Duration": "12/31/2019", "Total Assets": "1,283,030", "Total Liabilities Net Minority Interest": "886,368", "Total Equity Gross Minority Interest": "396,662", "Total Capitalization": "743,171", "Common Stock Equity": "396,662", "Capital Lease Obligations": "101,378", "Net Tangible Assets": "-879", "Working Capital": "250,389", "Invested Capital": "753,484", "Tangible Book Value": "-879", "Total Debt": "458,200", "Net Debt": "200,274", "Share Issued": "68,247", "Ordinary Shares Number": "32,891", "Treasury Shares Number": "35,356"}, "12/31/2018": {"Duration": "12/31/2018", "Total Assets": "1,114,362", "Total Liabilities Net Minority Interest": "753,338", "Total Equity Gross Minority Interest": "361,024", "Total Capitalization": "713,350", "Common Stock Equity": "361,024", "Capital Lease Obligations": "-", "Net Tangible Assets": "-33,937", "Working Capital": "249,176", "Invested Capital": "720,850", "Tangible Book Value": "-33,937", "Total Debt": "359,826", "Net Debt": "220,549", "Share Issued": "67,937", "Ordinary Shares Number": "33,158", "Treasury Shares Number": "34,779"}}, "cf": {"TTM": {"Duration": "TTM", "Operating Cash Flow": "173,020", "Investing Cash Flow": "-66,258", "Financing Cash Flow": "-76,969", "End Cash Position": "188,699", "Income Tax Paid Supplemental Data": "22,431", "Interest Paid Supplemental Data": "13,681", "Capital Expenditure": "-29,397", "Issuance of Capital Stock": "2,523", "Issuance of Debt": "0", "Repayment of Debt": "-10,313", "Repurchase of Capital Stock": "-38,123", "Free Cash Flow": "143,623"}, "12/31/2020": {"Duration": "12/31/2020", "Operating Cash Flow": "173,020", "Investing Cash Flow": "-66,258", "Financing Cash Flow": "-76,969", "End Cash Position": "188,699", "Income Tax Paid Supplemental Data": "22,431", "Interest Paid Supplemental Data": "13,681", "Capital Expenditure": "-29,397", "Issuance of Capital Stock": "2,523", "Issuance of Debt": "0", "Repayment of Debt": "-10,313", "Repurchase of Capital Stock": "-38,123", "Free Cash Flow": "143,623"}, "12/31/2019": {"Duration": "12/31/2019", "Operating Cash Flow": "151,076", "Investing Cash Flow": "-56,636", "Financing Cash Flow": "-78,228", "End Cash Position": "156,548", "Income Tax Paid Supplemental Data": "18,358", "Interest Paid Supplemental Data": "16,064", "Capital Expenditure": "-37,319", "Issuance of Capital Stock": "2,227", "Issuance of Debt": "0", "Repayment of Debt": "-7,500", "Repurchase of Capital Stock": "-30,918", "Free Cash Flow": "113,757"}, "12/31/2018": {"Duration": "12/31/2018", "Operating Cash Flow": "143,341", "Investing Cash Flow": "-86,139", "Financing Cash Flow": "-37,509", "End Cash Position": "139,277", "Income Tax Paid Supplemental Data": "10,426", "Interest Paid Supplemental Data": "15,857", "Capital Expenditure": "-57,104", "Issuance of Capital Stock": "2,311", "Issuance of Debt": "150,000", "Repayment of Debt": "-125,625", "Repurchase of Capital Stock": "-34,726", "Free Cash Flow": "86,237"}}}}, {"CYBR": {"quote": {"03/26/2021": {"value": "132.32", "Market Cap": "5.172B", "Beta (5Y Monthly)": "1.35", "PE Ratio (TTM)": "N/A", "EPS (TTM)": "-0.15", "Earnings Date": "May 11, 2021 - May 17, 2021", "Forward Dividend & Yield": "N/A (N/A)", "Ex-Dividend Date": "N/A", "1y Target Est": "184.47"}}, "fin": {"TTM": {"Duration": "TTM", "Total Revenue": "464,431", "Cost of Revenue": "82,571", "Gross Profit": "381,860", "Operating Expense": "375,854", "Operating Income": "6,006", "Net Non Operating Interest Income Expense": "-7,078", "Other Income Expense": "683", "Pretax Income": "-389", "Tax Provision": "5,369", "Net Income Common Stockholders": "-5,758", "Diluted NI Available to Com Stockholders": "-5,758", "Basic EPS": "-", "Diluted EPS": "-", "Basic Average Shares": "-", "Diluted Average Shares": "-", "Total Operating Income as Reported": "6,006", "Total Expenses": "458,425", "Net Income from Continuing & Discontinued Operation": "-5,758", "Normalized Income": "-6,257", "Interest Income": "10,380", "Interest Expense": "17,183", "Net Interest Income": "-7,078", "EBIT": "16,794", "EBITDA": "32,269", "Reconciled Cost of Revenue": "82,571", "Reconciled Depreciation": "15,475", "Net Income from Continuing Operation Net Minority Interest": "-5,758", "Total Unusual Items Excluding Goodwill": "683", "Total Unusual Items": "683", "Normalized EBITDA": "31,586", "Tax Rate for Calcs": "0", "Tax Effect of Unusual Items": "184.41"}, "12/31/2020": {"Duration": "12/31/2020", "Total Revenue": "464,431", "Cost of Revenue": "82,571", "Gross Profit": "381,860", "Operating Expense": "375,854", "Operating Income": "6,006", "Net Non Operating Interest Income Expense": "-7,078", "Other Income Expense": "683", "Pretax Income": "-389", "Tax Provision": "5,369", "Net Income Common Stockholders": "-5,758", "Diluted NI Available to Com Stockholders": "-5,758", "Basic EPS": "-", "Diluted EPS": "-", "Basic Average Shares": "-", "Diluted Average Shares": "-", "Total Operating Income as Reported": "6,006", "Total Expenses": "458,425", "Net Income from Continuing & Discontinued Operation": "-5,758", "Normalized Income": "-6,257", "Interest Income": "10,380", "Interest Expense": "17,183", "Net Interest Income": "-7,078", "EBIT": "16,794", "EBITDA": "-", "Reconciled Cost of Revenue": "82,571", "Reconciled Depreciation": "15,475", "Net Income from Continuing Operation Net Minority Interest": "-5,758", "Total Unusual Items Excluding Goodwill": "683", "Total Unusual Items": "683", "Normalized EBITDA": "31,586", "Tax Rate for Calcs": "0", "Tax Effect of Unusual Items": "184.41"}, "12/31/2019": {"Duration": "12/31/2019", "Total Revenue": "433,895", "Cost of Revenue": "62,615", "Gross Profit": "371,280", "Operating Expense": "308,996", "Operating Income": "62,284", "Net Non Operating Interest Income Expense": "8,603", "Other Income Expense": "-803", "Pretax Income": "70,084", "Tax Provision": "7,020", "Net Income Common Stockholders": "63,064", "Diluted NI Available to Com Stockholders": "63,064", "Basic EPS": "1.68", "Diluted EPS": "1.62", "Basic Average Shares": "37,586", "Diluted Average Shares": "38,890", "Total Operating Income as Reported": "62,284", "Total Expenses": "371,611", "Net Income from Continuing & Discontinued Operation": "63,064", "Normalized Income": "63,787", "Interest Income": "10,843", "Interest Expense": "1,966", "Net Interest Income": "8,603", "EBIT": "72,050", "EBITDA": "-", "Reconciled Cost of Revenue": "62,615", "Reconciled Depreciation": "10,646", "Net Income from Continuing Operation Net Minority Interest": "63,064", "Total Unusual Items Excluding Goodwill": "-803", "Total Unusual Items": "-803", "Normalized EBITDA": "83,499", "Tax Rate for Calcs": "0", "Tax Effect of Unusual Items": "-80.3"}, "12/31/2018": {"Duration": "12/31/2018", "Total Revenue": "343,199", "Cost of Revenue": "48,461", "Gross Profit": "294,738", "Operating Expense": "247,446", "Operating Income": "47,292", "Net Non Operating Interest Income Expense": "5,601", "Other Income Expense": "-1,050", "Pretax Income": "51,843", "Tax Provision": "4,771", "Net Income Common Stockholders": "47,072", "Diluted NI Available to Com Stockholders": "47,072", "Basic EPS": "1.30", "Diluted EPS": "1.27", "Basic Average Shares": "36,174", "Diluted Average Shares": "37,066", "Total Operating Income as Reported": "47,292", "Total Expenses": "295,907", "Net Income from Continuing & Discontinued Operation": "47,072", "Normalized Income": "48,025", "Interest Income": "5,778", "Interest Expense": "-", "Net Interest Income": "5,601", "EBIT": "47,292", "EBITDA": "-", "Reconciled Cost of Revenue": "48,461", "Reconciled Depreciation": "10,078", "Net Income from Continuing Operation Net Minority Interest": "47,072", "Total Unusual Items Excluding Goodwill": "-1,050", "Total Unusual Items": "-1,050", "Normalized EBITDA": "58,420", "Tax Rate for Calcs": "0", "Tax Effect of Unusual Items": "-96.6"}}, "bs": {"12/31/2020": {"Duration": "12/31/2020", "Total Assets": "1,562,352", "Total Liabilities Net Minority Interest": "855,064", "Total Equity Gross Minority Interest": "707,288", "Total Capitalization": "1,209,590", "Common Stock Equity": "707,288", "Capital Lease Obligations": "7,025", "Net Tangible Assets": "559,895", "Working Capital": "814,418", "Invested Capital": "1,209,590", "Tangible Book Value": "559,895", "Total Debt": "509,327", "Net Debt": "2,310", "Share Issued": "39,035", "Ordinary Shares Number": "39,035"}, "12/31/2019": {"Duration": "12/31/2019", "Total Assets": "1,405,166", "Total Liabilities Net Minority Interest": "781,034", "Total Equity Gross Minority Interest": "624,132", "Total Capitalization": "1,109,251", "Common Stock Equity": "624,132", "Capital Lease Obligations": "5,925", "Net Tangible Assets": "532,589", "Working Capital": "953,530", "Invested Capital": "1,109,251", "Tangible Book Value": "532,589", "Total Debt": "491,044", "Net Debt": "-", "Share Issued": "38,044", "Ordinary Shares Number": "38,044"}, "12/31/2018": {"Duration": "12/31/2018", "Total Assets": "673,620", "Total Liabilities Net Minority Interest": "206,850", "Total Equity Gross Minority Interest": "466,770", "Total Capitalization": "466,770", "Common Stock Equity": "466,770", "Capital Lease Obligations": "-", "Net Tangible Assets": "369,638", "Working Capital": "338,340", "Invested Capital": "466,770", "Tangible Book Value": "369,638", "Total Debt": "-", "Net Debt": "-", "Share Issued": "36,839", "Ordinary Shares Number": "36,839"}}, "cf": {"TTM": {"Duration": "TTM", "Operating Cash Flow": "106,769", "Investing Cash Flow": "-412,387", "Financing Cash Flow": "13,249", "End Cash Position": "500,044", "Income Tax Paid Supplemental Data": "11,424", "Capital Expenditure": "-7,174", "Issuance of Capital Stock": "-", "Issuance of Debt": "0", "Free Cash Flow": "99,595"}, "12/31/2020": {"Duration": "12/31/2020", "Operating Cash Flow": "106,769", "Investing Cash Flow": "-412,387", "Financing Cash Flow": "13,249", "End Cash Position": "500,044", "Income Tax Paid Supplemental Data": "11,424", "Capital Expenditure": "-7,174", "Issuance of Capital Stock": "-", "Issuance of Debt": "0", "Free Cash Flow": "99,595"}, "12/31/2019": {"Duration": "12/31/2019", "Operating Cash Flow": "141,710", "Investing Cash Flow": "-143,222", "Financing Cash Flow": "532,042", "End Cash Position": "792,413", "Income Tax Paid Supplemental Data": "10,548", "Capital Expenditure": "-7,036", "Issuance of Capital Stock": "-", "Issuance of Debt": "560,107", "Free Cash Flow": "134,674"}, "12/31/2018": {"Duration": "12/31/2018", "Operating Cash Flow": "130,125", "Investing Cash Flow": "-48,743", "Financing Cash Flow": "17,980", "End Cash Position": "261,883", "Income Tax Paid Supplemental Data": "6,375", "Capital Expenditure": "-8,613", "Issuance of Capital Stock": "-", "Issuance of Debt": "-", "Free Cash Flow": "121,512"}}}}, {"CALD": {"quote": {"03/26/2021": {"value": "", "Net Assets": "N/A", "Beta (5Y Monthly)": "N/A", "Yield": "N/A", "5y Average Return": "N/A", "Holdings Turnover": "N/A", "Last Dividend": "N/A", "Average for Category": "N/A", "Inception Date": "N/A"}}}}, {"SPNS": {"quote": {"03/26/2021": {"value": "32.06", "Market Cap": "1.753B", "Beta (5Y Monthly)": "1.39", "PE Ratio (TTM)": "49.32", "EPS (TTM)": "0.65", "Earnings Date": "May 12, 2021 - May 17, 2021", "Forward Dividend & Yield": "0.14 (0.44%)", "Ex-Dividend Date": "May 26, 2020", "1y Target Est": "38.50"}}}}, {"FICO": {"quote": {"03/26/2021": {"value": "492.91", "Market Cap": "14.411B", "Beta (5Y Monthly)": "1.24", "PE Ratio (TTM)": "54.89", "EPS (TTM)": "8.98", "Earnings Date": "Apr 27, 2021 - May 03, 2021", "Forward Dividend & Yield": "N/A (N/A)", "Ex-Dividend Date": "Mar 01, 2017", "1y Target Est": "546.83"}}}}, {"EGAN": {"quote": {"03/26/2021": {"value": "9.31", "Market Cap": "289.122M", "Beta (5Y Monthly)": "0.30", "PE Ratio (TTM)": "38.79", "EPS (TTM)": "0.24", "Earnings Date": "Feb 10, 2021", "Forward Dividend & Yield": "N/A (N/A)", "Ex-Dividend Date": "N/A", "1y Target Est": "16.17"}}}}, {"PCYG": {"quote": {"03/26/2021": {"value": "6.34", "Market Cap": "124.003M", "Beta (5Y Monthly)": "1.43", "PE Ratio (TTM)": "52.83", "EPS (TTM)": "0.12", "Earnings Date": "Feb 16, 2021", "Forward Dividend & Yield": "N/A (N/A)", "Ex-Dividend Date": "N/A", "1y Target Est": "N/A"}}, "fin": {"TTM": {"Duration": "TTM", "Total Revenue": "20,800", "Cost of Revenue": "7,817", "Gross Profit": "12,984", "Operating Expense": "11,260", "Operating Income": "1,724", "Net Non Operating Interest Income Expense": "88.495", "Other Income Expense": "-", "Pretax Income": "2,967", "Tax Provision": "37.512", "Net Income Common Stockholders": "2,343", "Diluted NI Available to Com Stockholders": "2,343", "Basic EPS": "-", "Diluted EPS": "-", "Basic Average Shares": "-", "Diluted Average Shares": "-", "Total Operating Income as Reported": "1,724", "Total Expenses": "19,077", "Net Income from Continuing & Discontinued Operation": "2,930", "Normalized Income": "2,930", "Interest Income": "192.039", "Interest Expense": "103.544", "Net Interest Income": "88.495", "EBIT": "3,071", "EBITDA": "4,051", "Reconciled Cost of Revenue": "7,769", "Reconciled Depreciation": "980.483", "Net Income from Continuing Operation Net Minority Interest": "2,930", "Total Unusual Items Excluding Goodwill": "-", "Total Unusual Items": "-", "Normalized EBITDA": "4,051", "Tax Rate for Calcs": "0", "Tax Effect of Unusual Items": "0"}, "6/30/2020": {"Duration": "6/30/2020", "Total Revenue": "20,038", "Cost of Revenue": "6,997", "Gross Profit": "13,041", "Operating Expense": "11,563", "Operating Income": "1,478", "Net Non Operating Interest Income Expense": "157.176", "Other Income Expense": "-", "Pretax Income": "1,635", "Tax Provision": "41.919", "Net Income Common Stockholders": "1,007", "Diluted NI Available to Com Stockholders": "1,007", "Basic EPS": "0.05", "Diluted EPS": "0.05", "Basic Average Shares": "19,651", "Diluted Average Shares": "19,863", "Total Operating Income as Reported": "1,478", "Total Expenses": "18,560", "Net Income from Continuing & Discontinued Operation": "1,593", "Normalized Income": "1,593", "Interest Income": "224.908", "Interest Expense": "67.732", "Net Interest Income": "157.176", "EBIT": "1,703", "EBITDA": "-", "Reconciled Cost of Revenue": "6,952", "Reconciled Depreciation": "884.606", "Net Income from Continuing Operation Net Minority Interest": "1,593", "Total Unusual Items Excluding Goodwill": "-", "Total Unusual Items": "-", "Normalized EBITDA": "2,588", "Tax Rate for Calcs": "0", "Tax Effect of Unusual Items": "0"}, "6/30/2019": {"Duration": "6/30/2019", "Total Revenue": "21,170", "Cost of Revenue": "5,830", "Gross Profit": "15,340", "Operating Expense": "11,350", "Operating Income": "3,989", "Net Non Operating Interest Income Expense": "204.375", "Other Income Expense": "-148.548", "Pretax Income": "4,045", "Tax Provision": "142.71", "Net Income Common Stockholders": "3,316", "Diluted NI Available to Com Stockholders": "3,316", "Basic EPS": "0.17", "Diluted EPS": "0.16", "Basic Average Shares": "19,849", "Diluted Average Shares": "20,368", "Total Operating Income as Reported": "3,989", "Total Expenses": "17,180", "Net Income from Continuing & Discontinued Operation": "3,902", "Normalized Income": "4,046", "Interest Income": "247.059", "Interest Expense": "42.684", "Net Interest Income": "204.375", "EBIT": "4,088", "EBITDA": "-", "Reconciled Cost of Revenue": "5,830", "Reconciled Depreciation": "601.433", "Net Income from Continuing Operation Net Minority Interest": "3,902", "Total Unusual Items Excluding Goodwill": "-148.548", "Total Unusual Items": "-148.548", "Normalized EBITDA": "4,838", "Tax Rate for Calcs": "0", "Tax Effect of Unusual Items": "-5.2407"}, "6/30/2018": {"Duration": "6/30/2018", "Total Revenue": "22,036", "Cost of Revenue": "6,587", "Gross Profit": "15,449", "Operating Expense": "11,932", "Operating Income": "3,517", "Net Non Operating Interest Income Expense": "-2.671", "Other Income Expense": "-", "Pretax Income": "3,514", "Tax Provision": "105.395", "Net Income Common Stockholders": "2,835", "Diluted NI Available to Com Stockholders": "2,835", "Basic EPS": "0.14", "Diluted EPS": "0.14", "Basic Average Shares": "19,581", "Diluted Average Shares": "20,280", "Total Operating Income as Reported": "3,517", "Total Expenses": "18,519", "Net Income from Continuing & Discontinued Operation": "3,409", "Normalized Income": "3,409", "Interest Income": "-", "Interest Expense": "2.671", "Net Interest Income": "-2.671", "EBIT": "3,517", "EBITDA": "-", "Reconciled Cost of Revenue": "6,587", "Reconciled Depreciation": "633.854", "Net Income from Continuing Operation Net Minority Interest": "3,409", "Total Unusual Items Excluding Goodwill": "0", "Total Unusual Items": "0", "Normalized EBITDA": "4,151", "Tax Rate for Calcs": "0", "Tax Effect of Unusual Items": "0"}}, "bs": {"6/30/2020": {"Duration": "6/30/2020", "Total Assets": "53,431", "Total Liabilities Net Minority Interest": "10,848", "Total Equity Gross Minority Interest": "42,583", "Total Capitalization": "43,823", "Preferred Stock Equity": "8.378", "Common Stock Equity": "42,575", "Capital Lease Obligations": "781.136", "Net Tangible Assets": "21,024", "Working Capital": "18,237", "Invested Capital": "49,265", "Tangible Book Value": "21,016", "Total Debt": "7,471", "Share Issued": "19,484", "Ordinary Shares Number": "19,484", "Preferred Shares Number": "837.777"}, "6/30/2019": {"Duration": "6/30/2019", "Total Assets": "52,941", "Total Liabilities Net Minority Interest": "9,723", "Total Equity Gross Minority Interest": "43,217", "Total Capitalization": "44,138", "Preferred Stock Equity": "8.378", "Common Stock Equity": "43,209", "Capital Lease Obligations": "-", "Net Tangible Assets": "21,474", "Working Capital": "17,746", "Invested Capital": "49,085", "Tangible Book Value": "21,466", "Total Debt": "5,876", "Share Issued": "19,793", "Ordinary Shares Number": "19,793", "Preferred Shares Number": "837.777"}, "6/30/2018": {"Duration": "6/30/2018", "Total Assets": "49,294", "Total Liabilities Net Minority Interest": "9,589", "Total Equity Gross Minority Interest": "39,704", "Total Capitalization": "41,296", "Preferred Stock Equity": "8.378", "Common Stock Equity": "39,696", "Capital Lease Obligations": "-", "Net Tangible Assets": "17,732", "Working Capital": "15,744", "Invested Capital": "44,707", "Tangible Book Value": "17,723", "Total Debt": "5,011", "Share Issued": "19,774", "Ordinary Shares Number": "19,774", "Preferred Shares Number": "837.777"}}, "cf": {"TTM": {"Duration": "TTM", "Operating Cash Flow": "5,281", "Investing Cash Flow": "-171.89", "Financing Cash Flow": "-182.8", "End Cash Position": "23,895", "Income Tax Paid Supplemental Data": "55.772", "Interest Paid Supplemental Data": "70.545", "Capital Expenditure": "-171.89", "Issuance of Capital Stock": "-", "Issuance of Debt": "2,170", "Repayment of Debt": "-1,070", "Repurchase of Capital Stock": "-803.434", "Free Cash Flow": "5,109"}, "6/30/2020": {"Duration": "6/30/2020", "Operating Cash Flow": "4,196", "Investing Cash Flow": "-650.422", "Financing Cash Flow": "-1,810", "End Cash Position": "20,345", "Income Tax Paid Supplemental Data": "100.158", "Interest Paid Supplemental Data": "16.042", "Capital Expenditure": "-650.422", "Issuance of Capital Stock": "-", "Issuance of Debt": "1,109", "Repayment of Debt": "-295.168", "Repurchase of Capital Stock": "-2,158", "Free Cash Flow": "3,546"}, "6/30/2019": {"Duration": "6/30/2019", "Operating Cash Flow": "4,579", "Investing Cash Flow": "-969.996", "Financing Cash Flow": "108.125", "End Cash Position": "18,609", "Income Tax Paid Supplemental Data": "76.063", "Interest Paid Supplemental Data": "146.889", "Capital Expenditure": "-1,448", "Issuance of Capital Stock": "-", "Issuance of Debt": "2,699", "Repayment of Debt": "-1,834", "Repurchase of Capital Stock": "-482.406", "Free Cash Flow": "3,131"}, "6/30/2018": {"Duration": "6/30/2018", "Operating Cash Flow": "2,179", "Investing Cash Flow": "-315.246", "Financing Cash Flow": "-1,026", "End Cash Position": "14,892", "Income Tax Paid Supplemental Data": "75.714", "Interest Paid Supplemental Data": "166.888", "Capital Expenditure": "-315.246", "Issuance of Capital Stock": "-", "Issuance of Debt": "436.078", "Repayment of Debt": "-591.092", "Repurchase of Capital Stock": "-999.99", "Free Cash Flow": "1,864"}}}}, {"DWCH": {"quote": {"03/26/2021": {"value": "", "Net Assets": "N/A", "Beta (5Y Monthly)": "N/A", "Yield": "N/A", "5y Average Return": "N/A", "Holdings Turnover": "N/A", "Last Dividend": "N/A", "Average for Category": "N/A", "Inception Date": "N/A"}}, "fin": {}, "bs": {}, "cf": {}}}, {"DST": {"quote": {"03/26/2021": {"value": "", "Net Assets": "N/A", "Beta (5Y Monthly)": "N/A", "Yield": "N/A", "5y Average Return": "N/A", "Holdings Turnover": "N/A", "Last Dividend": "N/A", "Average for Category": "N/A", "Inception Date": "N/A"}}, "fin": {}, "bs": {}, "cf": {}}}, {"EBIX": {"quote": {"03/26/2021": {"value": "31.20", "Market Cap": "966.033M", "Beta (5Y Monthly)": "2.67", "PE Ratio (TTM)": "10.13", "EPS (TTM)": "3.08", "Earnings Date": "May 10, 2021 - May 14, 2021", "Forward Dividend & Yield": "0.30 (0.96%)", "Ex-Dividend Date": "Mar 01, 2021", "1y Target Est": "54.75"}}, "fin": {"TTM": {"Duration": "TTM", "Total Revenue": "625,609", "Cost of Revenue": "343,262", "Gross Profit": "282,347", "Operating Expense": "150,377", "Operating Income": "131,970", "Net Non Operating Interest Income Expense": "-31,411", "Other Income Expense": "-6,402", "Pretax Income": "94,157", "Tax Provision": "5,330", "Net Income Common Stockholders": "92,377", "Diluted NI Available to Com Stockholders": "92,377", "Basic EPS": "-", "Diluted EPS": "-", "Basic Average Shares": "-", "Diluted Average Shares": "-", "Total Operating Income as Reported": "125,802", "Total Expenses": "493,639", "Net Income from Continuing & Discontinued Operation": "92,377", "Normalized Income": "98,558", "Interest Income": "167", "Interest Expense": "31,578", "Net Interest Income": "-31,411", "EBIT": "125,735", "EBITDA": "148,940", "Reconciled Cost of Revenue": "333,795", "Reconciled Depreciation": "23,205", "Net Income from Continuing Operation Net Minority Interest": "92,377", "Total Unusual Items Excluding Goodwill": "-6,555", "Total Unusual Items": "-6,555", "Normalized EBITDA": "155,495", "Tax Rate for Calcs": "0", "Tax Effect of Unusual Items": "-373.635"}, "12/31/2020": {"Duration": "12/31/2020", "Total Revenue": "625,609", "Cost of Revenue": "343,262", "Gross Profit": "282,347", "Operating Expense": "150,377", "Operating Income": "131,970", "Net Non Operating Interest Income Expense": "-31,411", "Other Income Expense": "-6,402", "Pretax Income": "94,157", "Tax Provision": "5,330", "Net Income Common Stockholders": "92,377", "Diluted NI Available to Com Stockholders": "92,377", "Basic EPS": "3.03", "Diluted EPS": "3.02", "Basic Average Shares": "30,510", "Diluted Average Shares": "30,571", "Total Operating Income as Reported": "125,802", "Total Expenses": "493,639", "Net Income from Continuing & Discontinued Operation": "92,377", "Normalized Income": "98,558", "Interest Income": "167", "Interest Expense": "31,578", "Net Interest Income": "-31,411", "EBIT": "125,735", "EBITDA": "-", "Reconciled Cost of Revenue": "333,795", "Reconciled Depreciation": "23,205", "Net Income from Continuing Operation Net Minority Interest": "92,377", "Total Unusual Items Excluding Goodwill": "-6,555", "Total Unusual Items": "-6,555", "Normalized EBITDA": "155,495", "Tax Rate for Calcs": "0", "Tax Effect of Unusual Items": "-373.635"}, "12/31/2019": {"Duration": "12/31/2019", "Total Revenue": "580,615", "Cost of Revenue": "205,165", "Gross Profit": "375,450", "Operating Expense": "219,777", "Operating Income": "155,673", "Net Non Operating Interest Income Expense": "-41,703", "Other Income Expense": "-23,179", "Pretax Income": "90,791", "Tax Provision": "220", "Net Income Common Stockholders": "96,720", "Diluted NI Available to Com Stockholders": "96,720", "Basic EPS": "3.17", "Diluted EPS": "3.16", "Basic Average Shares": "30,511", "Diluted Average Shares": "30,594", "Total Operating Income as Reported": "155,673", "Total Expenses": "424,942", "Net Income from Continuing & Discontinued Operation": "96,720", "Normalized Income": "120,189", "Interest Income": "629", "Interest Expense": "42,332", "Net Interest Income": "-41,703", "EBIT": "133,123", "EBITDA": "-", "Reconciled Cost of Revenue": "195,325", "Reconciled Depreciation": "24,308", "Net Income from Continuing Operation Net Minority Interest": "96,720", "Total Unusual Items Excluding Goodwill": "-23,516", "Total Unusual Items": "-23,516", "Normalized EBITDA": "180,947", "Tax Rate for Calcs": "0", "Tax Effect of Unusual Items": "-47.032"}, "12/31/2018": {"Duration": "12/31/2018", "Total Revenue": "497,826", "Cost of Revenue": "168,415", "Gross Profit": "329,411", "Operating Expense": "176,432", "Operating Income": "152,979", "Net Non Operating Interest Income Expense": "-26,665", "Other Income Expense": "-732", "Pretax Income": "125,582", "Tax Provision": "32,501", "Net Income Common Stockholders": "93,139", "Diluted NI Available to Com Stockholders": "93,139", "Basic EPS": "2.97", "Diluted EPS": "2.95", "Basic Average Shares": "31,393", "Diluted Average Shares": "31,534", "Total Operating Income as Reported": "152,979", "Total Expenses": "344,847", "Net Income from Continuing & Discontinued Operation": "93,139", "Normalized Income": "93,726", "Interest Income": "436", "Interest Expense": "27,101", "Net Interest Income": "-26,665", "EBIT": "152,683", "EBITDA": "-", "Reconciled Cost of Revenue": "166,182", "Reconciled Depreciation": "13,525", "Net Income from Continuing Operation Net Minority Interest": "93,139", "Total Unusual Items Excluding Goodwill": "-792", "Total Unusual Items": "-792", "Normalized EBITDA": "167,000", "Tax Rate for Calcs": "0", "Tax Effect of Unusual Items": "-205.128"}}, "bs": {"12/31/2020": {"Duration": "12/31/2020", "Total Assets": "1,569,853", "Total Liabilities Net Minority Interest": "909,749", "Total Equity Gross Minority Interest": "660,104", "Total Capitalization": "1,284,521", "Common Stock Equity": "612,979", "Capital Lease Obligations": "12,445", "Net Tangible Assets": "-427,974", "Working Capital": "170,508", "Invested Capital": "1,309,036", "Tangible Book Value": "-427,974", "Total Debt": "708,502", "Net Debt": "591,022", "Share Issued": "30,515", "Ordinary Shares Number": "30,515"}, "12/31/2019": {"Duration": "12/31/2019", "Total Assets": "1,591,619", "Total Liabilities Net Minority Interest": "992,174", "Total Equity Gross Minority Interest": "599,445", "Total Capitalization": "1,242,618", "Common Stock Equity": "550,114", "Capital Lease Obligations": "19,151", "Net Tangible Assets": "-510,483", "Working Capital": "129,049", "Invested Capital": "1,265,876", "Tangible Book Value": "-510,483", "Total Debt": "734,913", "Net Debt": "642,534", "Share Issued": "30,492", "Ordinary Shares Number": "30,492"}, "12/31/2018": {"Duration": "12/31/2018", "Total Assets": "1,610,947", "Total Liabilities Net Minority Interest": "1,066,510", "Total Equity Gross Minority Interest": "544,437", "Total Capitalization": "1,177,448", "Common Stock Equity": "478,195", "Capital Lease Obligations": "-", "Net Tangible Assets": "-573,735", "Working Capital": "109,952", "Invested Capital": "1,196,041", "Tangible Book Value": "-573,735", "Total Debt": "717,846", "Net Debt": "570,080", "Share Issued": "30,568", "Ordinary Shares Number": "30,568"}}, "cf": {"TTM": {"Duration": "TTM", "Operating Cash Flow": "100,356", "Investing Cash Flow": "-44,806", "Financing Cash Flow": "-41,953", "End Cash Position": "120,213", "Income Tax Paid Supplemental Data": "21,321", "Interest Paid Supplemental Data": "29,498", "Capital Expenditure": "-9,566", "Issuance of Debt": "1,364", "Repayment of Debt": "-32,119", "Repurchase of Capital Stock": "-2,589", "Free Cash Flow": "90,790"}, "12/31/2020": {"Duration": "12/31/2020", "Operating Cash Flow": "100,356", "Investing Cash Flow": "-44,806", "Financing Cash Flow": "-41,953", "End Cash Position": "120,213", "Income Tax Paid Supplemental Data": "21,321", "Interest Paid Supplemental Data": "29,498", "Capital Expenditure": "-9,566", "Issuance of Debt": "1,364", "Repayment of Debt": "-32,119", "Repurchase of Capital Stock": "-2,589", "Free Cash Flow": "90,790"}, "12/31/2019": {"Duration": "12/31/2019", "Operating Cash Flow": "60,793", "Investing Cash Flow": "-96,696", "Financing Cash Flow": "905", "End Cash Position": "111,369", "Income Tax Paid Supplemental Data": "24,041", "Interest Paid Supplemental Data": "41,143", "Capital Expenditure": "-12,897", "Issuance of Debt": "39,029", "Repayment of Debt": "-15,749", "Repurchase of Capital Stock": "-13,182", "Free Cash Flow": "47,896"}, "12/31/2018": {"Duration": "12/31/2018", "Operating Cash Flow": "89,869", "Investing Cash Flow": "-251,590", "Financing Cash Flow": "256,132", "End Cash Position": "159,589", "Income Tax Paid Supplemental Data": "10,149", "Interest Paid Supplemental Data": "25,690", "Capital Expenditure": "-16,111", "Issuance of Debt": "325,508", "Repayment of Debt": "-19,212", "Repurchase of Capital Stock": "-41,287", "Free Cash Flow": "73,758"}}}}, {"ECOS": {"quote": {"03/26/2021": {"value": "0.0003", "Market Cap": "3.277M", "Beta (5Y Monthly)": "-21.49", "PE Ratio (TTM)": "N/A", "EPS (TTM)": "-0.0000", "Earnings Date": "N/A", "Forward Dividend & Yield": "N/A (N/A)", "Ex-Dividend Date": "N/A", "1y Target Est": "N/A"}}, "fin": {}, "bs": {}, "cf": {}}}, {"EMON": {"quote": {"03/26/2021": {"value": "", "Net Assets": "N/A", "Beta (5Y Monthly)": "N/A", "Yield": "N/A", "5y Average Return": "N/A", "Holdings Turnover": "N/A", "Last Dividend": "N/A", "Average for Category": "N/A", "Inception Date": "N/A"}}, "fin": {}, "bs": {}, "cf": {}}}, {"FFIV": {"quote": {"03/26/2021": {"value": "210.44", "Market Cap": "12.974B", "Beta (5Y Monthly)": "1.11", "PE Ratio (TTM)": "43.78", "EPS (TTM)": "4.81", "Earnings Date": "Apr 26, 2021 - Apr 30, 2021", "Forward Dividend & Yield": "N/A (N/A)", "Ex-Dividend Date": "N/A", "1y Target Est": "219.47"}}, "fin": {"TTM": {"Duration": "TTM", "Total Revenue": "2,467,972", "Cost of Revenue": "461,571", "Gross Profit": "2,006,401", "Operating Expense": "1,648,918", "Operating Income": "357,483", "Other Income Expense": "-3,009", "Pretax Income": "354,474", "Tax Provision": "76,020", "Net Income Common Stockholders": "278,454", "Diluted NI Available to Com Stockholders": "278,454", "Basic EPS": "-", "Diluted EPS": "-", "Basic Average Shares": "-", "Diluted Average Shares": "-", "Total Operating Income as Reported": "357,483", "Total Expenses": "2,110,489", "Net Income from Continuing & Discontinued Operation": "278,454", "Normalized Income": "278,454", "EBIT": "357,483", "EBITDA": "466,413", "Reconciled Cost of Revenue": "461,571", "Reconciled Depreciation": "108,930", "Net Income from Continuing Operation Net Minority Interest": "278,454", "Total Unusual Items Excluding Goodwill": "0", "Total Unusual Items": "0", "Normalized EBITDA": "466,413", "Tax Rate for Calcs": "0", "Tax Effect of Unusual Items": "0"}, "9/30/2020": {"Duration": "9/30/2020", "Total Revenue": "2,350,822", "Cost of Revenue": "407,887", "Gross Profit": "1,942,935", "Operating Expense": "1,542,868", "Operating Income": "400,067", "Other Income Expense": "-3,670", "Pretax Income": "396,397", "Tax Provision": "88,956", "Net Income Common Stockholders": "307,441", "Diluted NI Available to Com Stockholders": "307,441", "Basic EPS": "5.05", "Diluted EPS": "5.01", "Basic Average Shares": "60,911", "Diluted Average Shares": "61,378", "Total Operating Income as Reported": "392,267", "Total Expenses": "1,950,755", "Net Income from Continuing & Discontinued Operation": "307,441", "Normalized Income": "313,494", "EBIT": "400,067", "EBITDA": "-", "Reconciled Cost of Revenue": "407,887", "Reconciled Depreciation": "95,857", "Net Income from Continuing Operation Net Minority Interest": "307,441", "Total Unusual Items Excluding Goodwill": "-7,800", "Total Unusual Items": "-7,800", "Normalized EBITDA": "503,724", "Tax Rate for Calcs": "0", "Tax Effect of Unusual Items": "-1,747"}, "9/30/2019": {"Duration": "9/30/2019", "Total Revenue": "2,242,447", "Cost of Revenue": "356,577", "Gross Profit": "1,885,870", "Operating Expense": "1,367,407", "Operating Income": "518,463", "Other Income Expense": "22,648", "Pretax Income": "541,111", "Tax Provision": "113,377", "Net Income Common Stockholders": "427,734", "Diluted NI Available to Com Stockholders": "427,734", "Basic EPS": "7.12", "Diluted EPS": "7.08", "Basic Average Shares": "60,044", "Diluted Average Shares": "60,456", "Total Operating Income as Reported": "518,463", "Total Expenses": "1,723,984", "Net Income from Continuing & Discontinued Operation": "427,734", "Normalized Income": "427,734", "EBIT": "518,463", "EBITDA": "-", "Reconciled Cost of Revenue": "356,577", "Reconciled Depreciation": "68,507", "Net Income from Continuing Operation Net Minority Interest": "427,734", "Total Unusual Items Excluding Goodwill": "0", "Total Unusual Items": "0", "Normalized EBITDA": "586,970", "Tax Rate for Calcs": "0", "Tax Effect of Unusual Items": "0"}, "9/30/2018": {"Duration": "9/30/2018", "Total Revenue": "2,161,407", "Cost of Revenue": "361,481", "Gross Profit": "1,799,926", "Operating Expense": "1,190,601", "Operating Income": "609,325", "Other Income Expense": "-5,565", "Pretax Income": "603,760", "Tax Provision": "150,071", "Net Income Common Stockholders": "453,689", "Diluted NI Available to Com Stockholders": "453,689", "Basic EPS": "7.41", "Diluted EPS": "7.32", "Basic Average Shares": "61,262", "Diluted Average Shares": "62,013", "Total Operating Income as Reported": "590,899", "Total Expenses": "1,552,082", "Net Income from Continuing & Discontinued Operation": "453,689", "Normalized Income": "467,527", "EBIT": "609,325", "EBITDA": "-", "Reconciled Cost of Revenue": "361,481", "Reconciled Depreciation": "59,491", "Net Income from Continuing Operation Net Minority Interest": "453,689", "Total Unusual Items Excluding Goodwill": "-18,426", "Total Unusual Items": "-18,426", "Normalized EBITDA": "687,242", "Tax Rate for Calcs": "0", "Tax Effect of Unusual Items": "-4,588"}}, "bs": {"9/30/2020": {"Duration": "9/30/2020", "Total Assets": "4,677,920", "Total Liabilities Net Minority Interest": "2,445,652", "Total Equity Gross Minority Interest": "2,232,268", "Total Capitalization": "2,601,315", "Common Stock Equity": "2,232,268", "Capital Lease Obligations": "384,725", "Net Tangible Assets": "147,402", "Working Capital": "505,197", "Invested Capital": "2,620,590", "Tangible Book Value": "147,402", "Total Debt": "773,047", "Share Issued": "61,099", "Ordinary Shares Number": "61,099"}, "9/30/2019": {"Duration": "9/30/2019", "Total Assets": "3,390,275", "Total Liabilities Net Minority Interest": "1,628,778", "Total Equity Gross Minority Interest": "1,761,497", "Total Capitalization": "1,761,497", "Common Stock Equity": "1,761,497", "Capital Lease Obligations": "-", "Net Tangible Assets": "587,215", "Working Capital": "406,060", "Invested Capital": "1,761,497", "Tangible Book Value": "587,215", "Total Debt": "-", "Share Issued": "60,367", "Ordinary Shares Number": "60,367"}, "9/30/2018": {"Duration": "9/30/2018", "Total Assets": "2,605,476", "Total Liabilities Net Minority Interest": "1,319,984", "Total Equity Gross Minority Interest": "1,285,492", "Total Capitalization": "1,285,492", "Common Stock Equity": "1,285,492", "Capital Lease Obligations": "-", "Net Tangible Assets": "698,268", "Working Capital": "463,225", "Invested Capital": "1,285,492", "Tangible Book Value": "698,268", "Total Debt": "-", "Share Issued": "60,215", "Ordinary Shares Number": "60,215"}}, "cf": {"TTM": {"Duration": "TTM", "Operating Cash Flow": "600,917", "Investing Cash Flow": "-125,426", "Financing Cash Flow": "-520,392", "End Cash Position": "534,464", "Income Tax Paid Supplemental Data": "-", "Interest Paid Supplemental Data": "-", "Capital Expenditure": "-38,567", "Issuance of Debt": "0", "Repayment of Debt": "-", "Repurchase of Capital Stock": "-100,013", "Free Cash Flow": "562,350"}, "9/30/2020": {"Duration": "9/30/2020", "Operating Cash Flow": "660,898", "Investing Cash Flow": "-747,002", "Financing Cash Flow": "337,243", "End Cash Position": "852,826", "Income Tax Paid Supplemental Data": "80,236", "Interest Paid Supplemental Data": "6,568", "Capital Expenditure": "-59,940", "Issuance of Debt": "400,000", "Repayment of Debt": "-10,000", "Repurchase of Capital Stock": "-100,016", "Free Cash Flow": "600,958"}, "9/30/2019": {"Duration": "9/30/2019", "Operating Cash Flow": "747,841", "Investing Cash Flow": "-414,634", "Financing Cash Flow": "-155,447", "End Cash Position": "602,254", "Income Tax Paid Supplemental Data": "100,569", "Interest Paid Supplemental Data": "-", "Capital Expenditure": "-103,542", "Issuance of Debt": "-", "Repayment of Debt": "-", "Repurchase of Capital Stock": "-201,045", "Free Cash Flow": "644,299"}, "9/30/2018": {"Duration": "9/30/2018", "Operating Cash Flow": "761,068", "Investing Cash Flow": "-455,987", "Financing Cash Flow": "-551,263", "End Cash Position": "424,707", "Income Tax Paid Supplemental Data": "104,878", "Interest Paid Supplemental Data": "-", "Capital Expenditure": "-53,465", "Issuance of Debt": "-", "Repayment of Debt": "-", "Repurchase of Capital Stock": "-600,081", "Free Cash Flow": "707,603"}}}}, {"FORTY": {"quote": {"03/26/2021": {"value": "91.19", "Market Cap": "1.385B", "Beta (5Y Monthly)": "0.32", "PE Ratio (TTM)": "30.30", "EPS (TTM)": "3.01", "Earnings Date": "N/A", "Forward Dividend & Yield": "1.30 (1.41%)", "Ex-Dividend Date": "Feb 17, 2021", "1y Target Est": "N/A"}}, "fin": {"TTM": {"Duration": "TTM", "Total Revenue": "1,933,918", "Cost of Revenue": "1,486,485", "Gross Profit": "447,433", "Operating Expense": "276,792", "Operating Income": "170,641", "Net Non Operating Interest Income Expense": "-26,885", "Other Income Expense": "-", "Pretax Income": "143,756", "Tax Provision": "31,268", "Earnings from Equity Interest Net of Tax": "1,535", "Net Income Common Stockholders": "46,776", "Average Dilution Earnings": "-", "Diluted NI Available to Com Stockholders": "46,776", "Basic EPS": "-", "Diluted EPS": "-", "Basic Average Shares": "-", "Diluted Average Shares": "-", "Total Operating Income as Reported": "170,641", "Total Expenses": "1,763,277", "Net Income from Continuing & Discontinued Operation": "46,776", "Normalized Income": "46,776", "Interest Income": "-", "Interest Expense": "26,885", "Net Interest Income": "-26,885", "EBIT": "170,641", "EBITDA": "170,641", "Reconciled Cost of Revenue": "1,486,485", "Reconciled Depreciation": "-", "Net Income from Continuing Operation Net Minority Interest": "46,776", "Total Unusual Items Excluding Goodwill": "-", "Total Unusual Items": "-", "Normalized EBITDA": "170,641", "Tax Rate for Calcs": "0", "Tax Effect of Unusual Items": "0"}, "12/31/2020": {"Duration": "12/31/2020", "Total Revenue": "1,933,918", "Cost of Revenue": "1,486,485", "Gross Profit": "447,433", "Operating Expense": "276,792", "Operating Income": "170,641", "Net Non Operating Interest Income Expense": "-26,885", "Other Income Expense": "-", "Pretax Income": "143,756", "Tax Provision": "31,268", "Earnings from Equity Interest Net of Tax": "1,535", "Net Income Common Stockholders": "46,776", "Average Dilution Earnings": "-", "Diluted NI Available to Com Stockholders": "46,776", "Basic EPS": "-", "Diluted EPS": "-", "Basic Average Shares": "-", "Diluted Average Shares": "-", "Total Operating Income as Reported": "170,641", "Total Expenses": "1,763,277", "Net Income from Continuing & Discontinued Operation": "46,776", "Normalized Income": "46,776", "Interest Income": "-", "Interest Expense": "26,885", "Net Interest Income": "-26,885", "EBIT": "170,641", "EBITDA": "-", "Reconciled Cost of Revenue": "1,486,485", "Reconciled Depreciation": "-", "Net Income from Continuing Operation Net Minority Interest": "46,776", "Total Unusual Items Excluding Goodwill": "-", "Total Unusual Items": "-", "Normalized EBITDA": "170,641", "Tax Rate for Calcs": "0", "Tax Effect of Unusual Items": "0"}, "12/31/2019": {"Duration": "12/31/2019", "Total Revenue": "1,701,115", "Cost of Revenue": "1,315,066", "Gross Profit": "386,049", "Operating Expense": "247,560", "Operating Income": "138,489", "Net Non Operating Interest Income Expense": "-18,652", "Other Income Expense": "-", "Pretax Income": "119,837", "Tax Provision": "27,201", "Earnings from Equity Interest Net of Tax": "1,787", "Net Income Common Stockholders": "38,820", "Average Dilution Earnings": "-1,363", "Diluted NI Available to Com Stockholders": "37,457", "Basic EPS": "2.56", "Diluted EPS": "2.44", "Basic Average Shares": "15,190", "Diluted Average Shares": "15,341", "Total Operating Income as Reported": "138,489", "Total Expenses": "1,562,626", "Net Income from Continuing & Discontinued Operation": "38,820", "Normalized Income": "38,820", "Interest Income": "3,044", "Interest Expense": "16,203", "Net Interest Income": "-18,652", "EBIT": "136,040", "EBITDA": "-", "Reconciled Cost of Revenue": "1,315,066", "Reconciled Depreciation": "86,932", "Net Income from Continuing Operation Net Minority Interest": "38,820", "Total Unusual Items Excluding Goodwill": "-", "Total Unusual Items": "-", "Normalized EBITDA": "222,972", "Tax Rate for Calcs": "0", "Tax Effect of Unusual Items": "0"}, "12/31/2018": {"Duration": "12/31/2018", "Total Revenue": "1,492,988", "Cost of Revenue": "1,159,676", "Gross Profit": "333,312", "Operating Expense": "223,695", "Operating Income": "109,617", "Net Non Operating Interest Income Expense": "-8,290", "Other Income Expense": "-", "Pretax Income": "101,327", "Tax Provision": "24,301", "Earnings from Equity Interest Net of Tax": "369", "Net Income Common Stockholders": "32,365", "Average Dilution Earnings": "1,011", "Diluted NI Available to Com Stockholders": "33,376", "Basic EPS": "2.18", "Diluted EPS": "2.13", "Basic Average Shares": "14,740", "Diluted Average Shares": "15,572", "Total Operating Income as Reported": "109,617", "Total Expenses": "1,383,371", "Net Income from Continuing & Discontinued Operation": "32,365", "Normalized Income": "32,365", "Interest Income": "6,730", "Interest Expense": "12,370", "Net Interest Income": "-8,290", "EBIT": "113,697", "EBITDA": "-", "Reconciled Cost of Revenue": "1,159,676", "Reconciled Depreciation": "48,734", "Net Income from Continuing Operation Net Minority Interest": "32,365", "Total Unusual Items Excluding Goodwill": "-", "Total Unusual Items": "-", "Normalized EBITDA": "162,431", "Tax Rate for Calcs": "0", "Tax Effect of Unusual Items": "0"}}, "bs": {"12/31/2020": {"Duration": "12/31/2020", "Total Assets": "2,520,012", "Total Liabilities Net Minority Interest": "1,412,518", "Total Equity Gross Minority Interest": "1,107,494", "Total Capitalization": "886,114", "Common Stock Equity": "502,728", "Capital Lease Obligations": "123,253", "Net Tangible Assets": "-591,345", "Working Capital": "381,094", "Invested Capital": "1,048,012", "Tangible Book Value": "-591,345", "Total Debt": "668,537", "Net Debt": "43,658", "Share Issued": "-", "Ordinary Shares Number": "-", "Treasury Shares Number": "-"}, "12/31/2019": {"Duration": "12/31/2019", "Total Assets": "2,089,257", "Total Liabilities Net Minority Interest": "1,192,923", "Total Equity Gross Minority Interest": "896,334", "Total Capitalization": "759,113", "Common Stock Equity": "421,640", "Capital Lease Obligations": "109,359", "Net Tangible Assets": "-467,833", "Working Capital": "294,112", "Invested Capital": "915,772", "Tangible Book Value": "-467,833", "Total Debt": "603,491", "Net Debt": "125,466", "Share Issued": "15,863", "Ordinary Shares Number": "15,294", "Treasury Shares Number": "568.62"}, "12/31/2018": {"Duration": "12/31/2018", "Total Assets": "1,664,161", "Total Liabilities Net Minority Interest": "858,764", "Total Equity Gross Minority Interest": "805,397", "Total Capitalization": "622,059", "Common Stock Equity": "367,630", "Capital Lease Obligations": "-", "Net Tangible Assets": "-423,271", "Working Capital": "255,320", "Invested Capital": "749,061", "Tangible Book Value": "-423,271", "Total Debt": "381,431", "Net Debt": "112,939", "Share Issued": "15,319", "Ordinary Shares Number": "14,750", "Treasury Shares Number": "568.62"}}, "cf": {"TTM": {"Duration": "TTM", "Operating Cash Flow": "-", "Investing Cash Flow": "-", "Financing Cash Flow": "-", "End Cash Position": "-", "Income Tax Paid Supplemental Data": "-", "Interest Paid Supplemental Data": "-", "Capital Expenditure": "-", "Issuance of Capital Stock": "-", "Issuance of Debt": "-", "Repayment of Debt": "-", "Free Cash Flow": "-"}, "12/31/2019": {"Duration": "12/31/2019", "Operating Cash Flow": "196,081", "Investing Cash Flow": "-108,215", "Financing Cash Flow": "6,013", "End Cash Position": "368,666", "Income Tax Paid Supplemental Data": "-", "Interest Paid Supplemental Data": "-", "Capital Expenditure": "-36,586", "Issuance of Capital Stock": "0", "Issuance of Debt": "204,637", "Repayment of Debt": "-141,476", "Free Cash Flow": "159,495"}, "12/31/2018": {"Duration": "12/31/2018", "Operating Cash Flow": "82,595", "Investing Cash Flow": "-90,452", "Financing Cash Flow": "40,967", "End Cash Position": "268,492", "Income Tax Paid Supplemental Data": "23,295", "Interest Paid Supplemental Data": "9,061", "Capital Expenditure": "-20,631", "Issuance of Capital Stock": "25,404", "Issuance of Debt": "128,834", "Repayment of Debt": "-73,228", "Free Cash Flow": "61,964"}}}}, {"GWRE": {"quote": {"03/26/2021": {"value": "103.89", "Market Cap": "8.7B", "Beta (5Y Monthly)": "1.35", "PE Ratio (TTM)": "N/A", "EPS (TTM)": "-0.25", "Earnings Date": "Jun 01, 2021 - Jun 07, 2021", "Forward Dividend & Yield": "N/A (N/A)", "Ex-Dividend Date": "N/A", "1y Target Est": "118.18"}}, "fin": {"TTM": {"Duration": "TTM", "Total Revenue": "761,703", "Cost of Revenue": "356,432", "Gross Profit": "405,271", "Operating Expense": "445,204", "Operating Income": "-39,933", "Net Non Operating Interest Income Expense": "-3,410", "Other Income Expense": "2,601", "Pretax Income": "-40,742", "Tax Provision": "-19,637", "Net Income Common Stockholders": "-21,105", "Diluted NI Available to Com Stockholders": "-21,105", "Basic EPS": "-", "Diluted EPS": "-", "Basic Average Shares": "-", "Diluted Average Shares": "-", "Total Operating Income as Reported": "-39,933", "Total Expenses": "801,636", "Net Income from Continuing & Discontinued Operation": "-21,105", "Normalized Income": "-21,105", "Interest Income": "14,915", "Interest Expense": "18,325", "Net Interest Income": "-3,410", "EBIT": "-22,417", "EBITDA": "19,551", "Reconciled Cost of Revenue": "356,432", "Reconciled Depreciation": "41,968", "Net Income from Continuing Operation Net Minority Interest": "-21,105", "Normalized EBITDA": "19,551", "Tax Rate for Calcs": "0", "Tax Effect of Unusual Items": "0"}, "7/31/2020": {"Duration": "7/31/2020", "Total Revenue": "742,307", "Cost of Revenue": "338,015", "Gross Profit": "404,292", "Operating Expense": "428,178", "Operating Income": "-23,886", "Net Non Operating Interest Income Expense": "6,760", "Other Income Expense": "-7,205", "Pretax Income": "-24,331", "Tax Provision": "2,867", "Net Income Common Stockholders": "-27,198", "Diluted NI Available to Com Stockholders": "-27,198", "Basic EPS": "-0.33", "Diluted EPS": "-0.33", "Basic Average Shares": "82,855", "Diluted Average Shares": "82,855", "Total Operating Income as Reported": "-23,886", "Total Expenses": "766,193", "Net Income from Continuing & Discontinued Operation": "-27,198", "Normalized Income": "-27,198", "Interest Income": "24,705", "Interest Expense": "17,945", "Net Interest Income": "6,760", "EBIT": "-6,386", "EBITDA": "-", "Reconciled Cost of Revenue": "338,015", "Reconciled Depreciation": "42,641", "Net Income from Continuing Operation Net Minority Interest": "-27,198", "Normalized EBITDA": "36,255", "Tax Rate for Calcs": "0", "Tax Effect of Unusual Items": "0"}, "7/31/2019": {"Duration": "7/31/2019", "Total Revenue": "719,514", "Cost of Revenue": "324,350", "Gross Profit": "395,164", "Operating Expense": "393,693", "Operating Income": "1,471", "Net Non Operating Interest Income Expense": "12,848", "Other Income Expense": "-1,867", "Pretax Income": "12,452", "Tax Provision": "-8,280", "Net Income Common Stockholders": "20,732", "Diluted NI Available to Com Stockholders": "20,732", "Basic EPS": "0.25", "Diluted EPS": "0.25", "Basic Average Shares": "81,448", "Diluted Average Shares": "82,681", "Total Operating Income as Reported": "1,471", "Total Expenses": "718,043", "Net Income from Continuing & Discontinued Operation": "20,732", "Normalized Income": "20,732", "Interest Income": "30,182", "Interest Expense": "17,334", "Net Interest Income": "12,848", "EBIT": "29,786", "EBITDA": "-", "Reconciled Cost of Revenue": "324,350", "Reconciled Depreciation": "39,953", "Net Income from Continuing Operation Net Minority Interest": "20,732", "Normalized EBITDA": "69,739", "Tax Rate for Calcs": "0", "Tax Effect of Unusual Items": "0"}, "7/31/2018": {"Duration": "7/31/2018", "Total Revenue": "661,067", "Cost of Revenue": "296,707", "Gross Profit": "364,360", "Operating Expense": "371,690", "Operating Income": "-7,330", "Net Non Operating Interest Income Expense": "6,839", "Other Income Expense": "509", "Pretax Income": "18", "Tax Provision": "19,683", "Net Income Common Stockholders": "-19,665", "Diluted NI Available to Com Stockholders": "-19,665", "Basic EPS": "-0.25", "Diluted EPS": "-0.25", "Basic Average Shares": "77,710", "Diluted Average Shares": "77,710", "Total Operating Income as Reported": "-7,330", "Total Expenses": "668,397", "Net Income from Continuing & Discontinued Operation": "-19,665", "Normalized Income": "-19,665", "Interest Income": "13,281", "Interest Expense": "6,442", "Net Interest Income": "6,839", "EBIT": "6,460", "EBITDA": "-", "Reconciled Cost of Revenue": "296,707", "Reconciled Depreciation": "35,611", "Net Income from Continuing Operation Net Minority Interest": "-19,665", "Normalized EBITDA": "42,071", "Tax Rate for Calcs": "0", "Tax Effect of Unusual Items": "0"}}, "bs": {"7/31/2020": {"Duration": "7/31/2020", "Total Assets": "2,364,852", "Total Liabilities Net Minority Interest": "708,084", "Total Equity Gross Minority Interest": "1,656,768", "Total Capitalization": "1,986,976", "Common Stock Equity": "1,656,768", "Capital Lease Obligations": "130,344", "Net Tangible Assets": "1,276,183", "Working Capital": "1,118,020", "Invested Capital": "1,986,976", "Tangible Book Value": "1,276,183", "Total Debt": "460,552", "Net Debt": "-", "Share Issued": "83,462", "Ordinary Shares Number": "83,462"}, "7/31/2019": {"Duration": "7/31/2019", "Total Assets": "2,166,963", "Total Liabilities Net Minority Interest": "592,762", "Total Equity Gross Minority Interest": "1,574,201", "Total Capitalization": "1,891,523", "Common Stock Equity": "1,574,201", "Capital Lease Obligations": "-", "Net Tangible Assets": "1,166,782", "Working Capital": "1,102,702", "Invested Capital": "1,891,523", "Tangible Book Value": "1,166,782", "Total Debt": "317,322", "Net Debt": "63,221", "Share Issued": "82,141", "Ordinary Shares Number": "82,141"}, "7/31/2018": {"Duration": "7/31/2018", "Total Assets": "1,978,592", "Total Liabilities Net Minority Interest": "554,848", "Total Equity Gross Minority Interest": "1,423,744", "Total Capitalization": "1,728,872", "Common Stock Equity": "1,423,744", "Capital Lease Obligations": "-", "Net Tangible Assets": "987,213", "Working Capital": "997,319", "Invested Capital": "1,728,872", "Tangible Book Value": "987,213", "Total Debt": "305,128", "Net Debt": "-", "Share Issued": "80,612", "Ordinary Shares Number": "80,612"}}, "cf": {"TTM": {"Duration": "TTM", "Operating Cash Flow": "109,352", "Investing Cash Flow": "38,066", "Financing Cash Flow": "-37,143", "End Cash Position": "328,738", "Income Tax Paid Supplemental Data": "3,823", "Interest Paid Supplemental Data": "5,000", "Capital Expenditure": "-22,597", "Issuance of Capital Stock": "-", "Issuance of Debt": "-", "Free Cash Flow": "86,755"}, "7/31/2020": {"Duration": "7/31/2020", "Operating Cash Flow": "113,066", "Investing Cash Flow": "-5,801", "Financing Cash Flow": "4,955", "End Cash Position": "366,969", "Income Tax Paid Supplemental Data": "4,888", "Interest Paid Supplemental Data": "5,000", "Capital Expenditure": "-25,660", "Issuance of Capital Stock": "0", "Issuance of Debt": "0", "Free Cash Flow": "87,406"}, "7/31/2019": {"Duration": "7/31/2019", "Operating Cash Flow": "116,126", "Investing Cash Flow": "-301,433", "Financing Cash Flow": "3,954", "End Cash Position": "254,101", "Income Tax Paid Supplemental Data": "4,557", "Interest Paid Supplemental Data": "5,036", "Capital Expenditure": "-48,857", "Issuance of Capital Stock": "0", "Issuance of Debt": "0", "Free Cash Flow": "67,269"}, "7/31/2018": {"Duration": "7/31/2018", "Operating Cash Flow": "140,459", "Investing Cash Flow": "-537,584", "Financing Cash Flow": "573,000", "End Cash Position": "437,140", "Income Tax Paid Supplemental Data": "4,744", "Interest Paid Supplemental Data": "-", "Capital Expenditure": "-12,011", "Issuance of Capital Stock": "220,948", "Issuance of Debt": "387,239", "Free Cash Flow": "128,448"}}}}, {"GVP": {"quote": {"03/26/2021": {"value": "1.8300", "Market Cap": "37.737M", "Beta (5Y Monthly)": "1.60", "PE Ratio (TTM)": "N/A", "EPS (TTM)": "-0.7570", "Earnings Date": "Mar 31, 2021", "Forward Dividend & Yield": "N/A (N/A)", "Ex-Dividend Date": "N/A", "1y Target Est": "N/A"}}, "fin": {"TTM": {"Duration": "TTM", "Total Revenue": "57,620", "Cost of Revenue": "42,835", "Gross Profit": "14,785", "Operating Expense": "18,621", "Operating Income": "-3,836", "Net Non Operating Interest Income Expense": "-623", "Other Income Expense": "-5,723", "Pretax Income": "-10,182", "Tax Provision": "355", "Net Income Common Stockholders": "-10,537", "Diluted NI Available to Com Stockholders": "-10,537", "Basic EPS": "-", "Diluted EPS": "-", "Basic Average Shares": "-", "Diluted Average Shares": "-", "Total Operating Income as Reported": "-9,538", "Total Expenses": "61,456", "Net Income from Continuing & Discontinued Operation": "-10,537", "Normalized Income": "-6,362", "Interest Expense": "623", "Net Interest Income": "-623", "EBIT": "-9,559", "EBITDA": "-6,947", "Reconciled Cost of Revenue": "42,496", "Reconciled Depreciation": "2,612", "Net Income from Continuing Operation Net Minority Interest": "-10,537", "Total Unusual Items Excluding Goodwill": "-5,719", "Total Unusual Items": "-5,719", "Normalized EBITDA": "-1,228", "Tax Rate for Calcs": "0", "Tax Effect of Unusual Items": "-1,544"}, "12/31/2020": {"Duration": "12/31/2020", "Total Revenue": "57,620", "Cost of Revenue": "42,835", "Gross Profit": "14,785", "Operating Expense": "18,621", "Operating Income": "-3,836", "Net Non Operating Interest Income Expense": "-623", "Other Income Expense": "-5,723", "Pretax Income": "-10,182", "Tax Provision": "355", "Net Income Common Stockholders": "-10,537", "Diluted NI Available to Com Stockholders": "-10,537", "Basic EPS": "-", "Diluted EPS": "-", "Basic Average Shares": "-", "Diluted Average Shares": "-", "Total Operating Income as Reported": "-9,538", "Total Expenses": "61,456", "Net Income from Continuing & Discontinued Operation": "-10,537", "Normalized Income": "-6,362", "Interest Expense": "623", "Net Interest Income": "-623", "EBIT": "-9,559", "EBITDA": "-", "Reconciled Cost of Revenue": "42,496", "Reconciled Depreciation": "2,612", "Net Income from Continuing Operation Net Minority Interest": "-10,537", "Total Unusual Items Excluding Goodwill": "-5,719", "Total Unusual Items": "-5,719", "Normalized EBITDA": "-1,228", "Tax Rate for Calcs": "0", "Tax Effect of Unusual Items": "-1,544"}, "12/31/2019": {"Duration": "12/31/2019", "Total Revenue": "82,975", "Cost of Revenue": "62,677", "Gross Profit": "20,298", "Operating Expense": "19,642", "Operating Income": "656", "Net Non Operating Interest Income Expense": "-988", "Other Income Expense": "-6,020", "Pretax Income": "-6,352", "Tax Provision": "5,733", "Net Income Common Stockholders": "-12,085", "Diluted NI Available to Com Stockholders": "-12,085", "Basic EPS": "-0.25", "Diluted EPS": "-0.25", "Basic Average Shares": "20,062", "Diluted Average Shares": "20,062", "Total Operating Income as Reported": "-7,419", "Total Expenses": "82,319", "Net Income from Continuing & Discontinued Operation": "-12,085", "Normalized Income": "-6,181", "Interest Expense": "988", "Net Interest Income": "-988", "EBIT": "-5,364", "EBITDA": "-", "Reconciled Cost of Revenue": "62,311", "Reconciled Depreciation": "3,129", "Net Income from Continuing Operation Net Minority Interest": "-12,085", "Total Unusual Items Excluding Goodwill": "-8,088", "Total Unusual Items": "-8,088", "Normalized EBITDA": "5,853", "Tax Rate for Calcs": "0", "Tax Effect of Unusual Items": "-2,184"}, "12/31/2018": {"Duration": "12/31/2018", "Total Revenue": "92,249", "Cost of Revenue": "69,119", "Gross Profit": "23,130", "Operating Expense": "20,201", "Operating Income": "2,929", "Net Non Operating Interest Income Expense": "-268", "Other Income Expense": "-1,884", "Pretax Income": "777", "Tax Provision": "1,131", "Net Income Common Stockholders": "-354", "Diluted NI Available to Com Stockholders": "-354", "Basic EPS": "-0.02", "Diluted EPS": "-0.02", "Basic Average Shares": "19,698", "Diluted Average Shares": "19,698", "Total Operating Income as Reported": "1,366", "Total Expenses": "89,320", "Net Income from Continuing & Discontinued Operation": "-354", "Normalized Income": "1,042", "Interest Expense": "-", "Net Interest Income": "-268", "EBIT": "2,929", "EBITDA": "-", "Reconciled Cost of Revenue": "68,612", "Reconciled Depreciation": "2,634", "Net Income from Continuing Operation Net Minority Interest": "-354", "Total Unusual Items Excluding Goodwill": "-1,913", "Total Unusual Items": "-1,913", "Normalized EBITDA": "7,476", "Tax Rate for Calcs": "0", "Tax Effect of Unusual Items": "-516.51"}}, "bs": {"12/31/2020": {"Duration": "12/31/2020", "Total Assets": "39,190", "Total Liabilities Net Minority Interest": "28,685", "Total Equity Gross Minority Interest": "10,505", "Total Capitalization": "15,539", "Common Stock Equity": "10,505", "Capital Lease Obligations": "1,831", "Net Tangible Assets": "-7,698", "Working Capital": "-2,731", "Invested Capital": "23,579", "Tangible Book Value": "-7,698", "Total Debt": "14,905", "Net Debt": "6,372", "Share Issued": "22,193", "Ordinary Shares Number": "20,594", "Treasury Shares Number": "1,599"}, "12/31/2019": {"Duration": "12/31/2019", "Total Assets": "58,509", "Total Liabilities Net Minority Interest": "38,390", "Total Equity Gross Minority Interest": "20,119", "Total Capitalization": "20,119", "Common Stock Equity": "20,119", "Capital Lease Obligations": "4,153", "Net Tangible Assets": "-4,340", "Working Capital": "-3,656", "Invested Capital": "38,600", "Tangible Book Value": "-4,340", "Total Debt": "22,634", "Net Debt": "6,790", "Share Issued": "21,839", "Ordinary Shares Number": "20,240", "Treasury Shares Number": "1,599"}, "12/31/2018": {"Duration": "12/31/2018", "Total Assets": "61,440", "Total Liabilities Net Minority Interest": "30,311", "Total Equity Gross Minority Interest": "31,129", "Total Capitalization": "37,739", "Common Stock Equity": "31,129", "Capital Lease Obligations": "-", "Net Tangible Assets": "11,264", "Working Capital": "12,670", "Invested Capital": "39,641", "Tangible Book Value": "11,264", "Total Debt": "8,512", "Net Debt": "-", "Share Issued": "21,485", "Ordinary Shares Number": "19,887", "Treasury Shares Number": "1,599"}}, "cf": {"TTM": {"Duration": "TTM", "Operating Cash Flow": "1,118", "Investing Cash Flow": "-330", "Financing Cash Flow": "-6,066", "End Cash Position": "6,702", "Capital Expenditure": "-341", "Issuance of Capital Stock": "0", "Issuance of Debt": "14,752", "Repayment of Debt": "-20,227", "Repurchase of Capital Stock": "-", "Free Cash Flow": "777"}, "12/31/2020": {"Duration": "12/31/2020", "Operating Cash Flow": "1,118", "Investing Cash Flow": "-330", "Financing Cash Flow": "-6,066", "End Cash Position": "6,702", "Capital Expenditure": "-341", "Issuance of Capital Stock": "0", "Issuance of Debt": "14,752", "Repayment of Debt": "-20,227", "Repurchase of Capital Stock": "-", "Free Cash Flow": "777"}, "12/31/2019": {"Duration": "12/31/2019", "Operating Cash Flow": "4,004", "Investing Cash Flow": "-14,052", "Financing Cash Flow": "9,742", "End Cash Position": "11,691", "Capital Expenditure": "-523", "Issuance of Capital Stock": "1", "Issuance of Debt": "14,263", "Repayment of Debt": "-4,294", "Repurchase of Capital Stock": "-", "Free Cash Flow": "3,481"}, "12/31/2018": {"Duration": "12/31/2018", "Operating Cash Flow": "-3,483", "Investing Cash Flow": "-10,554", "Financing Cash Flow": "6,463", "End Cash Position": "12,123", "Capital Expenditure": "-945", "Issuance of Capital Stock": "136", "Issuance of Debt": "10,154", "Repayment of Debt": "-1,642", "Repurchase of Capital Stock": "-484", "Free Cash Flow": "-4,428"}}}}, {"SSNC": {"quote": {"03/26/2021": {"value": "68.15", "Market Cap": "17.562B", "Beta (5Y Monthly)": "1.59", "PE Ratio (TTM)": "29.00", "EPS (TTM)": "2.35", "Earnings Date": "Apr 28, 2021 - May 03, 2021", "Forward Dividend & Yield": "0.64 (0.96%)", "Ex-Dividend Date": "Feb 26, 2021", "1y Target Est": "77.80"}}, "fin": {"TTM": {"Duration": "TTM", "Total Revenue": "4,727,700", "Cost of Revenue": "2,582,800", "Gross Profit": "2,144,900", "Operating Expense": "1,108,800", "Operating Income": "1,036,100", "Net Non Operating Interest Income Expense": "-219,900", "Other Income Expense": "71,300", "Pretax Income": "887,500", "Tax Provision": "186,600", "Net Income Common Stockholders": "700,900", "Diluted NI Available to Com Stockholders": "700,900", "Basic EPS": "-", "Diluted EPS": "-", "Basic Average Shares": "-", "Diluted Average Shares": "-", "Total Operating Income as Reported": "1,036,100", "Total Expenses": "3,691,600", "Net Income from Continuing & Discontinued Operation": "700,900", "Normalized Income": "702,243", "Interest Income": "-", "Interest Expense": "223,900", "Net Interest Income": "-219,900", "EBIT": "1,111,400", "EBITDA": "1,821,500", "Reconciled Cost of Revenue": "2,582,800", "Reconciled Depreciation": "710,100", "Net Income from Continuing Operation Net Minority Interest": "700,900", "Total Unusual Items Excluding Goodwill": "-1,700", "Total Unusual Items": "-1,700", "Normalized EBITDA": "1,823,200", "Tax Rate for Calcs": "0", "Tax Effect of Unusual Items": "-357.431"}, "12/31/2020": {"Duration": "12/31/2020", "Total Revenue": "4,667,900", "Cost of Revenue": "2,574,100", "Gross Profit": "2,093,800", "Operating Expense": "1,108,000", "Operating Income": "985,800", "Net Non Operating Interest Income Expense": "-245,900", "Other Income Expense": "35,900", "Pretax Income": "775,800", "Tax Provision": "150,600", "Net Income Common Stockholders": "625,200", "Diluted NI Available to Com Stockholders": "625,200", "Basic EPS": "2.44", "Diluted EPS": "2.35", "Basic Average Shares": "256,400", "Diluted Average Shares": "266,600", "Total Operating Income as Reported": "985,800", "Total Expenses": "3,682,100", "Net Income from Continuing & Discontinued Operation": "625,200", "Normalized Income": "628,585", "Interest Income": "4,000", "Interest Expense": "249,900", "Net Interest Income": "-245,900", "EBIT": "1,025,700", "EBITDA": "-", "Reconciled Cost of Revenue": "2,574,100", "Reconciled Depreciation": "725,300", "Net Income from Continuing Operation Net Minority Interest": "625,200", "Total Unusual Items Excluding Goodwill": "-4,200", "Total Unusual Items": "-4,200", "Normalized EBITDA": "1,755,200", "Tax Rate for Calcs": "0", "Tax Effect of Unusual Items": "-814.8"}, "12/31/2019": {"Duration": "12/31/2019", "Total Revenue": "4,632,900", "Cost of Revenue": "2,611,700", "Gross Profit": "2,021,200", "Operating Expense": "1,106,800", "Operating Income": "914,400", "Net Non Operating Interest Income Expense": "-404,900", "Other Income Expense": "22,200", "Pretax Income": "531,700", "Tax Provision": "93,200", "Net Income Common Stockholders": "438,500", "Diluted NI Available to Com Stockholders": "438,500", "Basic EPS": "1.73", "Diluted EPS": "1.66", "Basic Average Shares": "252,900", "Diluted Average Shares": "264,200", "Total Operating Income as Reported": "914,400", "Total Expenses": "3,718,500", "Net Income from Continuing & Discontinued Operation": "438,500", "Normalized Income": "444,358", "Interest Income": "4,700", "Interest Expense": "409,600", "Net Interest Income": "-404,900", "EBIT": "941,300", "EBITDA": "-", "Reconciled Cost of Revenue": "2,611,700", "Reconciled Depreciation": "775,200", "Net Income from Continuing Operation Net Minority Interest": "438,500", "Total Unusual Items Excluding Goodwill": "-7,100", "Total Unusual Items": "-7,100", "Normalized EBITDA": "1,723,600", "Tax Rate for Calcs": "0", "Tax Effect of Unusual Items": "-1,242"}, "12/31/2018": {"Duration": "12/31/2018", "Total Revenue": "3,421,100", "Cost of Revenue": "2,051,100", "Gross Profit": "1,370,000", "Operating Expense": "843,100", "Operating Income": "526,900", "Net Non Operating Interest Income Expense": "-271,000", "Other Income Expense": "-130,800", "Pretax Income": "125,100", "Tax Provision": "21,900", "Net Income Common Stockholders": "103,200", "Diluted NI Available to Com Stockholders": "103,200", "Basic EPS": "0.44", "Diluted EPS": "0.42", "Basic Average Shares": "232,500", "Diluted Average Shares": "243,700", "Total Operating Income as Reported": "429,100", "Total Expenses": "2,894,200", "Net Income from Continuing & Discontinued Operation": "103,200", "Normalized Income": "219,608", "Interest Income": "9,100", "Interest Expense": "280,100", "Net Interest Income": "-271,000", "EBIT": "405,200", "EBITDA": "-", "Reconciled Cost of Revenue": "2,051,100", "Reconciled Depreciation": "518,500", "Net Income from Continuing Operation Net Minority Interest": "103,200", "Total Unusual Items Excluding Goodwill": "-141,100", "Total Unusual Items": "-141,100", "Normalized EBITDA": "1,064,800", "Tax Rate for Calcs": "0", "Tax Effect of Unusual Items": "-24,692"}}, "bs": {"12/31/2020": {"Duration": "12/31/2020", "Total Assets": "15,923,600", "Total Liabilities Net Minority Interest": "10,207,100", "Total Equity Gross Minority Interest": "5,716,500", "Total Capitalization": "12,105,000", "Common Stock Equity": "5,716,500", "Capital Lease Obligations": "323,600", "Net Tangible Assets": "-6,396,600", "Working Capital": "15,200", "Invested Capital": "12,158,900", "Tangible Book Value": "-6,396,600", "Total Debt": "6,766,000", "Net Debt": "6,233,100", "Share Issued": "263,900", "Ordinary Shares Number": "257,600", "Treasury Shares Number": "6,300"}, "12/31/2019": {"Duration": "12/31/2019", "Total Assets": "16,741,100", "Total Liabilities Net Minority Interest": "11,625,000", "Total Equity Gross Minority Interest": "5,116,100", "Total Capitalization": "12,193,900", "Common Stock Equity": "5,116,100", "Capital Lease Obligations": "348,600", "Net Tangible Assets": "-7,339,300", "Working Capital": "9,700", "Invested Capital": "12,270,200", "Tangible Book Value": "-7,339,300", "Total Debt": "7,502,700", "Net Debt": "7,001,300", "Share Issued": "257,500", "Ordinary Shares Number": "254,600", "Treasury Shares Number": "2,900"}, "12/31/2018": {"Duration": "12/31/2018", "Total Assets": "16,107,500", "Total Liabilities Net Minority Interest": "11,527,500", "Total Equity Gross Minority Interest": "4,580,000", "Total Capitalization": "12,748,500", "Common Stock Equity": "4,580,000", "Capital Lease Obligations": "-", "Net Tangible Assets": "-8,281,900", "Working Capital": "126,300", "Invested Capital": "12,836,000", "Tangible Book Value": "-8,281,900", "Total Debt": "8,256,000", "Net Debt": "8,089,300", "Share Issued": "252,400", "Ordinary Shares Number": "250,800", "Treasury Shares Number": "1,600"}}, "cf": {"TTM": {"Duration": "TTM", "Operating Cash Flow": "1,222,700", "Investing Cash Flow": "-155,100", "Financing Cash Flow": "-256,700", "End Cash Position": "2,149,900", "Income Tax Paid Supplemental Data": "-", "Interest Paid Supplemental Data": "-", "Capital Expenditure": "-111,300", "Issuance of Capital Stock": "-", "Issuance of Debt": "210,000", "Repayment of Debt": "-1,027,700", "Repurchase of Capital Stock": "-", "Free Cash Flow": "1,111,400"}, "12/31/2020": {"Duration": "12/31/2020", "Operating Cash Flow": "1,184,700", "Investing Cash Flow": "-210,500", "Financing Cash Flow": "-1,428,100", "End Cash Position": "1,337,900", "Income Tax Paid Supplemental Data": "277,400", "Interest Paid Supplemental Data": "236,200", "Capital Expenditure": "-106,400", "Issuance of Capital Stock": "-", "Issuance of Debt": "286,000", "Repayment of Debt": "-1,024,200", "Repurchase of Capital Stock": "-227,700", "Free Cash Flow": "1,078,300"}, "12/31/2019": {"Duration": "12/31/2019", "Operating Cash Flow": "1,328,300", "Investing Cash Flow": "-140,500", "Financing Cash Flow": "-513,400", "End Cash Position": "1,789,400", "Income Tax Paid Supplemental Data": "222,700", "Interest Paid Supplemental Data": "353,700", "Capital Expenditure": "-130,400", "Issuance of Capital Stock": "0", "Issuance of Debt": "2,241,000", "Repayment of Debt": "-3,364,800", "Repurchase of Capital Stock": "-60,300", "Free Cash Flow": "1,197,900"}, "12/31/2018": {"Duration": "12/31/2018", "Operating Cash Flow": "640,100", "Investing Cash Flow": "-7,102,600", "Financing Cash Flow": "7,517,000", "End Cash Position": "1,113,300", "Income Tax Paid Supplemental Data": "143,400", "Interest Paid Supplemental Data": "249,800", "Capital Expenditure": "-89,100", "Issuance of Capital Stock": "1,399,100", "Issuance of Debt": "8,744,000", "Repayment of Debt": "-3,141,000", "Repurchase of Capital Stock": "-", "Free Cash Flow": "551,000"}}}}, {"QTWO": {"quote": {"03/26/2021": {"value": "102.65", "Market Cap": "5.707B", "Beta (5Y Monthly)": "1.63", "PE Ratio (TTM)": "N/A", "EPS (TTM)": "-2.65", "Earnings Date": "May 04, 2021 - May 10, 2021", "Forward Dividend & Yield": "N/A (N/A)", "Ex-Dividend Date": "N/A", "1y Target Est": "151.67"}}, "fin": {"TTM": {"Duration": "TTM", "Total Revenue": "402,751", "Cost of Revenue": "228,152", "Gross Profit": "174,599", "Operating Expense": "260,710", "Operating Income": "-86,111", "Net Non Operating Interest Income Expense": "-27,439", "Other Income Expense": "-22,654", "Pretax Income": "-136,204", "Tax Provision": "1,416", "Net Income Common Stockholders": "-137,620", "Diluted NI Available to Com Stockholders": "-137,620", "Basic EPS": "-", "Diluted EPS": "-", "Basic Average Shares": "-", "Diluted Average Shares": "-", "Total Operating Income as Reported": "-99,833", "Rent Expense Supplemental": "2,181", "Total Expenses": "488,862", "Net Income from Continuing & Discontinued Operation": "-137,620", "Normalized Income": "-121,083", "Interest Income": "1,207", "Interest Expense": "28,646", "Net Interest Income": "-27,439", "EBIT": "-107,558", "EBITDA": "-55,718", "Reconciled Cost of Revenue": "194,200", "Reconciled Depreciation": "51,840", "Net Income from Continuing Operation Net Minority Interest": "-137,620", "Total Unusual Items Excluding Goodwill": "-22,654", "Total Unusual Items": "-22,654", "Normalized EBITDA": "-33,064", "Tax Rate for Calcs": "0", "Tax Effect of Unusual Items": "-6,117"}, "12/31/2020": {"Duration": "12/31/2020", "Total Revenue": "402,751", "Cost of Revenue": "228,152", "Gross Profit": "174,599", "Operating Expense": "260,710", "Operating Income": "-86,111", "Net Non Operating Interest Income Expense": "-27,439", "Other Income Expense": "-22,654", "Pretax Income": "-136,204", "Tax Provision": "1,416", "Net Income Common Stockholders": "-137,620", "Diluted NI Available to Com Stockholders": "-137,620", "Basic EPS": "-", "Diluted EPS": "-", "Basic Average Shares": "-", "Diluted Average Shares": "-", "Total Operating Income as Reported": "-99,833", "Rent Expense Supplemental": "2,181", "Total Expenses": "488,862", "Net Income from Continuing & Discontinued Operation": "-137,620", "Normalized Income": "-121,083", "Interest Income": "1,207", "Interest Expense": "28,646", "Net Interest Income": "-27,439", "EBIT": "-107,558", "EBITDA": "-", "Reconciled Cost of Revenue": "194,200", "Reconciled Depreciation": "51,840", "Net Income from Continuing Operation Net Minority Interest": "-137,620", "Total Unusual Items Excluding Goodwill": "-22,654", "Total Unusual Items": "-22,654", "Normalized EBITDA": "-33,064", "Tax Rate for Calcs": "0", "Tax Effect of Unusual Items": "-6,117"}, "12/31/2019": {"Duration": "12/31/2019", "Total Revenue": "315,484", "Cost of Revenue": "162,485", "Gross Profit": "152,999", "Operating Expense": "203,718", "Operating Income": "-50,719", "Net Non Operating Interest Income Expense": "-16,618", "Other Income Expense": "-16,027", "Pretax Income": "-83,364", "Tax Provision": "-12,487", "Net Income Common Stockholders": "-70,877", "Diluted NI Available to Com Stockholders": "-70,877", "Basic EPS": "-1.53", "Diluted EPS": "-1.53", "Basic Average Shares": "46,198", "Diluted Average Shares": "46,198", "Total Operating Income as Reported": "-66,746", "Rent Expense Supplemental": "420", "Total Expenses": "366,203", "Net Income from Continuing & Discontinued Operation": "-70,877", "Normalized Income": "-57,270", "Interest Income": "3,672", "Interest Expense": "20,290", "Net Interest Income": "-16,618", "EBIT": "-63,074", "EBITDA": "-", "Reconciled Cost of Revenue": "140,367", "Reconciled Depreciation": "28,457", "Net Income from Continuing Operation Net Minority Interest": "-70,877", "Total Unusual Items Excluding Goodwill": "-16,027", "Total Unusual Items": "-16,027", "Normalized EBITDA": "-18,590", "Tax Rate for Calcs": "0", "Tax Effect of Unusual Items": "-2,420"}, "12/31/2018": {"Duration": "12/31/2018", "Total Revenue": "241,100", "Cost of Revenue": "121,855", "Gross Profit": "119,245", "Operating Expense": "146,950", "Operating Income": "-27,705", "Net Non Operating Interest Income Expense": "-7,350", "Other Income Expense": "-4,145", "Pretax Income": "-39,200", "Tax Provision": "-3,803", "Net Income Common Stockholders": "-35,397", "Diluted NI Available to Com Stockholders": "-35,397", "Basic EPS": "-0.83", "Diluted EPS": "-0.83", "Basic Average Shares": "42,797", "Diluted Average Shares": "42,797", "Total Operating Income as Reported": "-31,850", "Rent Expense Supplemental": "658", "Total Expenses": "268,805", "Net Income from Continuing & Discontinued Operation": "-35,397", "Normalized Income": "-31,654", "Interest Income": "2,811", "Interest Expense": "10,161", "Net Interest Income": "-7,350", "EBIT": "-29,039", "EBITDA": "-", "Reconciled Cost of Revenue": "106,897", "Reconciled Depreciation": "16,802", "Net Income from Continuing Operation Net Minority Interest": "-35,397", "Total Unusual Items Excluding Goodwill": "-4,145", "Total Unusual Items": "-4,145", "Normalized EBITDA": "-8,092", "Tax Rate for Calcs": "0", "Tax Effect of Unusual Items": "-402.065"}}, "bs": {"12/31/2020": {"Duration": "12/31/2020", "Total Assets": "1,416,702", "Total Liabilities Net Minority Interest": "773,338", "Total Equity Gross Minority Interest": "643,364", "Total Capitalization": "1,200,832", "Common Stock Equity": "643,364", "Capital Lease Obligations": "43,583", "Net Tangible Assets": "-3,769", "Working Capital": "470,390", "Invested Capital": "1,200,832", "Tangible Book Value": "-3,769", "Total Debt": "601,051", "Net Debt": "149,765", "Share Issued": "55,562", "Ordinary Shares Number": "55,562", "Treasury Shares Number": "-"}, "12/31/2019": {"Duration": "12/31/2019", "Total Assets": "1,009,434", "Total Liabilities Net Minority Interest": "630,022", "Total Equity Gross Minority Interest": "379,412", "Total Capitalization": "804,196", "Common Stock Equity": "379,412", "Capital Lease Obligations": "45,219", "Net Tangible Assets": "-306,472", "Working Capital": "53,369", "Invested Capital": "804,196", "Tangible Book Value": "-306,472", "Total Debt": "470,003", "Net Debt": "324,690", "Share Issued": "48,386", "Ordinary Shares Number": "48,386", "Treasury Shares Number": "-"}, "12/31/2018": {"Duration": "12/31/2018", "Total Assets": "463,720", "Total Liabilities Net Minority Interest": "304,820", "Total Equity Gross Minority Interest": "158,900", "Total Capitalization": "341,623", "Common Stock Equity": "158,900", "Capital Lease Obligations": "-", "Net Tangible Assets": "-12,303", "Working Capital": "144,631", "Invested Capital": "341,623", "Tangible Book Value": "-12,303", "Total Debt": "182,723", "Net Debt": "74,382", "Share Issued": "43,535", "Ordinary Shares Number": "43,535", "Treasury Shares Number": "-"}}, "cf": {"TTM": {"Duration": "TTM", "Operating Cash Flow": "-2,890", "Investing Cash Flow": "-124,163", "Financing Cash Flow": "434,676", "End Cash Position": "411,185", "Income Tax Paid Supplemental Data": "566", "Interest Paid Supplemental Data": "4,096", "Capital Expenditure": "-24,667", "Issuance of Capital Stock": "311,321", "Issuance of Debt": "304,268", "Repayment of Debt": "-", "Free Cash Flow": "-27,557"}, "12/31/2020": {"Duration": "12/31/2020", "Operating Cash Flow": "-2,890", "Investing Cash Flow": "-124,163", "Financing Cash Flow": "434,676", "End Cash Position": "411,185", "Income Tax Paid Supplemental Data": "566", "Interest Paid Supplemental Data": "4,096", "Capital Expenditure": "-24,667", "Issuance of Capital Stock": "311,321", "Issuance of Debt": "304,268", "Repayment of Debt": "-", "Free Cash Flow": "-27,557"}, "12/31/2019": {"Duration": "12/31/2019", "Operating Cash Flow": "567", "Investing Cash Flow": "-483,252", "Financing Cash Flow": "476,091", "End Cash Position": "103,562", "Income Tax Paid Supplemental Data": "-", "Interest Paid Supplemental Data": "2,853", "Capital Expenditure": "-14,325", "Issuance of Capital Stock": "195,289", "Issuance of Debt": "307,016", "Repayment of Debt": "-", "Free Cash Flow": "-13,758"}, "12/31/2018": {"Duration": "12/31/2018", "Operating Cash Flow": "4,595", "Investing Cash Flow": "-171,292", "Financing Cash Flow": "216,577", "End Cash Position": "110,156", "Income Tax Paid Supplemental Data": "215", "Interest Paid Supplemental Data": "810", "Capital Expenditure": "-13,331", "Issuance of Capital Stock": "0", "Issuance of Debt": "223,167", "Repayment of Debt": "0", "Free Cash Flow": "-8,736"}}}}, {"KONE": {"quote": {"03/26/2021": {"value": "", "Net Assets": "N/A", "Beta (5Y Monthly)": "N/A", "Yield": "N/A", "5y Average Return": "N/A", "Holdings Turnover": "N/A", "Last Dividend": "N/A", "Average for Category": "N/A", "Inception Date": "N/A"}}, "fin": {}, "bs": {}, "cf": {}}}, {"IRM": {"quote": {"03/26/2021": {"value": "37.28", "Market Cap": "10.752B", "Beta (5Y Monthly)": "0.84", "PE Ratio (TTM)": "31.35", "EPS (TTM)": "1.19", "Earnings Date": "May 05, 2021 - May 10, 2021", "Forward Dividend & Yield": "2.47 (6.71%)", "Ex-Dividend Date": "Mar 12, 2021", "1y Target Est": "32.86"}}, "fin": {"TTM": {"Duration": "TTM", "Total Revenue": "4,147,270", "Cost of Revenue": "1,757,342", "Gross Profit": "2,389,928", "Operating Expense": "1,565,236", "Operating Income": "824,692", "Net Non Operating Interest Income Expense": "-418,535", "Other Income Expense": "-33,452", "Pretax Income": "372,705", "Tax Provision": "29,609", "Earnings from Equity Interest Net of Tax": "-", "Net Income Common Stockholders": "342,693", "Diluted NI Available to Com Stockholders": "342,693", "Basic EPS": "-", "Diluted EPS": "-", "Basic Average Shares": "-", "Diluted Average Shares": "-", "Total Operating Income as Reported": "934,785", "Rent Expense Supplemental": "731,679", "Total Expenses": "3,322,578", "Net Income from Continuing & Discontinued Operation": "342,693", "Normalized Income": "331,675", "Interest Income": "8,312", "Interest Expense": "426,847", "Net Interest Income": "-418,535", "EBIT": "799,552", "EBITDA": "1,468,997", "Reconciled Cost of Revenue": "1,739,966", "Reconciled Depreciation": "669,445", "Net Income from Continuing Operation Net Minority Interest": "342,693", "Total Unusual Items Excluding Goodwill": "11,963", "Total Unusual Items": "11,963", "Normalized EBITDA": "1,457,034", "Tax Rate for Calcs": "0", "Tax Effect of Unusual Items": "945.077"}, "12/31/2020": {"Duration": "12/31/2020", "Total Revenue": "4,147,270", "Cost of Revenue": "1,757,342", "Gross Profit": "2,389,928", "Operating Expense": "1,565,236", "Operating Income": "824,692", "Net Non Operating Interest Income Expense": "-418,535", "Other Income Expense": "-33,452", "Pretax Income": "372,705", "Tax Provision": "29,609", "Earnings from Equity Interest Net of Tax": "-", "Net Income Common Stockholders": "342,693", "Diluted NI Available to Com Stockholders": "342,693", "Basic EPS": "-", "Diluted EPS": "-", "Basic Average Shares": "-", "Diluted Average Shares": "-", "Total Operating Income as Reported": "934,785", "Rent Expense Supplemental": "731,679", "Total Expenses": "3,322,578", "Net Income from Continuing & Discontinued Operation": "342,693", "Normalized Income": "331,675", "Interest Income": "8,312", "Interest Expense": "426,847", "Net Interest Income": "-418,535", "EBIT": "799,552", "EBITDA": "-", "Reconciled Cost of Revenue": "1,739,966", "Reconciled Depreciation": "669,445", "Net Income from Continuing Operation Net Minority Interest": "342,693", "Total Unusual Items Excluding Goodwill": "11,963", "Total Unusual Items": "11,963", "Normalized EBITDA": "1,457,034", "Tax Rate for Calcs": "0", "Tax Effect of Unusual Items": "945.077"}, "12/31/2019": {"Duration": "12/31/2019", "Total Revenue": "4,262,584", "Cost of Revenue": "1,833,315", "Gross Profit": "2,429,269", "Operating Expense": "1,630,476", "Operating Income": "798,793", "Net Non Operating Interest Income Expense": "-419,298", "Other Income Expense": "-51,353", "Pretax Income": "328,142", "Tax Provision": "59,931", "Earnings from Equity Interest Net of Tax": "-", "Net Income Common Stockholders": "267,377", "Diluted NI Available to Com Stockholders": "267,377", "Basic EPS": "0.93", "Diluted EPS": "0.93", "Basic Average Shares": "286,971", "Diluted Average Shares": "287,687", "Total Operating Income as Reported": "781,338", "Rent Expense Supplemental": "697,330", "Total Expenses": "3,463,791", "Net Income from Continuing & Discontinued Operation": "267,377", "Normalized Income": "301,838", "Interest Income": "6,559", "Interest Expense": "425,857", "Net Interest Income": "-419,298", "EBIT": "753,999", "EBITDA": "-", "Reconciled Cost of Revenue": "1,833,315", "Reconciled Depreciation": "658,201", "Net Income from Continuing Operation Net Minority Interest": "267,273", "Total Unusual Items Excluding Goodwill": "-42,307", "Total Unusual Items": "-42,307", "Normalized EBITDA": "1,454,507", "Tax Rate for Calcs": "0", "Tax Effect of Unusual Items": "-7,742"}, "12/31/2018": {"Duration": "12/31/2018", "Total Revenue": "4,225,761", "Cost of Revenue": "1,801,582", "Gross Profit": "2,424,179", "Operating Expense": "1,616,827", "Operating Income": "807,352", "Net Non Operating Interest Income Expense": "-409,289", "Other Income Expense": "-40,152", "Pretax Income": "357,911", "Tax Provision": "36,263", "Earnings from Equity Interest Net of Tax": "55,328", "Net Income Common Stockholders": "363,351", "Diluted NI Available to Com Stockholders": "363,351", "Basic EPS": "1.27", "Diluted EPS": "1.27", "Basic Average Shares": "285,913", "Diluted Average Shares": "286,653", "Total Operating Income as Reported": "755,508", "Rent Expense Supplemental": "651,114", "Total Expenses": "3,418,409", "Net Income from Continuing & Discontinued Operation": "363,351", "Normalized Income": "408,391", "Interest Income": "6,553", "Interest Expense": "415,842", "Net Interest Income": "-409,289", "EBIT": "773,753", "EBITDA": "-", "Reconciled Cost of Revenue": "1,801,582", "Reconciled Depreciation": "639,514", "Net Income from Continuing Operation Net Minority Interest": "375,778", "Total Unusual Items Excluding Goodwill": "-36,277", "Total Unusual Items": "-36,277", "Normalized EBITDA": "1,449,544", "Tax Rate for Calcs": "0", "Tax Effect of Unusual Items": "-3,664"}}, "bs": {"12/31/2020": {"Duration": "12/31/2020", "Total Assets": "14,149,267", "Total Liabilities Net Minority Interest": "13,012,538", "Total Equity Gross Minority Interest": "1,136,729", "Total Capitalization": "9,646,284", "Common Stock Equity": "1,136,729", "Capital Lease Obligations": "2,294,837", "Net Tangible Assets": "-4,747,857", "Working Capital": "-725,908", "Invested Capital": "9,840,043", "Tangible Book Value": "-4,747,857", "Total Debt": "10,998,151", "Net Debt": "8,498,251", "Share Issued": "288,273", "Ordinary Shares Number": "288,273"}, "12/31/2019": {"Duration": "12/31/2019", "Total Assets": "13,816,816", "Total Liabilities Net Minority Interest": "12,352,589", "Total Equity Gross Minority Interest": "1,464,227", "Total Capitalization": "9,739,528", "Common Stock Equity": "1,463,962", "Capital Lease Obligations": "1,951,935", "Net Tangible Assets": "-4,415,918", "Working Capital": "-713,170", "Invested Capital": "10,128,541", "Tangible Book Value": "-4,415,918", "Total Debt": "10,616,514", "Net Debt": "8,471,024", "Share Issued": "287,300", "Ordinary Shares Number": "287,300"}, "12/31/2018": {"Duration": "12/31/2018", "Total Assets": "11,852,247", "Total Liabilities Net Minority Interest": "9,966,658", "Total Equity Gross Minority Interest": "1,885,589", "Total Capitalization": "9,900,597", "Common Stock Equity": "1,884,180", "Capital Lease Obligations": "-", "Net Tangible Assets": "-4,063,372", "Working Capital": "-254,564", "Invested Capital": "10,027,003", "Tangible Book Value": "-4,063,372", "Total Debt": "8,142,823", "Net Debt": "7,977,338", "Share Issued": "286,321", "Ordinary Shares Number": "286,321"}}, "cf": {"TTM": {"Duration": "TTM", "Operating Cash Flow": "987,657", "Investing Cash Flow": "-85,440", "Financing Cash Flow": "-886,699", "End Cash Position": "205,063", "Income Tax Paid Supplemental Data": "43,468", "Interest Paid Supplemental Data": "390,332", "Capital Expenditure": "-453,253", "Issuance of Capital Stock": "0", "Issuance of Debt": "11,404,458", "Repayment of Debt": "-11,549,713", "Free Cash Flow": "534,404"}, "12/31/2020": {"Duration": "12/31/2020", "Operating Cash Flow": "987,657", "Investing Cash Flow": "-85,440", "Financing Cash Flow": "-886,699", "End Cash Position": "205,063", "Income Tax Paid Supplemental Data": "43,468", "Interest Paid Supplemental Data": "390,332", "Capital Expenditure": "-453,253", "Issuance of Capital Stock": "0", "Issuance of Debt": "11,404,458", "Repayment of Debt": "-11,549,713", "Free Cash Flow": "534,404"}, "12/31/2019": {"Duration": "12/31/2019", "Operating Cash Flow": "966,655", "Investing Cash Flow": "-730,885", "Financing Cash Flow": "-198,973", "End Cash Position": "193,555", "Income Tax Paid Supplemental Data": "61,691", "Interest Paid Supplemental Data": "394,984", "Capital Expenditure": "-748,459", "Issuance of Capital Stock": "0", "Issuance of Debt": "15,047,318", "Repayment of Debt": "-14,537,039", "Free Cash Flow": "218,196"}, "12/31/2018": {"Duration": "12/31/2018", "Operating Cash Flow": "935,549", "Investing Cash Flow": "-2,221,878", "Financing Cash Flow": "550,678", "End Cash Position": "165,485", "Income Tax Paid Supplemental Data": "64,493", "Interest Paid Supplemental Data": "388,440", "Capital Expenditure": "-532,541", "Issuance of Capital Stock": "84,908", "Issuance of Debt": "15,351,614", "Repayment of Debt": "-14,194,662", "Free Cash Flow": "403,008"}}}}, {"VRNT": {"quote": {"03/26/2021": {"value": "45.43", "Market Cap": "3.157B", "Beta (5Y Monthly)": "0.78", "PE Ratio (TTM)": "239.11", "EPS (TTM)": "0.19", "Earnings Date": "Mar 31, 2021", "Forward Dividend & Yield": "N/A (N/A)", "Ex-Dividend Date": "N/A", "1y Target Est": "68.00"}}, "fin": {"TTM": {"Duration": "TTM", "Total Revenue": "1,273,705", "Cost of Revenue": "415,594", "Gross Profit": "858,111", "Operating Expense": "749,406", "Operating Income": "108,705", "Net Non Operating Interest Income Expense": "-37,167", "Other Income Expense": "-55,315", "Pretax Income": "16,223", "Tax Provision": "16,330", "Net Income Common Stockholders": "-14,923", "Diluted NI Available to Com Stockholders": "-14,923", "Basic EPS": "-", "Diluted EPS": "-", "Basic Average Shares": "-", "Diluted Average Shares": "-", "Total Operating Income as Reported": "108,705", "Total Expenses": "1,165,000", "Net Income from Continuing & Discontinued Operation": "-7,267", "Normalized Income": "-6,509", "Interest Income": "2,808", "Interest Expense": "39,975", "Net Interest Income": "-37,167", "EBIT": "56,198", "EBITDA": "156,606", "Reconciled Cost of Revenue": "346,181", "Reconciled Depreciation": "100,408", "Net Income from Continuing Operation Net Minority Interest": "-7,267", "Total Unusual Items Excluding Goodwill": "-1,264", "Total Unusual Items": "-1,264", "Normalized EBITDA": "157,870", "Tax Rate for Calcs": "0", "Tax Effect of Unusual Items": "-505.6"}, "1/31/2021": {"Duration": "1/31/2021", "Total Revenue": "1,273,705", "Cost of Revenue": "415,594", "Gross Profit": "858,111", "Operating Expense": "749,406", "Operating Income": "108,705", "Net Non Operating Interest Income Expense": "-37,167", "Other Income Expense": "-55,315", "Pretax Income": "16,223", "Tax Provision": "16,330", "Net Income Common Stockholders": "-14,923", "Diluted NI Available to Com Stockholders": "-14,923", "Basic EPS": "-", "Diluted EPS": "-", "Basic Average Shares": "-", "Diluted Average Shares": "-", "Total Operating Income as Reported": "108,705", "Total Expenses": "1,165,000", "Net Income from Continuing & Discontinued Operation": "-7,267", "Normalized Income": "-6,509", "Interest Income": "2,808", "Interest Expense": "39,975", "Net Interest Income": "-37,167", "EBIT": "56,198", "EBITDA": "-", "Reconciled Cost of Revenue": "346,181", "Reconciled Depreciation": "100,408", "Net Income from Continuing Operation Net Minority Interest": "-7,267", "Total Unusual Items Excluding Goodwill": "-1,264", "Total Unusual Items": "-1,264", "Normalized EBITDA": "157,870", "Tax Rate for Calcs": "0", "Tax Effect of Unusual Items": "-505.6"}, "1/31/2020": {"Duration": "1/31/2020", "Total Revenue": "1,303,634", "Cost of Revenue": "463,766", "Gross Profit": "839,868", "Operating Expense": "752,012", "Operating Income": "87,856", "Net Non Operating Interest Income Expense": "-34,758", "Other Income Expense": "205", "Pretax Income": "53,303", "Tax Provision": "17,620", "Net Income Common Stockholders": "28,684", "Diluted NI Available to Com Stockholders": "28,684", "Basic EPS": "0.43", "Diluted EPS": "0.43", "Basic Average Shares": "66,129", "Diluted Average Shares": "67,355", "Total Operating Income as Reported": "87,856", "Total Expenses": "1,215,778", "Net Income from Continuing & Discontinued Operation": "28,684", "Normalized Income": "28,321", "Interest Income": "5,620", "Interest Expense": "40,378", "Net Interest Income": "-34,758", "EBIT": "93,681", "EBITDA": "-", "Reconciled Cost of Revenue": "403,692", "Reconciled Depreciation": "91,532", "Net Income from Continuing Operation Net Minority Interest": "28,684", "Total Unusual Items Excluding Goodwill": "543", "Total Unusual Items": "543", "Normalized EBITDA": "184,670", "Tax Rate for Calcs": "0", "Tax Effect of Unusual Items": "179.733"}, "1/31/2019": {"Duration": "1/31/2019", "Total Revenue": "1,229,747", "Cost of Revenue": "449,213", "Gross Profit": "780,534", "Operating Expense": "666,299", "Operating Income": "114,235", "Net Non Operating Interest Income Expense": "-32,567", "Other Income Expense": "-3,906", "Pretax Income": "77,762", "Tax Provision": "7,542", "Net Income Common Stockholders": "65,991", "Diluted NI Available to Com Stockholders": "65,991", "Basic EPS": "1.02", "Diluted EPS": "1.00", "Basic Average Shares": "64,913", "Diluted Average Shares": "66,245", "Total Operating Income as Reported": "114,235", "Total Expenses": "1,115,512", "Net Income from Continuing & Discontinued Operation": "65,991", "Normalized Income": "68,707", "Interest Income": "4,777", "Interest Expense": "37,344", "Net Interest Income": "-32,567", "EBIT": "115,106", "EBITDA": "-", "Reconciled Cost of Revenue": "391,308", "Reconciled Depreciation": "88,915", "Net Income from Continuing Operation Net Minority Interest": "65,991", "Total Unusual Items Excluding Goodwill": "-3,008", "Total Unusual Items": "-3,008", "Normalized EBITDA": "207,029", "Tax Rate for Calcs": "0", "Tax Effect of Unusual Items": "-291.776"}}, "bs": {"1/31/2021": {"Duration": "1/31/2021", "Total Assets": "3,261,295", "Total Liabilities Net Minority Interest": "1,773,262", "Total Equity Gross Minority Interest": "1,488,033", "Total Capitalization": "1,875,687", "Preferred Stock Equity": "200,628", "Common Stock Equity": "1,272,278", "Capital Lease Obligations": "103,791", "Net Tangible Assets": "-192,291", "Working Capital": "114,303", "Invested Capital": "2,061,772", "Tangible Book Value": "-392,919", "Total Debt": "893,285", "Net Debt": "125,651", "Share Issued": "70,177", "Ordinary Shares Number": "65,773", "Preferred Shares Number": "200", "Treasury Shares Number": "4,404"}, "1/31/2020": {"Duration": "1/31/2020", "Total Assets": "3,016,058", "Total Liabilities Net Minority Interest": "1,773,621", "Total Equity Gross Minority Interest": "1,242,437", "Total Capitalization": "2,062,166", "Preferred Stock Equity": "-", "Common Stock Equity": "1,229,368", "Capital Lease Obligations": "120,238", "Net Tangible Assets": "-464,637", "Working Capital": "296,156", "Invested Capital": "2,066,416", "Tangible Book Value": "-464,637", "Total Debt": "957,286", "Net Debt": "457,902", "Share Issued": "68,529", "Ordinary Shares Number": "64,738", "Preferred Shares Number": "-", "Treasury Shares Number": "3,791"}, "1/31/2019": {"Duration": "1/31/2019", "Total Assets": "2,867,027", "Total Liabilities Net Minority Interest": "1,606,223", "Total Equity Gross Minority Interest": "1,260,804", "Total Capitalization": "2,027,021", "Preferred Stock Equity": "-", "Common Stock Equity": "1,249,236", "Capital Lease Obligations": "3,067", "Net Tangible Assets": "-406,770", "Working Capital": "344,525", "Invested Capital": "2,031,364", "Tangible Book Value": "-406,770", "Total Debt": "785,195", "Net Debt": "412,153", "Share Issued": "66,998", "Ordinary Shares Number": "65,333", "Preferred Shares Number": "-", "Treasury Shares Number": "1,665"}}, "cf": {"TTM": {"Duration": "TTM", "Operating Cash Flow": "253,846", "Investing Cash Flow": "-37,243", "Financing Cash Flow": "71,933", "End Cash Position": "700,133", "Capital Expenditure": "-40,324", "Issuance of Capital Stock": "197,254", "Issuance of Debt": "155,000", "Repayment of Debt": "-220,197", "Repurchase of Capital Stock": "-36,836", "Free Cash Flow": "213,522"}, "1/31/2021": {"Duration": "1/31/2021", "Operating Cash Flow": "253,846", "Investing Cash Flow": "-37,243", "Financing Cash Flow": "71,933", "End Cash Position": "700,133", "Capital Expenditure": "-40,324", "Issuance of Capital Stock": "197,254", "Issuance of Debt": "155,000", "Repayment of Debt": "-220,197", "Repurchase of Capital Stock": "-36,836", "Free Cash Flow": "213,522"}, "1/31/2020": {"Duration": "1/31/2020", "Operating Cash Flow": "237,904", "Investing Cash Flow": "-125,801", "Financing Cash Flow": "-111,322", "End Cash Position": "411,657", "Capital Expenditure": "-52,250", "Issuance of Capital Stock": "-", "Issuance of Debt": "45,000", "Repayment of Debt": "-6,478", "Repurchase of Capital Stock": "-113,690", "Free Cash Flow": "185,654"}, "1/31/2019": {"Duration": "1/31/2019", "Operating Cash Flow": "215,251", "Investing Cash Flow": "-175,723", "Financing Cash Flow": "-21,881", "End Cash Position": "412,699", "Capital Expenditure": "-39,006", "Issuance of Capital Stock": "-", "Issuance of Debt": "0", "Repayment of Debt": "-5,983", "Repurchase of Capital Stock": "-173", "Free Cash Flow": "176,245"}}}}, {"NTCT": {"quote": {"03/26/2021": {"value": "28.90", "Market Cap": "2.122B", "Beta (5Y Monthly)": "0.90", "PE Ratio (TTM)": "142.36", "EPS (TTM)": "0.20", "Earnings Date": "May 05, 2021 - May 10, 2021", "Forward Dividend & Yield": "N/A (N/A)", "Ex-Dividend Date": "N/A", "1y Target Est": "29.75"}}, "fin": {"TTM": {"Duration": "TTM", "Total Revenue": "847,244", "Cost of Revenue": "229,887", "Gross Profit": "617,357", "Operating Expense": "581,463", "Operating Income": "35,894", "Net Non Operating Interest Income Expense": "-11,588", "Other Income Expense": "-6,223", "Pretax Income": "18,083", "Tax Provision": "2,832", "Net Income Common Stockholders": "15,251", "Diluted NI Available to Com Stockholders": "15,251", "Basic EPS": "-", "Diluted EPS": "-", "Basic Average Shares": "-", "Diluted Average Shares": "-", "Total Operating Income as Reported": "33,624", "Total Expenses": "811,350", "Net Income from Continuing & Discontinued Operation": "15,251", "Normalized Income": "17,165", "Interest Income": "1,339", "Interest Expense": "12,927", "Net Interest Income": "-11,588", "EBIT": "31,010", "EBITDA": "139,355", "Reconciled Cost of Revenue": "183,549", "Reconciled Depreciation": "108,345", "Net Income from Continuing Operation Net Minority Interest": "15,251", "Total Unusual Items Excluding Goodwill": "-2,270", "Total Unusual Items": "-2,270", "Normalized EBITDA": "141,625", "Tax Rate for Calcs": "0", "Tax Effect of Unusual Items": "-355.5074"}, "3/31/2020": {"Duration": "3/31/2020", "Total Revenue": "891,820", "Cost of Revenue": "242,192", "Gross Profit": "649,628", "Operating Expense": "629,316", "Operating Income": "20,312", "Net Non Operating Interest Income Expense": "-16,069", "Other Income Expense": "-2,319", "Pretax Income": "1,924", "Tax Provision": "4,678", "Net Income Common Stockholders": "-2,754", "Diluted NI Available to Com Stockholders": "-2,754", "Basic EPS": "-0.04", "Diluted EPS": "-0.04", "Basic Average Shares": "75,162", "Diluted Average Shares": "75,162", "Total Operating Income as Reported": "17,638", "Total Expenses": "871,508", "Net Income from Continuing & Discontinued Operation": "-2,754", "Normalized Income": "-801.98", "Interest Income": "4,528", "Interest Expense": "20,597", "Net Interest Income": "-16,069", "EBIT": "22,521", "EBITDA": "-", "Reconciled Cost of Revenue": "190,593", "Reconciled Depreciation": "116,104", "Net Income from Continuing Operation Net Minority Interest": "-2,754", "Total Unusual Items Excluding Goodwill": "-2,674", "Total Unusual Items": "-2,674", "Normalized EBITDA": "141,299", "Tax Rate for Calcs": "0", "Tax Effect of Unusual Items": "-721.98"}, "3/31/2019": {"Duration": "3/31/2019", "Total Revenue": "909,918", "Cost of Revenue": "254,127", "Gross Profit": "655,791", "Operating Expense": "663,335", "Operating Income": "-7,544", "Net Non Operating Interest Income Expense": "-20,898", "Other Income Expense": "-64,470", "Pretax Income": "-92,912", "Tax Provision": "-19,588", "Net Income Common Stockholders": "-73,324", "Diluted NI Available to Com Stockholders": "-73,324", "Basic EPS": "-0.93", "Diluted EPS": "-0.93", "Basic Average Shares": "78,617", "Diluted Average Shares": "78,617", "Total Operating Income as Reported": "-71,580", "Total Expenses": "917,462", "Net Income from Continuing & Discontinued Operation": "-73,324", "Normalized Income": "-22,800", "Interest Income": "5,245", "Interest Expense": "26,143", "Net Interest Income": "-20,898", "EBIT": "-66,769", "EBITDA": "-", "Reconciled Cost of Revenue": "190,554", "Reconciled Depreciation": "137,878", "Net Income from Continuing Operation Net Minority Interest": "-73,324", "Total Unusual Items Excluding Goodwill": "-64,036", "Total Unusual Items": "-64,036", "Normalized EBITDA": "135,145", "Tax Rate for Calcs": "0", "Tax Effect of Unusual Items": "-13,512"}}, "bs": {"3/31/2020": {"Duration": "3/31/2020", "Total Assets": "3,120,503", "Total Liabilities Net Minority Interest": "1,182,584", "Total Equity Gross Minority Interest": "1,937,919", "Total Capitalization": "2,387,919", "Common Stock Equity": "1,937,919", "Capital Lease Obligations": "80,995", "Net Tangible Assets": "-369,940", "Working Capital": "260,746", "Invested Capital": "2,387,919", "Tangible Book Value": "-369,940", "Total Debt": "530,995", "Net Debt": "111,511", "Share Issued": "122,006", "Ordinary Shares Number": "72,221", "Treasury Shares Number": "49,785"}, "3/31/2019": {"Duration": "3/31/2019", "Total Assets": "3,269,994", "Total Liabilities Net Minority Interest": "1,204,561", "Total Equity Gross Minority Interest": "2,065,433", "Total Capitalization": "2,615,433", "Common Stock Equity": "2,065,433", "Capital Lease Obligations": "-", "Net Tangible Assets": "-319,170", "Working Capital": "421,286", "Invested Capital": "2,615,433", "Tangible Book Value": "-319,170", "Total Debt": "550,000", "Net Debt": "140,368", "Share Issued": "119,760", "Ordinary Shares Number": "77,610", "Treasury Shares Number": "42,150"}}, "cf": {"TTM": {"Duration": "TTM", "Operating Cash Flow": "229,136", "Investing Cash Flow": "20,698", "Financing Cash Flow": "-67,301", "End Cash Position": "471,193", "Income Tax Paid Supplemental Data": "11,099", "Interest Paid Supplemental Data": "9,728", "Capital Expenditure": "-18,362", "Issuance of Debt": "-", "Repayment of Debt": "0", "Repurchase of Capital Stock": "-53,275", "Free Cash Flow": "210,774"}, "3/31/2020": {"Duration": "3/31/2020", "Operating Cash Flow": "225,023", "Investing Cash Flow": "-4,309", "Financing Cash Flow": "-286,870", "End Cash Position": "340,237", "Income Tax Paid Supplemental Data": "13,061", "Interest Paid Supplemental Data": "17,644", "Capital Expenditure": "-19,922", "Issuance of Debt": "0", "Repayment of Debt": "-100,000", "Repurchase of Capital Stock": "-175,000", "Free Cash Flow": "205,101"}, "3/31/2019": {"Duration": "3/31/2019", "Operating Cash Flow": "149,838", "Investing Cash Flow": "-26,252", "Financing Cash Flow": "-79,285", "End Cash Position": "409,820", "Income Tax Paid Supplemental Data": "13,381", "Interest Paid Supplemental Data": "23,281", "Capital Expenditure": "-23,526", "Issuance of Debt": "0", "Repayment of Debt": "-50,000", "Repurchase of Capital Stock": "-14,468", "Free Cash Flow": "126,312"}}}}, {"LPSN": {"quote": {"03/26/2021": {"value": "51.99", "Market Cap": "3.524B", "Beta (5Y Monthly)": "1.24", "PE Ratio (TTM)": "N/A", "EPS (TTM)": "-1.63", "Earnings Date": "May 03, 2021 - May 07, 2021", "Forward Dividend & Yield": "N/A (N/A)", "Ex-Dividend Date": "N/A", "1y Target Est": "77.50"}}, "fin": {"TTM": {"Duration": "TTM", "Total Revenue": "396,423", "Cost of Revenue": "116,967", "Gross Profit": "279,456", "Operating Expense": "320,382", "Operating Income": "-40,926", "Net Non Operating Interest Income Expense": "-20,672", "Other Income Expense": "-28,926", "Pretax Income": "-90,525", "Tax Provision": "1,263", "Net Income Common Stockholders": "-91,788", "Diluted NI Available to Com Stockholders": "-91,788", "Basic EPS": "-", "Diluted EPS": "-", "Basic Average Shares": "-", "Diluted Average Shares": "-", "Total Operating Income as Reported": "-69,888", "Total Expenses": "437,349", "Net Income from Continuing & Discontinued Operation": "-91,788", "Normalized Income": "-74,411", "Interest Income": "-", "Interest Expense": "20,672", "Net Interest Income": "-20,672", "EBIT": "-69,853", "EBITDA": "-41,547", "Reconciled Cost of Revenue": "90,509", "Reconciled Depreciation": "28,306", "Net Income from Continuing Operation Net Minority Interest": "-91,788", "Total Unusual Items Excluding Goodwill": "-28,962", "Total Unusual Items": "-28,962", "Normalized EBITDA": "-12,585", "Tax Rate for Calcs": "0", "Tax Effect of Unusual Items": "-11,585"}, "12/31/2020": {"Duration": "12/31/2020", "Total Revenue": "366,620", "Cost of Revenue": "106,268", "Gross Profit": "260,352", "Operating Expense": "320,383", "Operating Income": "-60,031", "Net Non Operating Interest Income Expense": "-14,334", "Other Income Expense": "-30,763", "Pretax Income": "-105,128", "Tax Provision": "2,466", "Net Income Common Stockholders": "-107,594", "Diluted NI Available to Com Stockholders": "-107,594", "Basic EPS": "-", "Diluted EPS": "-", "Basic Average Shares": "-", "Diluted Average Shares": "-", "Total Operating Income as Reported": "-89,451", "Total Expenses": "426,651", "Net Income from Continuing & Discontinued Operation": "-107,594", "Normalized Income": "-86,117", "Interest Income": "-", "Interest Expense": "14,334", "Net Interest Income": "-14,334", "EBIT": "-90,794", "EBITDA": "-", "Reconciled Cost of Revenue": "81,768", "Reconciled Depreciation": "26,378", "Net Income from Continuing Operation Net Minority Interest": "-107,594", "Total Unusual Items Excluding Goodwill": "-29,420", "Total Unusual Items": "-29,420", "Normalized EBITDA": "-34,996", "Tax Rate for Calcs": "0", "Tax Effect of Unusual Items": "-7,943"}, "12/31/2019": {"Duration": "12/31/2019", "Total Revenue": "291,609", "Cost of Revenue": "78,878", "Gross Profit": "212,731", "Operating Expense": "297,720", "Operating Income": "-84,989", "Net Non Operating Interest Income Expense": "-7,407", "Other Income Expense": "-830", "Pretax Income": "-93,226", "Tax Provision": "2,845", "Net Income Common Stockholders": "-96,071", "Diluted NI Available to Com Stockholders": "-96,071", "Basic EPS": "-1.53", "Diluted EPS": "-1.53", "Basic Average Shares": "62,593", "Diluted Average Shares": "62,593", "Total Operating Income as Reported": "-87,032", "Total Expenses": "376,598", "Net Income from Continuing & Discontinued Operation": "-96,071", "Normalized Income": "-94,580", "Interest Income": "-7,407", "Interest Expense": "7,407", "Net Interest Income": "-7,407", "EBIT": "-85,819", "EBITDA": "-", "Reconciled Cost of Revenue": "61,374", "Reconciled Depreciation": "19,298", "Net Income from Continuing Operation Net Minority Interest": "-96,071", "Total Unusual Items Excluding Goodwill": "-2,043", "Total Unusual Items": "-2,043", "Normalized EBITDA": "-64,478", "Tax Rate for Calcs": "0", "Tax Effect of Unusual Items": "-551.61"}, "12/31/2018": {"Duration": "12/31/2018", "Total Revenue": "249,838", "Cost of Revenue": "62,479", "Gross Profit": "187,359", "Operating Expense": "206,594", "Operating Income": "-19,235", "Net Non Operating Interest Income Expense": "-", "Other Income Expense": "-4,939", "Pretax Income": "-24,174", "Tax Provision": "858", "Net Income Common Stockholders": "-25,032", "Diluted NI Available to Com Stockholders": "-25,032", "Basic EPS": "-0.42", "Diluted EPS": "-0.42", "Basic Average Shares": "59,203", "Diluted Average Shares": "59,203", "Total Operating Income as Reported": "-23,703", "Total Expenses": "269,073", "Net Income from Continuing & Discontinued Operation": "-25,032", "Normalized Income": "-21,770", "Interest Income": "-", "Interest Expense": "-", "Net Interest Income": "-", "EBIT": "-19,235", "EBITDA": "-", "Reconciled Cost of Revenue": "47,148", "Reconciled Depreciation": "17,001", "Net Income from Continuing Operation Net Minority Interest": "-25,032", "Total Unusual Items Excluding Goodwill": "-4,468", "Total Unusual Items": "-4,468", "Normalized EBITDA": "2,234", "Tax Rate for Calcs": "0", "Tax Effect of Unusual Items": "-1,206"}}, "bs": {"12/31/2020": {"Duration": "12/31/2020", "Total Assets": "1,006,432", "Total Liabilities Net Minority Interest": "762,498", "Total Equity Gross Minority Interest": "243,934", "Total Capitalization": "782,366", "Common Stock Equity": "243,934", "Capital Lease Obligations": "12,898", "Net Tangible Assets": "137,815", "Working Capital": "540,260", "Invested Capital": "782,366", "Tangible Book Value": "137,815", "Total Debt": "551,330", "Net Debt": "-", "Share Issued": "70,264", "Ordinary Shares Number": "67,554", "Treasury Shares Number": "2,710"}, "12/31/2019": {"Duration": "12/31/2019", "Total Assets": "512,710", "Total Liabilities Net Minority Interest": "364,175", "Total Equity Gross Minority Interest": "148,535", "Total Capitalization": "327,547", "Common Stock Equity": "148,535", "Capital Lease Obligations": "19,467", "Net Tangible Assets": "41,736", "Working Capital": "107,674", "Invested Capital": "327,547", "Tangible Book Value": "41,736", "Total Debt": "198,479", "Net Debt": "2,489", "Share Issued": "66,543", "Ordinary Shares Number": "63,833", "Treasury Shares Number": "2,710"}, "12/31/2018": {"Duration": "12/31/2018", "Total Assets": "290,103", "Total Liabilities Net Minority Interest": "119,374", "Total Equity Gross Minority Interest": "170,729", "Total Capitalization": "170,729", "Common Stock Equity": "170,729", "Capital Lease Obligations": "-", "Net Tangible Assets": "61,866", "Working Capital": "21,234", "Invested Capital": "170,729", "Tangible Book Value": "61,866", "Total Debt": "-", "Net Debt": "-", "Share Issued": "63,676", "Ordinary Shares Number": "63,676", "Treasury Shares Number": "-"}}, "cf": {"TTM": {"Duration": "TTM", "Operating Cash Flow": "54,541", "Investing Cash Flow": "-43,883", "Financing Cash Flow": "483,760", "End Cash Position": "665,897", "Income Tax Paid Supplemental Data": "-", "Interest Paid Supplemental Data": "-", "Capital Expenditure": "-42,048", "Issuance of Debt": "-", "Repayment of Debt": "-", "Repurchase of Capital Stock": "-", "Free Cash Flow": "12,493"}, "12/31/2020": {"Duration": "12/31/2020", "Operating Cash Flow": "33,605", "Investing Cash Flow": "-43,476", "Financing Cash Flow": "483,843", "End Cash Position": "654,152", "Income Tax Paid Supplemental Data": "-4,651", "Interest Paid Supplemental Data": "-1,931", "Capital Expenditure": "-41,641", "Issuance of Debt": "517,500", "Repayment of Debt": "-1,154", "Repurchase of Capital Stock": "0", "Free Cash Flow": "-8,036"}, "12/31/2019": {"Duration": "12/31/2019", "Operating Cash Flow": "-59,158", "Investing Cash Flow": "-48,506", "Financing Cash Flow": "217,851", "End Cash Position": "176,523", "Income Tax Paid Supplemental Data": "3,304", "Interest Paid Supplemental Data": "-", "Capital Expenditure": "-47,582", "Issuance of Debt": "230,000", "Repayment of Debt": "-23,184", "Repurchase of Capital Stock": "-903", "Free Cash Flow": "-106,740"}, "12/31/2018": {"Duration": "12/31/2018", "Operating Cash Flow": "4,779", "Investing Cash Flow": "-27,773", "Financing Cash Flow": "33,926", "End Cash Position": "66,449", "Income Tax Paid Supplemental Data": "5,144", "Interest Paid Supplemental Data": "-", "Capital Expenditure": "-21,938", "Issuance of Debt": "-", "Repayment of Debt": "-", "Repurchase of Capital Stock": "-1,345", "Free Cash Flow": "-17,159"}}}}, {"SREV": {"quote": {"03/26/2021": {"value": "1.5500", "Market Cap": "150.758M", "Beta (5Y Monthly)": "1.99", "PE Ratio (TTM)": "N/A", "EPS (TTM)": "-0.1940", "Earnings Date": "May 05, 2021 - May 10, 2021", "Forward Dividend & Yield": "N/A (N/A)", "Ex-Dividend Date": "N/A", "1y Target Est": "N/A"}}, "fin": {"TTM": {"Duration": "TTM", "Total Revenue": "189,510", "Cost of Revenue": "135,548", "Gross Profit": "53,962", "Operating Expense": "70,814", "Operating Income": "-16,852", "Net Non Operating Interest Income Expense": "-685", "Other Income Expense": "-2,875", "Pretax Income": "-20,412", "Tax Provision": "1,022", "Net Income Common Stockholders": "-21,434", "Diluted NI Available to Com Stockholders": "-21,434", "Basic EPS": "-", "Diluted EPS": "-", "Basic Average Shares": "-", "Diluted Average Shares": "-", "Total Operating Income as Reported": "-18,847", "Total Expenses": "206,362", "Net Income from Continuing & Discontinued Operation": "-21,434", "Normalized Income": "-20,237", "Interest Expense": "685", "Net Interest Income": "-685", "EBIT": "-19,727", "EBITDA": "4,378", "Reconciled Cost of Revenue": "135,548", "Reconciled Depreciation": "24,105", "Net Income from Continuing Operation Net Minority Interest": "-21,434", "Total Unusual Items Excluding Goodwill": "-1,995", "Total Unusual Items": "-1,995", "Normalized EBITDA": "6,373", "Tax Rate for Calcs": "0", "Tax Effect of Unusual Items": "-798"}, "12/31/2020": {"Duration": "12/31/2020", "Total Revenue": "194,601", "Cost of Revenue": "137,041", "Gross Profit": "57,560", "Operating Expense": "72,571", "Operating Income": "-15,011", "Net Non Operating Interest Income Expense": "-608", "Other Income Expense": "-2,213", "Pretax Income": "-17,832", "Tax Provision": "709", "Net Income Common Stockholders": "-18,541", "Diluted NI Available to Com Stockholders": "-18,541", "Basic EPS": "-0.19", "Diluted EPS": "-0.19", "Basic Average Shares": "95,787", "Diluted Average Shares": "95,787", "Total Operating Income as Reported": "-16,553", "Total Expenses": "209,612", "Net Income from Continuing & Discontinued Operation": "-18,541", "Normalized Income": "-17,415", "Interest Expense": "608", "Net Interest Income": "-608", "EBIT": "-17,224", "EBITDA": "-", "Reconciled Cost of Revenue": "137,041", "Reconciled Depreciation": "23,766", "Net Income from Continuing Operation Net Minority Interest": "-18,541", "Total Unusual Items Excluding Goodwill": "-1,542", "Total Unusual Items": "-1,542", "Normalized EBITDA": "8,084", "Tax Rate for Calcs": "0", "Tax Effect of Unusual Items": "-416.34"}, "12/31/2019": {"Duration": "12/31/2019", "Total Revenue": "216,135", "Cost of Revenue": "153,155", "Gross Profit": "62,980", "Operating Expense": "78,065", "Operating Income": "-15,085", "Net Non Operating Interest Income Expense": "-1,226", "Other Income Expense": "-1,929", "Pretax Income": "-18,240", "Tax Provision": "443", "Net Income Common Stockholders": "-18,683", "Diluted NI Available to Com Stockholders": "-18,683", "Basic EPS": "-0.20", "Diluted EPS": "-0.20", "Basic Average Shares": "93,882", "Diluted Average Shares": "93,882", "Total Operating Income as Reported": "-17,014", "Total Expenses": "231,220", "Net Income from Continuing & Discontinued Operation": "-18,683", "Normalized Income": "-17,275", "Interest Expense": "1,226", "Net Interest Income": "-1,226", "EBIT": "-17,014", "EBITDA": "-", "Reconciled Cost of Revenue": "153,155", "Reconciled Depreciation": "23,164", "Net Income from Continuing Operation Net Minority Interest": "-18,683", "Total Unusual Items Excluding Goodwill": "-1,929", "Total Unusual Items": "-1,929", "Normalized EBITDA": "8,079", "Tax Rate for Calcs": "0", "Tax Effect of Unusual Items": "-520.83"}, "12/31/2018": {"Duration": "12/31/2018", "Total Revenue": "238,340", "Cost of Revenue": "164,693", "Gross Profit": "73,647", "Operating Expense": "89,324", "Operating Income": "-15,677", "Net Non Operating Interest Income Expense": "-7,396", "Other Income Expense": "-1,362", "Pretax Income": "-24,435", "Tax Provision": "450", "Net Income Common Stockholders": "-24,885", "Diluted NI Available to Com Stockholders": "-24,885", "Basic EPS": "-0.27", "Diluted EPS": "-0.27", "Basic Average Shares": "91,636", "Diluted Average Shares": "91,636", "Total Operating Income as Reported": "-15,886", "Total Expenses": "254,017", "Net Income from Continuing & Discontinued Operation": "-24,885", "Normalized Income": "-23,303", "Interest Expense": "7,396", "Net Interest Income": "-7,396", "EBIT": "-17,039", "EBITDA": "-", "Reconciled Cost of Revenue": "164,693", "Reconciled Depreciation": "16,495", "Net Income from Continuing Operation Net Minority Interest": "-24,885", "Total Unusual Items Excluding Goodwill": "-2,167", "Total Unusual Items": "-2,167", "Normalized EBITDA": "1,623", "Tax Rate for Calcs": "0", "Tax Effect of Unusual Items": "-585.09"}}, "bs": {"12/31/2020": {"Duration": "12/31/2020", "Total Assets": "152,613", "Total Liabilities Net Minority Interest": "77,337", "Total Equity Gross Minority Interest": "75,276", "Total Capitalization": "75,276", "Common Stock Equity": "75,276", "Capital Lease Obligations": "36,772", "Net Tangible Assets": "68,942", "Working Capital": "32,402", "Invested Capital": "90,276", "Tangible Book Value": "68,942", "Total Debt": "51,772", "Net Debt": "-", "Share Issued": "97,248", "Ordinary Shares Number": "97,127", "Treasury Shares Number": "121"}, "12/31/2019": {"Duration": "12/31/2019", "Total Assets": "161,464", "Total Liabilities Net Minority Interest": "73,027", "Total Equity Gross Minority Interest": "88,437", "Total Capitalization": "88,437", "Common Stock Equity": "88,437", "Capital Lease Obligations": "44,991", "Net Tangible Assets": "82,103", "Working Capital": "39,811", "Invested Capital": "88,437", "Tangible Book Value": "82,103", "Total Debt": "44,991", "Net Debt": "-", "Share Issued": "94,972", "Ordinary Shares Number": "94,851", "Treasury Shares Number": "121"}, "12/31/2018": {"Duration": "12/31/2018", "Total Assets": "136,580", "Total Liabilities Net Minority Interest": "34,747", "Total Equity Gross Minority Interest": "101,833", "Total Capitalization": "101,833", "Common Stock Equity": "101,833", "Capital Lease Obligations": "2,464", "Net Tangible Assets": "95,499", "Working Capital": "58,265", "Invested Capital": "101,833", "Tangible Book Value": "95,499", "Total Debt": "2,464", "Net Debt": "-", "Share Issued": "92,895", "Ordinary Shares Number": "92,774", "Treasury Shares Number": "121"}}, "cf": {"TTM": {"Duration": "TTM", "Operating Cash Flow": "6,607", "Investing Cash Flow": "-7,317", "Financing Cash Flow": "-12,566", "End Cash Position": "36,199", "Income Tax Paid Supplemental Data": "-", "Interest Paid Supplemental Data": "567", "Capital Expenditure": "-7,317", "Issuance of Capital Stock": "470", "Issuance of Debt": "0", "Repayment of Debt": "-12,875", "Repurchase of Capital Stock": "-", "Free Cash Flow": "-710"}, "12/31/2020": {"Duration": "12/31/2020", "Operating Cash Flow": "401", "Investing Cash Flow": "-7,855", "Financing Cash Flow": "14,301", "End Cash Position": "36,326", "Income Tax Paid Supplemental Data": "448", "Interest Paid Supplemental Data": "517", "Capital Expenditure": "-7,855", "Issuance of Capital Stock": "414", "Issuance of Debt": "27,000", "Repayment of Debt": "-12,952", "Repurchase of Capital Stock": "-", "Free Cash Flow": "-7,454"}, "12/31/2019": {"Duration": "12/31/2019", "Operating Cash Flow": "12,445", "Investing Cash Flow": "-10,106", "Financing Cash Flow": "-859", "End Cash Position": "29,383", "Income Tax Paid Supplemental Data": "166", "Interest Paid Supplemental Data": "264", "Capital Expenditure": "-10,106", "Issuance of Capital Stock": "223", "Issuance of Debt": "0", "Repayment of Debt": "-900", "Repurchase of Capital Stock": "-", "Free Cash Flow": "2,339"}, "12/31/2018": {"Duration": "12/31/2018", "Operating Cash Flow": "3,717", "Investing Cash Flow": "122,076", "Financing Cash Flow": "-150,639", "End Cash Position": "27,779", "Income Tax Paid Supplemental Data": "394", "Interest Paid Supplemental Data": "2,408", "Capital Expenditure": "-15,604", "Issuance of Capital Stock": "759", "Issuance of Debt": "32,000", "Repayment of Debt": "-182,413", "Repurchase of Capital Stock": "0", "Free Cash Flow": "-11,887"}}}}, {"SLP": {"quote": {"03/26/2021": {"value": "60.06", "Market Cap": "1.199B", "Beta (5Y Monthly)": "-0.08", "PE Ratio (TTM)": "118.00", "EPS (TTM)": "0.51", "Earnings Date": "Jan 11, 2021", "Forward Dividend & Yield": "0.24 (0.40%)", "Ex-Dividend Date": "Jan 22, 2021", "1y Target Est": "87.00"}}, "fin": {"TTM": {"Duration": "TTM", "Total Revenue": "45,686", "Cost of Revenue": "10,684", "Gross Profit": "35,002", "Operating Expense": "22,405", "Operating Income": "12,597", "Net Non Operating Interest Income Expense": "104.468", "Other Income Expense": "-464.597", "Pretax Income": "12,237", "Tax Provision": "1,423", "Net Income Common Stockholders": "10,814", "Diluted NI Available to Com Stockholders": "10,814", "Basic EPS": "-", "Diluted EPS": "-", "Basic Average Shares": "-", "Diluted Average Shares": "-", "Total Operating Income as Reported": "12,597", "Total Expenses": "33,089", "Net Income from Continuing & Discontinued Operation": "10,814", "Normalized Income": "11,225", "Interest Income": "126.468", "Interest Expense": "0", "Net Interest Income": "104.468", "EBIT": "12,477", "EBITDA": "15,870", "Reconciled Cost of Revenue": "10,684", "Reconciled Depreciation": "3,393", "Net Income from Continuing Operation Net Minority Interest": "10,814", "Total Unusual Items Excluding Goodwill": "-464.597", "Total Unusual Items": "-464.597", "Normalized EBITDA": "16,335", "Tax Rate for Calcs": "0", "Tax Effect of Unusual Items": "-54.0258"}, "8/31/2020": {"Duration": "8/31/2020", "Total Revenue": "41,589", "Cost of Revenue": "10,649", "Gross Profit": "30,940", "Operating Expense": "19,335", "Operating Income": "11,605", "Net Non Operating Interest Income Expense": "29.468", "Other Income Expense": "-247.597", "Pretax Income": "11,387", "Tax Provision": "2,055", "Net Income Common Stockholders": "9,332", "Diluted NI Available to Com Stockholders": "9,332", "Basic EPS": "0.52", "Diluted EPS": "0.50", "Basic Average Shares": "17,819", "Diluted Average Shares": "18,538", "Total Operating Income as Reported": "11,605", "Total Expenses": "29,984", "Net Income from Continuing & Discontinued Operation": "9,332", "Normalized Income": "9,535", "Interest Income": "29.468", "Interest Expense": "-", "Net Interest Income": "29.468", "EBIT": "11,605", "EBITDA": "-", "Reconciled Cost of Revenue": "10,649", "Reconciled Depreciation": "2,962", "Net Income from Continuing Operation Net Minority Interest": "9,332", "Total Unusual Items Excluding Goodwill": "-247.597", "Total Unusual Items": "-247.597", "Normalized EBITDA": "14,815", "Tax Rate for Calcs": "0", "Tax Effect of Unusual Items": "-44.5675"}, "8/31/2019": {"Duration": "8/31/2019", "Total Revenue": "33,970", "Cost of Revenue": "9,026", "Gross Profit": "24,945", "Operating Expense": "14,296", "Operating Income": "10,649", "Net Non Operating Interest Income Expense": "-75.556", "Other Income Expense": "-16.697", "Pretax Income": "10,556", "Tax Provision": "1,973", "Net Income Common Stockholders": "8,583", "Diluted NI Available to Com Stockholders": "8,583", "Basic EPS": "0.49", "Diluted EPS": "0.48", "Basic Average Shares": "17,492", "Diluted Average Shares": "18,057", "Total Operating Income as Reported": "10,649", "Total Expenses": "23,322", "Net Income from Continuing & Discontinued Operation": "8,583", "Normalized Income": "8,597", "Interest Income": "33.522", "Interest Expense": "109.078", "Net Interest Income": "-75.556", "EBIT": "10,666", "EBITDA": "-", "Reconciled Cost of Revenue": "9,026", "Reconciled Depreciation": "2,750", "Net Income from Continuing Operation Net Minority Interest": "8,583", "Total Unusual Items Excluding Goodwill": "-16.697", "Total Unusual Items": "-16.697", "Normalized EBITDA": "13,432", "Tax Rate for Calcs": "0", "Tax Effect of Unusual Items": "-3.1223"}, "8/31/2018": {"Duration": "8/31/2018", "Total Revenue": "29,667", "Cost of Revenue": "7,994", "Gross Profit": "21,672", "Operating Expense": "11,375", "Operating Income": "10,298", "Net Non Operating Interest Income Expense": "-125.912", "Other Income Expense": "-32.934", "Pretax Income": "10,139", "Tax Provision": "1,204", "Net Income Common Stockholders": "8,935", "Diluted NI Available to Com Stockholders": "8,935", "Basic EPS": "0.52", "Diluted EPS": "0.50", "Basic Average Shares": "17,329", "Diluted Average Shares": "17,860", "Total Operating Income as Reported": "10,298", "Total Expenses": "19,369", "Net Income from Continuing & Discontinued Operation": "8,935", "Normalized Income": "8,964", "Interest Income": "27.122", "Interest Expense": "153.034", "Net Interest Income": "-125.912", "EBIT": "10,292", "EBITDA": "-", "Reconciled Cost of Revenue": "7,994", "Reconciled Depreciation": "2,721", "Net Income from Continuing Operation Net Minority Interest": "8,935", "Total Unusual Items Excluding Goodwill": "-32.934", "Total Unusual Items": "-32.934", "Normalized EBITDA": "13,046", "Tax Rate for Calcs": "0", "Tax Effect of Unusual Items": "-3.9191"}}, "bs": {"8/31/2020": {"Duration": "8/31/2020", "Total Assets": "168,422", "Total Liabilities Net Minority Interest": "12,386", "Total Equity Gross Minority Interest": "156,036", "Total Capitalization": "156,036", "Common Stock Equity": "156,036", "Capital Lease Obligations": "926.777", "Net Tangible Assets": "118,121", "Working Capital": "123,587", "Invested Capital": "156,036", "Tangible Book Value": "118,121", "Total Debt": "926.777", "Share Issued": "19,923", "Ordinary Shares Number": "19,923"}, "8/31/2019": {"Duration": "8/31/2019", "Total Assets": "45,197", "Total Liabilities Net Minority Interest": "7,515", "Total Equity Gross Minority Interest": "37,682", "Total Capitalization": "37,682", "Common Stock Equity": "37,682", "Capital Lease Obligations": "-", "Net Tangible Assets": "14,028", "Working Capital": "16,382", "Invested Capital": "37,682", "Tangible Book Value": "14,028", "Total Debt": "-", "Share Issued": "17,592", "Ordinary Shares Number": "17,592"}, "8/31/2018": {"Duration": "8/31/2018", "Total Assets": "43,279", "Total Liabilities Net Minority Interest": "11,356", "Total Equity Gross Minority Interest": "31,923", "Total Capitalization": "31,923", "Common Stock Equity": "31,923", "Capital Lease Obligations": "-", "Net Tangible Assets": "6,840", "Working Capital": "12,997", "Invested Capital": "31,923", "Tangible Book Value": "6,840", "Total Debt": "-", "Share Issued": "17,416", "Ordinary Shares Number": "17,416"}}, "cf": {"TTM": {"Duration": "TTM", "Operating Cash Flow": "13,721", "Investing Cash Flow": "-86,202", "Financing Cash Flow": "102,618", "End Cash Position": "42,386", "Income Tax Paid Supplemental Data": "2,165", "Capital Expenditure": "-3,442", "Issuance of Capital Stock": "-", "Free Cash Flow": "10,279"}, "8/31/2020": {"Duration": "8/31/2020", "Operating Cash Flow": "10,912", "Investing Cash Flow": "-75,506", "Financing Cash Flow": "102,366", "End Cash Position": "49,207", "Income Tax Paid Supplemental Data": "2,353", "Capital Expenditure": "-2,585", "Issuance of Capital Stock": "107,747", "Free Cash Flow": "8,327"}, "8/31/2019": {"Duration": "8/31/2019", "Operating Cash Flow": "11,638", "Investing Cash Flow": "-1,956", "Financing Cash Flow": "-7,648", "End Cash Position": "11,435", "Income Tax Paid Supplemental Data": "2,673", "Capital Expenditure": "-1,956", "Issuance of Capital Stock": "-", "Free Cash Flow": "9,683"}, "8/31/2018": {"Duration": "8/31/2018", "Operating Cash Flow": "9,287", "Investing Cash Flow": "-2,329", "Financing Cash Flow": "-3,773", "End Cash Position": "9,401", "Income Tax Paid Supplemental Data": "2,713", "Capital Expenditure": "-2,329", "Issuance of Capital Stock": "-", "Free Cash Flow": "6,958"}}}}, {"PERI": {"quote": {"03/26/2021": {"value": "17.00", "Market Cap": "539.512M", "Beta (5Y Monthly)": "1.03", "PE Ratio (TTM)": "47.22", "EPS (TTM)": "0.36", "Earnings Date": "Feb 09, 2021", "Forward Dividend & Yield": "N/A (N/A)", "Ex-Dividend Date": "Mar 23, 2011", "1y Target Est": "31.10"}}, "fin": {"TTM": {"Duration": "TTM", "Total Revenue": "351,827", "Cost of Revenue": "238,495", "Gross Profit": "113,332", "Operating Expense": "98,216", "Operating Income": "15,116", "Net Non Operating Interest Income Expense": "-916", "Other Income Expense": "-", "Pretax Income": "12,663", "Tax Provision": "466", "Net Income Common Stockholders": "12,197", "Diluted NI Available to Com Stockholders": "12,197", "Basic EPS": "-", "Diluted EPS": "-", "Basic Average Shares": "-", "Diluted Average Shares": "-", "Total Operating Income as Reported": "15,116", "Total Expenses": "336,711", "Net Income from Continuing & Discontinued Operation": "12,197", "Normalized Income": "13,677", "Interest Income": "-", "Interest Expense": "-", "Net Interest Income": "-916", "EBIT": "13,523", "EBITDA": "23,521", "Reconciled Cost of Revenue": "238,495", "Reconciled Depreciation": "9,998", "Net Income from Continuing Operation Net Minority Interest": "12,197", "Total Unusual Items Excluding Goodwill": "-1,537", "Total Unusual Items": "-1,537", "Normalized EBITDA": "25,058", "Tax Rate for Calcs": "0", "Tax Effect of Unusual Items": "-56.5618"}, "12/31/2020": {"Duration": "12/31/2020", "Total Revenue": "328,063", "Cost of Revenue": "220,103", "Gross Profit": "107,960", "Operating Expense": "95,707", "Operating Income": "12,253", "Net Non Operating Interest Income Expense": "-1,101", "Other Income Expense": "-1,537", "Pretax Income": "9,615", "Tax Provision": "-610", "Net Income Common Stockholders": "10,225", "Diluted NI Available to Com Stockholders": "10,225", "Basic EPS": "-", "Diluted EPS": "-", "Basic Average Shares": "-", "Diluted Average Shares": "-", "Total Operating Income as Reported": "12,253", "Total Expenses": "315,810", "Net Income from Continuing & Discontinued Operation": "10,225", "Normalized Income": "11,408", "Interest Income": "287", "Interest Expense": "1,045", "Net Interest Income": "-1,101", "EBIT": "10,660", "EBITDA": "-", "Reconciled Cost of Revenue": "220,103", "Reconciled Depreciation": "9,923", "Net Income from Continuing Operation Net Minority Interest": "10,225", "Total Unusual Items Excluding Goodwill": "-1,537", "Total Unusual Items": "-1,537", "Normalized EBITDA": "22,120", "Tax Rate for Calcs": "0", "Tax Effect of Unusual Items": "-353.51"}, "12/31/2019": {"Duration": "12/31/2019", "Total Revenue": "261,450", "Cost of Revenue": "161,411", "Gross Profit": "100,039", "Operating Expense": "82,031", "Operating Income": "18,008", "Net Non Operating Interest Income Expense": "-2,300", "Other Income Expense": "-1,170", "Pretax Income": "14,538", "Tax Provision": "1,645", "Net Income Common Stockholders": "12,893", "Diluted NI Available to Com Stockholders": "12,893", "Basic EPS": "0.50", "Diluted EPS": "0.49", "Basic Average Shares": "25,965", "Diluted Average Shares": "26,358", "Total Operating Income as Reported": "18,008", "Total Expenses": "243,442", "Net Income from Continuing & Discontinued Operation": "12,893", "Normalized Income": "13,399", "Interest Income": "624", "Interest Expense": "2,334", "Net Interest Income": "-2,300", "EBIT": "16,872", "EBITDA": "-", "Reconciled Cost of Revenue": "161,411", "Reconciled Depreciation": "9,711", "Net Income from Continuing Operation Net Minority Interest": "12,893", "Total Unusual Items Excluding Goodwill": "-570", "Total Unusual Items": "-570", "Normalized EBITDA": "27,153", "Tax Rate for Calcs": "0", "Tax Effect of Unusual Items": "-64.4965"}, "12/31/2018": {"Duration": "12/31/2018", "Total Revenue": "252,845", "Cost of Revenue": "152,108", "Gross Profit": "100,737", "Operating Expense": "83,971", "Operating Income": "16,766", "Net Non Operating Interest Income Expense": "-3,905", "Other Income Expense": "-1,964", "Pretax Income": "10,897", "Tax Provision": "2,776", "Net Income Common Stockholders": "8,121", "Diluted NI Available to Com Stockholders": "8,121", "Basic EPS": "0.31", "Diluted EPS": "0.31", "Basic Average Shares": "25,850", "Diluted Average Shares": "25,855", "Total Operating Income as Reported": "14,691", "Total Expenses": "236,079", "Net Income from Continuing & Discontinued Operation": "8,121", "Normalized Income": "10,766", "Interest Income": "296", "Interest Expense": "3,820", "Net Interest Income": "-3,905", "EBIT": "14,717", "EBITDA": "-", "Reconciled Cost of Revenue": "152,108", "Reconciled Depreciation": "9,719", "Net Income from Continuing Operation Net Minority Interest": "8,121", "Total Unusual Items Excluding Goodwill": "-3,549", "Total Unusual Items": "-3,549", "Normalized EBITDA": "27,985", "Tax Rate for Calcs": "0", "Tax Effect of Unusual Items": "-904.1042"}}, "bs": {"12/31/2020": {"Duration": "12/31/2020", "Total Assets": "358,681", "Total Liabilities Net Minority Interest": "174,559", "Total Equity Gross Minority Interest": "184,122", "Total Capitalization": "184,122", "Common Stock Equity": "184,122", "Capital Lease Obligations": "22,212", "Net Tangible Assets": "7,443", "Working Capital": "27,246", "Invested Capital": "192,455", "Tangible Book Value": "7,443", "Total Debt": "30,545", "Net Debt": "-", "Share Issued": "27,467", "Ordinary Shares Number": "27,352", "Treasury Shares Number": "115.339"}, "12/31/2019": {"Duration": "12/31/2019", "Total Assets": "283,777", "Total Liabilities Net Minority Interest": "118,595", "Total Equity Gross Minority Interest": "165,182", "Total Capitalization": "173,515", "Common Stock Equity": "165,182", "Capital Lease Obligations": "24,030", "Net Tangible Assets": "36,738", "Working Capital": "31,799", "Invested Capital": "181,848", "Tangible Book Value": "36,738", "Total Debt": "40,696", "Net Debt": "-", "Share Issued": "26,358", "Ordinary Shares Number": "26,242", "Treasury Shares Number": "115.339"}, "12/31/2018": {"Duration": "12/31/2018", "Total Assets": "256,446", "Total Liabilities Net Minority Interest": "107,665", "Total Equity Gross Minority Interest": "148,781", "Total Capitalization": "173,174", "Common Stock Equity": "148,781", "Capital Lease Obligations": "-", "Net Tangible Assets": "17,234", "Working Capital": "26,779", "Invested Capital": "189,233", "Tangible Book Value": "17,234", "Total Debt": "40,452", "Net Debt": "1,343", "Share Issued": "25,966", "Ordinary Shares Number": "25,850", "Treasury Shares Number": "115.339"}}, "cf": {"TTM": {"Duration": "TTM", "Operating Cash Flow": "33,134", "Investing Cash Flow": "-58,456", "Financing Cash Flow": "50,807", "Cash Flow from Discontinued Operation": "-", "End Cash Position": "73,079", "Income Tax Paid Supplemental Data": "-", "Interest Paid Supplemental Data": "-", "Capital Expenditure": "-532", "Issuance of Debt": "-", "Repayment of Debt": "-14,583", "Free Cash Flow": "32,602"}, "12/31/2020": {"Duration": "12/31/2020", "Operating Cash Flow": "22,159", "Investing Cash Flow": "-8,920", "Financing Cash Flow": "-4,047", "Cash Flow from Discontinued Operation": "-", "End Cash Position": "48,878", "Income Tax Paid Supplemental Data": "3,180", "Interest Paid Supplemental Data": "1,097", "Capital Expenditure": "-459", "Issuance of Debt": "0", "Repayment of Debt": "-8,333", "Free Cash Flow": "21,700"}, "12/31/2019": {"Duration": "12/31/2019", "Operating Cash Flow": "44,741", "Investing Cash Flow": "-21,151", "Financing Cash Flow": "-24,768", "Cash Flow from Discontinued Operation": "-", "End Cash Position": "39,605", "Income Tax Paid Supplemental Data": "4,007", "Interest Paid Supplemental Data": "2,320", "Capital Expenditure": "-1,209", "Issuance of Debt": "0", "Repayment of Debt": "-24,182", "Free Cash Flow": "43,532"}, "12/31/2018": {"Duration": "12/31/2018", "Operating Cash Flow": "32,801", "Investing Cash Flow": "-1,822", "Financing Cash Flow": "-23,009", "Cash Flow from Discontinued Operation": "-", "End Cash Position": "40,803", "Income Tax Paid Supplemental Data": "1,256", "Interest Paid Supplemental Data": "3,567", "Capital Expenditure": "-3,794", "Issuance of Debt": "25,000", "Repayment of Debt": "-44,676", "Free Cash Flow": "29,007"}}}}, {"ONSM": {"quote": {"03/26/2021": {"value": "", "Net Assets": "N/A", "Beta (5Y Monthly)": "N/A", "Yield": "N/A", "5y Average Return": "N/A", "Holdings Turnover": "N/A", "Last Dividend": "N/A", "Average for Category": "N/A", "Inception Date": "N/A"}}, "fin": {}, "bs": {}, "cf": {}}}, {"MOST": {"quote": {"03/26/2021": {"value": "3.3000", "Market Cap": "93.685M", "Beta (5Y Monthly)": "-0.71", "PE Ratio (TTM)": "N/A", "EPS (TTM)": "-3.8340", "Earnings Date": "N/A", "Forward Dividend & Yield": "N/A (N/A)", "Ex-Dividend Date": "N/A", "1y Target Est": "N/A"}}, "fin": {"TTM": {"Duration": "TTM", "Total Revenue": "2,197", "Cost of Revenue": "833.945", "Gross Profit": "1,363", "Operating Expense": "7,474", "Operating Income": "-6,111", "Net Non Operating Interest Income Expense": "-6,041", "Other Income Expense": "-59,259", "Pretax Income": "-71,410", "Net Income Common Stockholders": "-108,848", "Diluted NI Available to Com Stockholders": "-108,848", "Basic EPS": "-", "Diluted EPS": "-", "Basic Average Shares": "-", "Diluted Average Shares": "-", "Total Operating Income as Reported": "-6,111", "Total Expenses": "8,308", "Net Income from Continuing & Discontinued Operation": "-71,410", "Normalized Income": "-12,056", "Interest Expense": "6,041", "Net Interest Income": "-6,041", "EBIT": "-65,369", "EBITDA": "-65,334", "Reconciled Cost of Revenue": "833.945", "Reconciled Depreciation": "34.838", "Net Income from Continuing Operation Net Minority Interest": "-71,410", "Total Unusual Items Excluding Goodwill": "-59,354", "Total Unusual Items": "-59,354", "Normalized EBITDA": "-5,981", "Tax Rate for Calcs": "0", "Tax Effect of Unusual Items": "0"}, "12/31/2020": {"Duration": "12/31/2020", "Total Revenue": "2,197", "Cost of Revenue": "833.945", "Gross Profit": "1,363", "Operating Expense": "7,474", "Operating Income": "-6,111", "Net Non Operating Interest Income Expense": "-6,041", "Other Income Expense": "-59,259", "Pretax Income": "-71,410", "Net Income Common Stockholders": "-108,848", "Diluted NI Available to Com Stockholders": "-108,848", "Basic EPS": "-", "Diluted EPS": "-", "Basic Average Shares": "-", "Diluted Average Shares": "-", "Total Operating Income as Reported": "-6,111", "Total Expenses": "8,308", "Net Income from Continuing & Discontinued Operation": "-71,410", "Normalized Income": "-12,056", "Interest Expense": "6,041", "Net Interest Income": "-6,041", "EBIT": "-65,369", "EBITDA": "-", "Reconciled Cost of Revenue": "833.945", "Reconciled Depreciation": "34.838", "Net Income from Continuing Operation Net Minority Interest": "-71,410", "Total Unusual Items Excluding Goodwill": "-59,354", "Total Unusual Items": "-59,354", "Normalized EBITDA": "-5,981", "Tax Rate for Calcs": "0", "Tax Effect of Unusual Items": "0"}, "12/31/2019": {"Duration": "12/31/2019", "Total Revenue": "2,802", "Cost of Revenue": "1,069", "Gross Profit": "1,733", "Operating Expense": "7,846", "Operating Income": "-6,113", "Net Non Operating Interest Income Expense": "-4,894", "Other Income Expense": "1.843", "Pretax Income": "-11,006", "Net Income Common Stockholders": "-11,006", "Diluted NI Available to Com Stockholders": "-11,006", "Basic EPS": "-0.39", "Diluted EPS": "-0.39", "Basic Average Shares": "28,272", "Diluted Average Shares": "28,272", "Total Operating Income as Reported": "-6,113", "Total Expenses": "8,915", "Net Income from Continuing & Discontinued Operation": "-11,006", "Normalized Income": "-11,006", "Interest Expense": "4,894", "Net Interest Income": "-4,894", "EBIT": "-6,111", "EBITDA": "-", "Reconciled Cost of Revenue": "1,069", "Reconciled Depreciation": "74.526", "Net Income from Continuing Operation Net Minority Interest": "-11,006", "Total Unusual Items Excluding Goodwill": "-", "Total Unusual Items": "-", "Normalized EBITDA": "-6,037", "Tax Rate for Calcs": "0", "Tax Effect of Unusual Items": "0"}, "12/31/2018": {"Duration": "12/31/2018", "Total Revenue": "2,323", "Cost of Revenue": "803.712", "Gross Profit": "1,519", "Operating Expense": "5,720", "Operating Income": "-4,201", "Net Non Operating Interest Income Expense": "-4,138", "Other Income Expense": "3.827", "Pretax Income": "-8,335", "Net Income Common Stockholders": "-8,335", "Diluted NI Available to Com Stockholders": "-8,335", "Basic EPS": "-0.29", "Diluted EPS": "-0.29", "Basic Average Shares": "28,272", "Diluted Average Shares": "28,272", "Total Operating Income as Reported": "-4,201", "Total Expenses": "6,524", "Net Income from Continuing & Discontinued Operation": "-8,335", "Normalized Income": "-8,335", "Interest Expense": "4,138", "Net Interest Income": "-4,138", "EBIT": "-4,197", "EBITDA": "-", "Reconciled Cost of Revenue": "803.712", "Reconciled Depreciation": "161.424", "Net Income from Continuing Operation Net Minority Interest": "-8,335", "Total Unusual Items Excluding Goodwill": "-", "Total Unusual Items": "-", "Normalized EBITDA": "-4,035", "Tax Rate for Calcs": "0", "Tax Effect of Unusual Items": "0"}}, "bs": {"12/31/2020": {"Duration": "12/31/2020", "Total Assets": "1,020", "Total Liabilities Net Minority Interest": "8,423", "Total Equity Gross Minority Interest": "-7,403", "Total Capitalization": "-1,312", "Preferred Stock Equity": "103,649", "Common Stock Equity": "-111,053", "Capital Lease Obligations": "593.994", "Net Tangible Assets": "-7,403", "Working Capital": "-1,392", "Invested Capital": "-104,538", "Tangible Book Value": "-111,053", "Total Debt": "7,108", "Net Debt": "6,352", "Share Issued": "28,389", "Ordinary Shares Number": "28,389"}, "12/31/2019": {"Duration": "12/31/2019", "Total Assets": "1,209", "Total Liabilities Net Minority Interest": "52,523", "Total Equity Gross Minority Interest": "-51,314", "Total Capitalization": "-51,314", "Preferred Stock Equity": "-", "Common Stock Equity": "-51,314", "Capital Lease Obligations": "743.519", "Net Tangible Assets": "-51,320", "Working Capital": "-51,401", "Invested Capital": "-2,955", "Tangible Book Value": "-51,320", "Total Debt": "49,103", "Net Debt": "48,288", "Share Issued": "28,272", "Ordinary Shares Number": "28,272"}, "12/31/2018": {"Duration": "12/31/2018", "Total Assets": "1,013", "Total Liabilities Net Minority Interest": "45,673", "Total Equity Gross Minority Interest": "-44,660", "Total Capitalization": "-2,784", "Preferred Stock Equity": "-", "Common Stock Equity": "-44,660", "Capital Lease Obligations": "28.969", "Net Tangible Assets": "-44,724", "Working Capital": "-2,626", "Invested Capital": "-2,784", "Tangible Book Value": "-44,724", "Total Debt": "41,905", "Net Debt": "41,609", "Share Issued": "28,272", "Ordinary Shares Number": "28,272"}}, "cf": {"TTM": {"Duration": "TTM", "Operating Cash Flow": "-7,310", "Investing Cash Flow": "-", "Financing Cash Flow": "7,346", "End Cash Position": "350.923", "Interest Paid Supplemental Data": "3,919", "Capital Expenditure": "-", "Issuance of Capital Stock": "350", "Issuance of Debt": "7,002", "Repayment of Debt": "-6.378", "Free Cash Flow": "-7,310"}, "12/31/2020": {"Duration": "12/31/2020", "Operating Cash Flow": "-7,310", "Investing Cash Flow": "-", "Financing Cash Flow": "7,346", "End Cash Position": "350.923", "Interest Paid Supplemental Data": "3,919", "Capital Expenditure": "-", "Issuance of Capital Stock": "350", "Issuance of Debt": "7,002", "Repayment of Debt": "-6.378", "Free Cash Flow": "-7,310"}, "12/31/2019": {"Duration": "12/31/2019", "Operating Cash Flow": "-6,323", "Investing Cash Flow": "0", "Financing Cash Flow": "6,131", "End Cash Position": "314.967", "Interest Paid Supplemental Data": "3,451", "Capital Expenditure": "-", "Issuance of Capital Stock": "-", "Issuance of Debt": "6,153", "Repayment of Debt": "-22.591", "Free Cash Flow": "-6,323"}, "12/31/2018": {"Duration": "12/31/2018", "Operating Cash Flow": "-4,868", "Investing Cash Flow": "-9.499", "Financing Cash Flow": "5,205", "End Cash Position": "506.901", "Interest Paid Supplemental Data": "2,630", "Capital Expenditure": "-9.499", "Issuance of Capital Stock": "-", "Issuance of Debt": "5,240", "Repayment of Debt": "-34.865", "Free Cash Flow": "-4,877"}}}}, {"NEWR": {"quote": {"03/26/2021": {"value": "59.06", "Market Cap": "3.725B", "Beta (5Y Monthly)": "0.84", "PE Ratio (TTM)": "N/A", "EPS (TTM)": "-2.64", "Earnings Date": "May 12, 2021 - May 17, 2021", "Forward Dividend & Yield": "N/A (N/A)", "Ex-Dividend Date": "N/A", "1y Target Est": "71.33"}}, "fin": {"TTM": {"Duration": "TTM", "Total Revenue": "654,636", "Cost of Revenue": "152,512", "Gross Profit": "502,124", "Operating Expense": "646,696", "Operating Income": "-144,572", "Net Non Operating Interest Income Expense": "-14,311", "Other Income Expense": "-1,704", "Pretax Income": "-160,587", "Tax Provision": "-31", "Net Income Common Stockholders": "-158,892", "Diluted NI Available to Com Stockholders": "-158,892", "Basic EPS": "-", "Diluted EPS": "-", "Basic Average Shares": "-", "Diluted Average Shares": "-", "Total Operating Income as Reported": "-144,572", "Total Expenses": "799,208", "Net Income from Continuing & Discontinued Operation": "-158,892", "Normalized Income": "-158,892", "Interest Income": "10,273", "Interest Expense": "24,584", "Net Interest Income": "-14,311", "EBIT": "-136,003", "EBITDA": "-50,182", "Reconciled Cost of Revenue": "152,512", "Reconciled Depreciation": "85,821", "Net Income from Continuing Operation Net Minority Interest": "-158,892", "Normalized EBITDA": "-50,182", "Tax Rate for Calcs": "0", "Tax Effect of Unusual Items": "0"}, "3/31/2020": {"Duration": "3/31/2020", "Total Revenue": "599,510", "Cost of Revenue": "103,237", "Gross Profit": "496,273", "Operating Expense": "581,762", "Operating Income": "-85,489", "Net Non Operating Interest Income Expense": "-8,213", "Other Income Expense": "2,934", "Pretax Income": "-90,768", "Tax Provision": "211", "Net Income Common Stockholders": "-88,937", "Diluted NI Available to Com Stockholders": "-88,937", "Basic EPS": "-1.52", "Diluted EPS": "-1.52", "Basic Average Shares": "58,601", "Diluted Average Shares": "58,601", "Total Operating Income as Reported": "-85,489", "Total Expenses": "684,999", "Net Income from Continuing & Discontinued Operation": "-88,937", "Normalized Income": "-88,937", "Interest Income": "15,482", "Interest Expense": "23,695", "Net Interest Income": "-8,213", "EBIT": "-67,073", "EBITDA": "-", "Reconciled Cost of Revenue": "103,237", "Reconciled Depreciation": "75,743", "Net Income from Continuing Operation Net Minority Interest": "-88,937", "Normalized EBITDA": "8,670", "Tax Rate for Calcs": "0", "Tax Effect of Unusual Items": "0"}, "3/31/2019": {"Duration": "3/31/2019", "Total Revenue": "479,225", "Cost of Revenue": "77,399", "Gross Profit": "401,826", "Operating Expense": "434,932", "Operating Income": "-33,106", "Net Non Operating Interest Income Expense": "-6,576", "Other Income Expense": "-1,377", "Pretax Income": "-41,059", "Tax Provision": "697", "Net Income Common Stockholders": "-40,893", "Diluted NI Available to Com Stockholders": "-40,893", "Basic EPS": "-0.72", "Diluted EPS": "-0.72", "Basic Average Shares": "56,884", "Diluted Average Shares": "56,884", "Total Operating Income as Reported": "-33,106", "Total Expenses": "512,331", "Net Income from Continuing & Discontinued Operation": "-40,893", "Normalized Income": "-40,893", "Interest Income": "13,103", "Interest Expense": "19,679", "Net Interest Income": "-6,576", "EBIT": "-21,380", "EBITDA": "-", "Reconciled Cost of Revenue": "77,399", "Reconciled Depreciation": "53,794", "Net Income from Continuing Operation Net Minority Interest": "-40,893", "Normalized EBITDA": "32,414", "Tax Rate for Calcs": "0", "Tax Effect of Unusual Items": "0"}}, "bs": {"3/31/2020": {"Duration": "3/31/2020", "Total Assets": "1,258,434", "Total Liabilities Net Minority Interest": "867,795", "Total Equity Gross Minority Interest": "390,639", "Total Capitalization": "817,683", "Common Stock Equity": "390,639", "Capital Lease Obligations": "66,076", "Net Tangible Assets": "331,836", "Working Capital": "623,871", "Invested Capital": "817,683", "Tangible Book Value": "331,836", "Total Debt": "493,120", "Net Debt": "134,521", "Share Issued": "60,098", "Ordinary Shares Number": "59,838", "Treasury Shares Number": "260"}, "3/31/2019": {"Duration": "3/31/2019", "Total Assets": "1,090,227", "Total Liabilities Net Minority Interest": "740,597", "Total Equity Gross Minority Interest": "349,630", "Total Capitalization": "755,567", "Common Stock Equity": "349,630", "Capital Lease Obligations": "-", "Net Tangible Assets": "294,263", "Working Capital": "598,974", "Invested Capital": "755,567", "Tangible Book Value": "294,263", "Total Debt": "405,937", "Net Debt": "171,581", "Share Issued": "58,366", "Ordinary Shares Number": "58,106", "Treasury Shares Number": "260"}}, "cf": {"TTM": {"Duration": "TTM", "Operating Cash Flow": "103,138", "Investing Cash Flow": "-94,418", "Financing Cash Flow": "23,451", "End Cash Position": "216,807", "Interest Paid Supplemental Data": "4,088", "Capital Expenditure": "-36,229", "Issuance of Capital Stock": "-", "Issuance of Debt": "-", "Free Cash Flow": "66,909"}, "3/31/2020": {"Duration": "3/31/2020", "Operating Cash Flow": "93,419", "Investing Cash Flow": "-64,629", "Financing Cash Flow": "26,213", "End Cash Position": "298,164", "Interest Paid Supplemental Data": "4,184", "Capital Expenditure": "-64,859", "Issuance of Capital Stock": "-", "Issuance of Debt": "-", "Free Cash Flow": "28,560"}, "3/31/2019": {"Duration": "3/31/2019", "Operating Cash Flow": "115,517", "Investing Cash Flow": "-470,668", "Financing Cash Flow": "457,631", "End Cash Position": "243,161", "Interest Paid Supplemental Data": "2,062", "Capital Expenditure": "-48,465", "Issuance of Capital Stock": "17,383", "Issuance of Debt": "488,669", "Free Cash Flow": "67,052"}}}}, {"PEGA": {"quote": {"03/26/2021": {"value": "116.76", "Market Cap": "9.446B", "Beta (5Y Monthly)": "1.19", "PE Ratio (TTM)": "N/A", "EPS (TTM)": "-0.76", "Earnings Date": "Apr 27, 2021 - May 03, 2021", "Forward Dividend & Yield": "0.12 (0.11%)", "Ex-Dividend Date": "Mar 31, 2021", "1y Target Est": "161.09"}}, "fin": {"TTM": {"Duration": "TTM", "Total Revenue": "1,065,425", "Cost of Revenue": "313,832", "Gross Profit": "751,593", "Operating Expense": "869,201", "Operating Income": "-117,608", "Net Non Operating Interest Income Expense": "-18,161", "Other Income Expense": "35,827", "Pretax Income": "-99,942", "Tax Provision": "-57,324", "Net Income Common Stockholders": "-42,618", "Diluted NI Available to Com Stockholders": "-42,618", "Basic EPS": "-", "Diluted EPS": "-", "Basic Average Shares": "-", "Diluted Average Shares": "-", "Total Operating Income as Reported": "-117,608", "Total Expenses": "1,183,033", "Net Income from Continuing & Discontinued Operation": "-42,618", "Normalized Income": "-64,053", "Interest Income": "769", "Interest Expense": "18,930", "Net Interest Income": "-18,161", "EBIT": "-81,012", "EBITDA": "-57,577", "Reconciled Cost of Revenue": "313,832", "Reconciled Depreciation": "23,435", "Net Income from Continuing Operation Net Minority Interest": "-42,618", "Total Unusual Items Excluding Goodwill": "35,725", "Total Unusual Items": "35,725", "Normalized EBITDA": "-93,302", "Tax Rate for Calcs": "0", "Tax Effect of Unusual Items": "14,290"}, "12/31/2020": {"Duration": "12/31/2020", "Total Revenue": "1,017,517", "Cost of Revenue": "310,913", "Gross Profit": "706,604", "Operating Expense": "850,131", "Operating Income": "-143,527", "Net Non Operating Interest Income Expense": "-18,133", "Other Income Expense": "36,771", "Pretax Income": "-124,889", "Tax Provision": "-63,516", "Net Income Common Stockholders": "-61,373", "Diluted NI Available to Com Stockholders": "-61,373", "Basic EPS": "-0.76", "Diluted EPS": "-0.76", "Basic Average Shares": "80,336", "Diluted Average Shares": "80,336", "Total Operating Income as Reported": "-143,527", "Total Expenses": "1,161,044", "Net Income from Continuing & Discontinued Operation": "-61,373", "Normalized Income": "-87,216", "Interest Income": "1,223", "Interest Expense": "19,356", "Net Interest Income": "-18,133", "EBIT": "-105,533", "EBITDA": "-", "Reconciled Cost of Revenue": "310,913", "Reconciled Depreciation": "21,348", "Net Income from Continuing Operation Net Minority Interest": "-61,373", "Total Unusual Items Excluding Goodwill": "35,401", "Total Unusual Items": "35,401", "Normalized EBITDA": "-119,586", "Tax Rate for Calcs": "0", "Tax Effect of Unusual Items": "9,558"}, "12/31/2019": {"Duration": "12/31/2019", "Total Revenue": "911,383", "Cost of Revenue": "310,022", "Gross Profit": "601,361", "Operating Expense": "736,239", "Operating Income": "-134,878", "Net Non Operating Interest Income Expense": "1,808", "Other Income Expense": "-1,776", "Pretax Income": "-134,846", "Tax Provision": "-44,413", "Net Income Common Stockholders": "-90,433", "Diluted NI Available to Com Stockholders": "-90,433", "Basic EPS": "-1.14", "Diluted EPS": "-1.14", "Basic Average Shares": "79,055", "Diluted Average Shares": "79,055", "Total Operating Income as Reported": "-134,878", "Total Expenses": "1,046,261", "Net Income from Continuing & Discontinued Operation": "-90,433", "Normalized Income": "-88,869", "Interest Income": "1,808", "Interest Expense": "-", "Net Interest Income": "1,808", "EBIT": "-134,878", "EBITDA": "-", "Reconciled Cost of Revenue": "310,022", "Reconciled Depreciation": "21,396", "Net Income from Continuing Operation Net Minority Interest": "-90,433", "Total Unusual Items Excluding Goodwill": "-2,335", "Total Unusual Items": "-2,335", "Normalized EBITDA": "-111,147", "Tax Rate for Calcs": "0", "Tax Effect of Unusual Items": "-770.55"}, "12/31/2018": {"Duration": "12/31/2018", "Total Revenue": "891,581", "Cost of Revenue": "301,765", "Gross Profit": "589,816", "Operating Expense": "606,848", "Operating Income": "-17,032", "Net Non Operating Interest Income Expense": "2,705", "Other Income Expense": "2,784", "Pretax Income": "-11,543", "Tax Provision": "-22,160", "Net Income Common Stockholders": "10,617", "Diluted NI Available to Com Stockholders": "10,617", "Basic EPS": "0.14", "Diluted EPS": "0.13", "Basic Average Shares": "78,564", "Diluted Average Shares": "83,064", "Total Operating Income as Reported": "-17,032", "Total Expenses": "908,613", "Net Income from Continuing & Discontinued Operation": "10,617", "Normalized Income": "8,850", "Interest Income": "2,705", "Interest Expense": "-", "Net Interest Income": "2,705", "EBIT": "-17,032", "EBITDA": "-", "Reconciled Cost of Revenue": "301,765", "Reconciled Depreciation": "25,295", "Net Income from Continuing Operation Net Minority Interest": "10,617", "Total Unusual Items Excluding Goodwill": "2,421", "Total Unusual Items": "2,421", "Normalized EBITDA": "5,842", "Tax Rate for Calcs": "0", "Tax Effect of Unusual Items": "653.67"}}, "bs": {"12/31/2020": {"Duration": "12/31/2020", "Total Assets": "1,604,262", "Total Liabilities Net Minority Interest": "1,062,090", "Total Equity Gross Minority Interest": "542,172", "Total Capitalization": "1,060,375", "Common Stock Equity": "542,172", "Capital Lease Obligations": "59,053", "Net Tangible Assets": "319,182", "Working Capital": "516,775", "Invested Capital": "1,060,375", "Tangible Book Value": "319,182", "Total Debt": "577,256", "Net Debt": "346,304", "Share Issued": "80,890", "Ordinary Shares Number": "80,890"}, "12/31/2019": {"Duration": "12/31/2019", "Total Assets": "984,812", "Total Liabilities Net Minority Interest": "445,802", "Total Equity Gross Minority Interest": "539,010", "Total Capitalization": "539,010", "Common Stock Equity": "539,010", "Capital Lease Obligations": "52,610", "Net Tangible Assets": "440,254", "Working Capital": "127,655", "Invested Capital": "539,010", "Tangible Book Value": "440,254", "Total Debt": "52,610", "Net Debt": "-", "Share Issued": "79,599", "Ordinary Shares Number": "79,599"}, "12/31/2018": {"Duration": "12/31/2018", "Total Assets": "982,553", "Total Liabilities Net Minority Interest": "361,022", "Total Equity Gross Minority Interest": "621,531", "Total Capitalization": "621,531", "Common Stock Equity": "621,531", "Capital Lease Obligations": "-", "Net Tangible Assets": "527,438", "Working Capital": "278,826", "Invested Capital": "621,531", "Tangible Book Value": "527,438", "Total Debt": "-", "Net Debt": "-", "Share Issued": "78,526", "Ordinary Shares Number": "78,526"}}, "cf": {"TTM": {"Duration": "TTM", "Operating Cash Flow": "39,410", "Investing Cash Flow": "-293,632", "Financing Cash Flow": "-113,520", "End Cash Position": "170,400", "Income Tax Paid Supplemental Data": "-", "Interest Paid Supplemental Data": "-", "Capital Expenditure": "-14,657", "Issuance of Debt": "0", "Repayment of Debt": "-", "Repurchase of Capital Stock": "-106,141", "Free Cash Flow": "24,753"}, "12/31/2020": {"Duration": "12/31/2020", "Operating Cash Flow": "-563", "Investing Cash Flow": "-321,683", "Financing Cash Flow": "423,448", "End Cash Position": "171,899", "Income Tax Paid Supplemental Data": "3,377", "Interest Paid Supplemental Data": "2,338", "Capital Expenditure": "-25,369", "Issuance of Debt": "600,000", "Repayment of Debt": "-", "Repurchase of Capital Stock": "-100,497", "Free Cash Flow": "-25,932"}, "12/31/2019": {"Duration": "12/31/2019", "Operating Cash Flow": "-42,165", "Investing Cash Flow": "70,074", "Financing Cash Flow": "-74,258", "End Cash Position": "68,363", "Income Tax Paid Supplemental Data": "-4,745", "Interest Paid Supplemental Data": "-", "Capital Expenditure": "-10,608", "Issuance of Debt": "45,000", "Repayment of Debt": "-45,000", "Repurchase of Capital Stock": "-64,772", "Free Cash Flow": "-52,773"}, "12/31/2018": {"Duration": "12/31/2018", "Operating Cash Flow": "104,356", "Investing Cash Flow": "-48,196", "Financing Cash Flow": "-101,460", "End Cash Position": "114,422", "Income Tax Paid Supplemental Data": "6,630", "Interest Paid Supplemental Data": "-", "Capital Expenditure": "-11,893", "Issuance of Debt": "-", "Repayment of Debt": "-", "Repurchase of Capital Stock": "-92,028", "Free Cash Flow": "92,463"}}}}, {"RWWI": {"quote": {"03/26/2021": {"value": "13.85", "Market Cap": "441.585M", "Beta (5Y Monthly)": "0.24", "PE Ratio (TTM)": "266.35", "EPS (TTM)": "0.05", "Earnings Date": "Jan 15, 2020 - Jan 16, 2020", "Forward Dividend & Yield": "N/A (N/A)", "Ex-Dividend Date": "Feb 11, 2021", "1y Target Est": "N/A"}}, "fin": {"TTM": {"Duration": "TTM", "Total Revenue": "258,274", "Cost of Revenue": "187,722", "Gross Profit": "70,552", "Operating Expense": "48,160", "Operating Income": "22,392", "Other Income Expense": "-971", "Pretax Income": "21,421", "Tax Provision": "5,670", "Net Income Common Stockholders": "15,725", "Diluted NI Available to Com Stockholders": "15,725", "Basic EPS": "-", "Diluted EPS": "-", "Basic Average Shares": "-", "Diluted Average Shares": "-", "Total Operating Income as Reported": "22,392", "Total Expenses": "235,882", "Net Income from Continuing & Discontinued Operation": "15,751", "Normalized Income": "15,751", "EBIT": "22,392", "EBITDA": "25,019", "Reconciled Cost of Revenue": "187,722", "Reconciled Depreciation": "2,627", "Net Income from Continuing Operation Net Minority Interest": "15,751", "Total Unusual Items Excluding Goodwill": "-425", "Total Unusual Items": "-425", "Normalized EBITDA": "25,019", "Tax Rate for Calcs": "0", "Tax Effect of Unusual Items": "0"}, "6/30/2019": {"Duration": "6/30/2019", "Total Revenue": "222,457", "Cost of Revenue": "161,001", "Gross Profit": "61,456", "Operating Expense": "44,226", "Operating Income": "17,230", "Other Income Expense": "-919", "Pretax Income": "16,311", "Tax Provision": "4,271", "Net Income Common Stockholders": "12,007", "Diluted NI Available to Com Stockholders": "12,007", "Basic EPS": "0.38", "Diluted EPS": "0.38", "Basic Average Shares": "31,457", "Diluted Average Shares": "31,457", "Total Operating Income as Reported": "17,230", "Total Expenses": "205,227", "Net Income from Continuing & Discontinued Operation": "12,040", "Normalized Income": "12,040", "EBIT": "17,230", "EBITDA": "-", "Reconciled Cost of Revenue": "161,001", "Reconciled Depreciation": "2,209", "Net Income from Continuing Operation Net Minority Interest": "12,040", "Total Unusual Items Excluding Goodwill": "-", "Total Unusual Items": "-", "Normalized EBITDA": "19,439", "Tax Rate for Calcs": "0", "Tax Effect of Unusual Items": "0"}, "6/30/2018": {"Duration": "6/30/2018", "Total Revenue": "116,424", "Cost of Revenue": "74,885", "Gross Profit": "41,539", "Operating Expense": "36,655", "Operating Income": "4,884", "Other Income Expense": "-656", "Pretax Income": "4,228", "Tax Provision": "1,611", "Net Income Common Stockholders": "2,561", "Diluted NI Available to Com Stockholders": "2,561", "Basic EPS": "0.08", "Diluted EPS": "0.08", "Basic Average Shares": "31,073", "Diluted Average Shares": "31,073", "Total Operating Income as Reported": "4,884", "Total Expenses": "111,540", "Net Income from Continuing & Discontinued Operation": "2,617", "Normalized Income": "2,617", "EBIT": "4,884", "EBITDA": "-", "Reconciled Cost of Revenue": "74,885", "Reconciled Depreciation": "1,388", "Net Income from Continuing Operation Net Minority Interest": "2,617", "Total Unusual Items Excluding Goodwill": "-", "Total Unusual Items": "-", "Normalized EBITDA": "6,272", "Tax Rate for Calcs": "0", "Tax Effect of Unusual Items": "0"}}, "bs": {"6/30/2019": {"Duration": "6/30/2019", "Total Assets": "87,213", "Total Liabilities Net Minority Interest": "50,547", "Total Equity Gross Minority Interest": "36,666", "Total Capitalization": "51,885", "Preferred Stock Equity": "21", "Common Stock Equity": "36,645", "Net Tangible Assets": "-14,013", "Working Capital": "-3,256", "Invested Capital": "57,225", "Tangible Book Value": "-14,034", "Total Debt": "20,580", "Net Debt": "19,891", "Share Issued": "31,457", "Ordinary Shares Number": "31,457"}, "6/30/2018": {"Duration": "6/30/2018", "Total Assets": "53,224", "Total Liabilities Net Minority Interest": "28,591", "Total Equity Gross Minority Interest": "24,633", "Total Capitalization": "34,111", "Preferred Stock Equity": "21", "Common Stock Equity": "24,612", "Net Tangible Assets": "-5,738", "Working Capital": "-925", "Invested Capital": "38,685", "Tangible Book Value": "-5,759", "Total Debt": "14,073", "Net Debt": "13,163", "Share Issued": "31,073", "Ordinary Shares Number": "31,073"}}, "cf": {"TTM": {"Duration": "TTM", "Operating Cash Flow": "12,415", "Investing Cash Flow": "-20,300", "Financing Cash Flow": "9,143", "End Cash Position": "1,973", "Capital Expenditure": "-608", "Issuance of Debt": "88,668", "Repayment of Debt": "-79,499", "Free Cash Flow": "11,807"}, "6/30/2019": {"Duration": "6/30/2019", "Operating Cash Flow": "13,536", "Investing Cash Flow": "-20,302", "Financing Cash Flow": "6,533", "End Cash Position": "689", "Capital Expenditure": "-610", "Issuance of Debt": "89,141", "Repayment of Debt": "-82,575", "Free Cash Flow": "12,926"}, "6/30/2018": {"Duration": "6/30/2018", "Operating Cash Flow": "2,146", "Investing Cash Flow": "-4,839", "Financing Cash Flow": "2,878", "End Cash Position": "910", "Capital Expenditure": "-657", "Issuance of Debt": "90,946", "Repayment of Debt": "-88,012", "Free Cash Flow": "1,489"}}}}, {"CLDS": {"quote": {"03/26/2021": {"value": "27.29", "Net Assets": "17.92M", "NAV": "27.88", "PE Ratio (TTM)": "N/A", "Yield": "N/A", "YTD Daily Total Return": "N/A", "Beta (5Y Monthly)": "0.00", "Expense Ratio (net)": "1.07%", "Inception Date": "2021-01-08"}}, "fin": {}, "bs": {}, "cf": {}}}, {"SFOR": {"quote": {"03/26/2021": {"value": "0.1200", "Market Cap": "49.701M", "Beta (5Y Monthly)": "6.08", "PE Ratio (TTM)": "N/A", "EPS (TTM)": "-0.2460", "Earnings Date": "Nov 23, 2020", "Forward Dividend & Yield": "N/A (N/A)", "Ex-Dividend Date": "N/A", "1y Target Est": "N/A"}}, "fin": {"TTM": {"Duration": "TTM", "Total Revenue": "207", "Cost of Revenue": "13", "Gross Profit": "194", "Operating Expense": "2,870", "Operating Income": "-2,676", "Net Non Operating Interest Income Expense": "-1,434", "Other Income Expense": "-5,978", "Pretax Income": "-10,088", "Tax Provision": "0", "Net Income Common Stockholders": "-10,043", "Diluted NI Available to Com Stockholders": "-10,043", "Basic EPS": "-", "Diluted EPS": "-", "Basic Average Shares": "-", "Diluted Average Shares": "-", "Total Operating Income as Reported": "-2,676", "Total Expenses": "2,883", "Net Income from Continuing & Discontinued Operation": "-10,043", "Normalized Income": "-4,012", "Interest Expense": "1,259", "Net Interest Income": "-1,434", "EBIT": "-8,829", "EBITDA": "-8,773", "Reconciled Cost of Revenue": "13", "Reconciled Depreciation": "56", "Net Income from Continuing Operation Net Minority Interest": "-10,043", "Total Unusual Items Excluding Goodwill": "-6,031", "Total Unusual Items": "-6,031", "Normalized EBITDA": "-2,742", "Tax Rate for Calcs": "0", "Tax Effect of Unusual Items": "0"}, "12/31/2020": {"Duration": "12/31/2020", "Total Revenue": "207", "Cost of Revenue": "13", "Gross Profit": "194", "Operating Expense": "2,870", "Operating Income": "-2,676", "Net Non Operating Interest Income Expense": "-1,434", "Other Income Expense": "-5,978", "Pretax Income": "-10,088", "Tax Provision": "0", "Net Income Common Stockholders": "-10,043", "Diluted NI Available to Com Stockholders": "-10,043", "Basic EPS": "-", "Diluted EPS": "-", "Basic Average Shares": "-", "Diluted Average Shares": "-", "Total Operating Income as Reported": "-2,676", "Total Expenses": "2,883", "Net Income from Continuing & Discontinued Operation": "-10,043", "Normalized Income": "-4,012", "Interest Expense": "1,259", "Net Interest Income": "-1,434", "EBIT": "-8,829", "EBITDA": "-", "Reconciled Cost of Revenue": "13", "Reconciled Depreciation": "56", "Net Income from Continuing Operation Net Minority Interest": "-10,043", "Total Unusual Items Excluding Goodwill": "-6,031", "Total Unusual Items": "-6,031", "Normalized EBITDA": "-2,742", "Tax Rate for Calcs": "0", "Tax Effect of Unusual Items": "0"}, "12/31/2019": {"Duration": "12/31/2019", "Total Revenue": "768.209", "Cost of Revenue": "10.543", "Gross Profit": "757.666", "Operating Expense": "2,359", "Operating Income": "-1,601", "Net Non Operating Interest Income Expense": "-2,355", "Other Income Expense": "207.831", "Pretax Income": "-3,748", "Tax Provision": "1.522", "Net Income Common Stockholders": "-3,528", "Diluted NI Available to Com Stockholders": "-3,528", "Basic EPS": "-0.68", "Diluted EPS": "-0.68", "Basic Average Shares": "5,215", "Diluted Average Shares": "5,215", "Total Operating Income as Reported": "-1,601", "Total Expenses": "2,369", "Net Income from Continuing & Discontinued Operation": "-3,528", "Normalized Income": "-3,705", "Interest Expense": "1,552", "Net Interest Income": "-2,355", "EBIT": "-2,196", "EBITDA": "-", "Reconciled Cost of Revenue": "10.543", "Reconciled Depreciation": "54.232", "Net Income from Continuing Operation Net Minority Interest": "-3,528", "Total Unusual Items Excluding Goodwill": "177.183", "Total Unusual Items": "177.183", "Normalized EBITDA": "-2,319", "Tax Rate for Calcs": "0", "Tax Effect of Unusual Items": "0"}, "12/31/2018": {"Duration": "12/31/2018", "Total Revenue": "233.878", "Cost of Revenue": "14.086", "Gross Profit": "219.792", "Operating Expense": "2,620", "Operating Income": "-2,401", "Net Non Operating Interest Income Expense": "-1,523", "Other Income Expense": "88.124", "Pretax Income": "-3,836", "Tax Provision": "1.5", "Net Income Common Stockholders": "-3,282", "Diluted NI Available to Com Stockholders": "-3,282", "Basic EPS": "-0.70", "Diluted EPS": "-0.70", "Basic Average Shares": "4,690", "Diluted Average Shares": "4,690", "Total Operating Income as Reported": "-2,401", "Total Expenses": "2,635", "Net Income from Continuing & Discontinued Operation": "-3,282", "Normalized Income": "-3,346", "Interest Expense": "1,317", "Net Interest Income": "-1,523", "EBIT": "-2,519", "EBITDA": "-", "Reconciled Cost of Revenue": "14.086", "Reconciled Depreciation": "6.75", "Net Income from Continuing Operation Net Minority Interest": "-3,282", "Total Unusual Items Excluding Goodwill": "87.883", "Total Unusual Items": "87.883", "Normalized EBITDA": "-2,600", "Tax Rate for Calcs": "0", "Tax Effect of Unusual Items": "23.7284"}}, "bs": {"12/31/2020": {"Duration": "12/31/2020", "Total Assets": "376", "Total Liabilities Net Minority Interest": "14,718", "Total Equity Gross Minority Interest": "-14,342", "Total Capitalization": "-13,056", "Preferred Stock Equity": "991", "Common Stock Equity": "-14,510", "Capital Lease Obligations": "163", "Net Tangible Assets": "-13,519", "Working Capital": "-13,927", "Invested Capital": "-7,815", "Tangible Book Value": "-14,510", "Total Debt": "6,858", "Net Debt": "6,533", "Share Issued": "718,263", "Ordinary Shares Number": "718,263"}, "12/31/2019": {"Duration": "12/31/2019", "Total Assets": "326.685", "Total Liabilities Net Minority Interest": "15,791", "Total Equity Gross Minority Interest": "-15,464", "Total Capitalization": "-14,539", "Preferred Stock Equity": "990.667", "Common Stock Equity": "-15,677", "Capital Lease Obligations": "209.241", "Net Tangible Assets": "-14,687", "Working Capital": "-15,382", "Invested Capital": "-9,070", "Tangible Book Value": "-15,677", "Total Debt": "6,816", "Net Debt": "6,532", "Share Issued": "5,905", "Ordinary Shares Number": "5,905"}, "12/31/2018": {"Duration": "12/31/2018", "Total Assets": "139.028", "Total Liabilities Net Minority Interest": "13,942", "Total Equity Gross Minority Interest": "-13,803", "Total Capitalization": "-13,247", "Preferred Stock Equity": "990.667", "Common Stock Equity": "-14,237", "Capital Lease Obligations": "825.5", "Net Tangible Assets": "-13,247", "Working Capital": "-13,830", "Invested Capital": "-8,484", "Tangible Book Value": "-14,237", "Total Debt": "5,754", "Net Debt": "5,667", "Share Issued": "4,747", "Ordinary Shares Number": "4,747"}}, "cf": {"TTM": {"Duration": "TTM", "Operating Cash Flow": "-2,256", "Investing Cash Flow": "-1", "Financing Cash Flow": "2,344", "End Cash Position": "162", "Income Tax Paid Supplemental Data": "0", "Interest Paid Supplemental Data": "85", "Capital Expenditure": "-1", "Issuance of Capital Stock": "976", "Issuance of Debt": "1,739", "Repayment of Debt": "-371", "Free Cash Flow": "-2,257"}, "12/31/2020": {"Duration": "12/31/2020", "Operating Cash Flow": "-2,256", "Investing Cash Flow": "-1", "Financing Cash Flow": "2,344", "End Cash Position": "162", "Income Tax Paid Supplemental Data": "0", "Interest Paid Supplemental Data": "85", "Capital Expenditure": "-1", "Issuance of Capital Stock": "976", "Issuance of Debt": "1,739", "Repayment of Debt": "-371", "Free Cash Flow": "-2,257"}, "12/31/2019": {"Duration": "12/31/2019", "Operating Cash Flow": "-1,384", "Investing Cash Flow": "-1.528", "Financing Cash Flow": "1,374", "End Cash Position": "74.648", "Income Tax Paid Supplemental Data": "0", "Interest Paid Supplemental Data": "0", "Capital Expenditure": "-1.528", "Issuance of Capital Stock": "-", "Issuance of Debt": "1,423", "Repayment of Debt": "-48.55", "Free Cash Flow": "-1,386"}, "12/31/2018": {"Duration": "12/31/2018", "Operating Cash Flow": "-2,024", "Investing Cash Flow": "-6.279", "Financing Cash Flow": "1,661", "End Cash Position": "86.16", "Income Tax Paid Supplemental Data": "0", "Interest Paid Supplemental Data": "5", "Capital Expenditure": "-6.279", "Issuance of Capital Stock": "0", "Issuance of Debt": "1,736", "Repayment of Debt": "-75", "Free Cash Flow": "-2,030"}}}}, {"TSRI": {"quote": {"03/26/2021": {"value": "8.93", "Market Cap": "17.521M", "Beta (5Y Monthly)": "1.11", "PE Ratio (TTM)": "N/A", "EPS (TTM)": "-0.40", "Earnings Date": "Jan 19, 2021", "Forward Dividend & Yield": "N/A (N/A)", "Ex-Dividend Date": "Jun 14, 2017", "1y Target Est": "N/A"}}, "fin": {"TTM": {"Duration": "TTM", "Total Revenue": "62,539", "Cost of Revenue": "52,195", "Gross Profit": "10,345", "Operating Expense": "10,497", "Operating Income": "-152.647", "Net Non Operating Interest Income Expense": "-196.385", "Other Income Expense": "4.208", "Pretax Income": "-344.824", "Tax Provision": "-235", "Net Income Common Stockholders": "-134.511", "Diluted NI Available to Com Stockholders": "-134.511", "Basic EPS": "-", "Diluted EPS": "-", "Basic Average Shares": "-", "Diluted Average Shares": "-", "Total Operating Income as Reported": "-152.647", "Total Expenses": "62,692", "Net Income from Continuing & Discontinued Operation": "-134.511", "Normalized Income": "-137.0358", "Interest Income": "-", "Interest Expense": "-", "Net Interest Income": "-196.385", "EBIT": "-132.658", "EBITDA": "-34.246", "Reconciled Cost of Revenue": "52,195", "Reconciled Depreciation": "98.412", "Net Income from Continuing Operation Net Minority Interest": "-134.511", "Total Unusual Items Excluding Goodwill": "4.208", "Total Unusual Items": "4.208", "Normalized EBITDA": "-38.454", "Tax Rate for Calcs": "0", "Tax Effect of Unusual Items": "1.6832"}, "5/31/2020": {"Duration": "5/31/2020", "Total Revenue": "59,121", "Cost of Revenue": "49,943", "Gross Profit": "9,178", "Operating Expense": "10,929", "Operating Income": "-1,751", "Net Non Operating Interest Income Expense": "-74.509", "Other Income Expense": "15.112", "Pretax Income": "-1,810", "Tax Provision": "-712", "Net Income Common Stockholders": "-1,126", "Diluted NI Available to Com Stockholders": "-1,126", "Basic EPS": "-0.57", "Diluted EPS": "-0.57", "Basic Average Shares": "1,962", "Diluted Average Shares": "1,962", "Total Operating Income as Reported": "-1,751", "Total Expenses": "60,872", "Net Income from Continuing & Discontinued Operation": "-1,126", "Normalized Income": "-1,136", "Interest Income": "4.877", "Interest Expense": "79.386", "Net Interest Income": "-74.509", "EBIT": "-1,731", "EBITDA": "-", "Reconciled Cost of Revenue": "49,943", "Reconciled Depreciation": "7.787", "Net Income from Continuing Operation Net Minority Interest": "-1,126", "Total Unusual Items Excluding Goodwill": "15.112", "Total Unusual Items": "15.112", "Normalized EBITDA": "-1,738", "Tax Rate for Calcs": "0", "Tax Effect of Unusual Items": "5.939"}, "5/31/2019": {"Duration": "5/31/2019", "Total Revenue": "63,340", "Cost of Revenue": "53,515", "Gross Profit": "9,825", "Operating Expense": "11,673", "Operating Income": "-1,848", "Net Non Operating Interest Income Expense": "22.309", "Other Income Expense": "-11.81", "Pretax Income": "-1,837", "Tax Provision": "-538", "Net Income Common Stockholders": "-1,336", "Diluted NI Available to Com Stockholders": "-1,336", "Basic EPS": "-0.68", "Diluted EPS": "-0.68", "Basic Average Shares": "1,962", "Diluted Average Shares": "1,962", "Total Operating Income as Reported": "-1,848", "Total Expenses": "65,188", "Net Income from Continuing & Discontinued Operation": "-1,336", "Normalized Income": "-1,328", "Interest Income": "22.309", "Interest Expense": "-", "Net Interest Income": "22.309", "EBIT": "-1,848", "EBITDA": "-", "Reconciled Cost of Revenue": "53,515", "Reconciled Depreciation": "11.586", "Net Income from Continuing Operation Net Minority Interest": "-1,336", "Total Unusual Items Excluding Goodwill": "-11.81", "Total Unusual Items": "-11.81", "Normalized EBITDA": "-1,824", "Tax Rate for Calcs": "0", "Tax Effect of Unusual Items": "-3.4603"}, "5/31/2018": {"Duration": "5/31/2018", "Total Revenue": "64,990", "Cost of Revenue": "54,609", "Gross Profit": "10,381", "Operating Expense": "9,472", "Operating Income": "909.377", "Net Non Operating Interest Income Expense": "12.381", "Other Income Expense": "15.272", "Pretax Income": "937.03", "Tax Provision": "381", "Net Income Common Stockholders": "486.208", "Diluted NI Available to Com Stockholders": "486.208", "Basic EPS": "0.25", "Diluted EPS": "0.25", "Basic Average Shares": "1,962", "Diluted Average Shares": "1,962", "Total Operating Income as Reported": "909.377", "Total Expenses": "64,081", "Net Income from Continuing & Discontinued Operation": "486.208", "Normalized Income": "475.0594", "Interest Income": "12.381", "Interest Expense": "-", "Net Interest Income": "12.381", "EBIT": "909.377", "EBITDA": "-", "Reconciled Cost of Revenue": "54,609", "Reconciled Depreciation": "14.339", "Net Income from Continuing Operation Net Minority Interest": "486.208", "Total Unusual Items Excluding Goodwill": "15.272", "Total Unusual Items": "15.272", "Normalized EBITDA": "908.444", "Tax Rate for Calcs": "0", "Tax Effect of Unusual Items": "4.1234"}}, "bs": {"5/31/2020": {"Duration": "5/31/2020", "Total Assets": "18,876", "Total Liabilities Net Minority Interest": "13,085", "Total Equity Gross Minority Interest": "5,790", "Total Capitalization": "12,421", "Common Stock Equity": "5,762", "Capital Lease Obligations": "381.208", "Net Tangible Assets": "5,762", "Working Capital": "12,239", "Invested Capital": "12,922", "Tangible Book Value": "5,762", "Total Debt": "7,542", "Share Issued": "3,114", "Ordinary Shares Number": "1,962", "Treasury Shares Number": "1,152"}, "5/31/2019": {"Duration": "5/31/2019", "Total Assets": "12,534", "Total Liabilities Net Minority Interest": "5,617", "Total Equity Gross Minority Interest": "6,917", "Total Capitalization": "6,888", "Common Stock Equity": "6,888", "Capital Lease Obligations": "-", "Net Tangible Assets": "6,888", "Working Capital": "6,225", "Invested Capital": "6,888", "Tangible Book Value": "6,888", "Total Debt": "-", "Share Issued": "3,114", "Ordinary Shares Number": "1,962", "Treasury Shares Number": "1,152"}, "5/31/2018": {"Duration": "5/31/2018", "Total Assets": "13,372", "Total Liabilities Net Minority Interest": "5,104", "Total Equity Gross Minority Interest": "8,269", "Total Capitalization": "8,224", "Common Stock Equity": "8,224", "Capital Lease Obligations": "-", "Net Tangible Assets": "8,224", "Working Capital": "8,113", "Invested Capital": "8,224", "Tangible Book Value": "8,224", "Total Debt": "-", "Share Issued": "3,114", "Ordinary Shares Number": "1,962", "Treasury Shares Number": "1,152"}}, "cf": {"TTM": {"Duration": "TTM", "Operating Cash Flow": "557.125", "Investing Cash Flow": "-3,143", "Financing Cash Flow": "5,747", "End Cash Position": "6,634", "Income Tax Paid Supplemental Data": "24", "Capital Expenditure": "-11.489", "Issuance of Debt": "-", "Free Cash Flow": "513.823"}, "5/31/2020": {"Duration": "5/31/2020", "Operating Cash Flow": "-1,567", "Investing Cash Flow": "470.524", "Financing Cash Flow": "7,132", "End Cash Position": "9,730", "Income Tax Paid Supplemental Data": "30", "Capital Expenditure": "-21.476", "Issuance of Debt": "7,160", "Free Cash Flow": "-1,589"}, "5/31/2019": {"Duration": "5/31/2019", "Operating Cash Flow": "-1,584", "Investing Cash Flow": "7.756", "Financing Cash Flow": "-52.7", "End Cash Position": "3,695", "Income Tax Paid Supplemental Data": "52", "Capital Expenditure": "-3.244", "Issuance of Debt": "-", "Free Cash Flow": "-1,587"}, "5/31/2018": {"Duration": "5/31/2018", "Operating Cash Flow": "1,131", "Investing Cash Flow": "477.585", "Financing Cash Flow": "-2,009", "End Cash Position": "5,323", "Income Tax Paid Supplemental Data": "286", "Capital Expenditure": "-21.415", "Issuance of Debt": "-", "Free Cash Flow": "1,109"}}}}, {"AVGG": {"quote": {"03/26/2021": {"value": "0.0070", "Market Cap": "147,039", "Beta (5Y Monthly)": "1.70", "PE Ratio (TTM)": "1.40", "EPS (TTM)": "0.0050", "Earnings Date": "N/A", "Forward Dividend & Yield": "N/A (N/A)", "Ex-Dividend Date": "N/A", "1y Target Est": "N/A"}}, "fin": {}, "bs": {}, "cf": {}}}, {"ALIF": {"quote": {"03/26/2021": {"value": "0.0380", "Market Cap": "4.138M", "Beta (5Y Monthly)": "N/A", "PE Ratio (TTM)": "0.42", "EPS (TTM)": "0.0900", "Earnings Date": "N/A", "Forward Dividend & Yield": "N/A (N/A)", "Ex-Dividend Date": "N/A", "1y Target Est": "N/A"}}, "fin": {}, "bs": {}, "cf": {}}}, {"AVRN": {"quote": {"03/26/2021": {"value": "0.0399", "Market Cap": "2.53M", "Beta (5Y Monthly)": "6.15", "PE Ratio (TTM)": "N/A", "EPS (TTM)": "-0.0020", "Earnings Date": "N/A", "Forward Dividend & Yield": "N/A (N/A)", "Ex-Dividend Date": "N/A", "1y Target Est": "N/A"}}, "fin": {"TTM": {"Duration": "TTM", "Total Revenue": "0", "Operating Expense": "97.78", "Operating Income": "-97.78", "Net Non Operating Interest Income Expense": "-29.302", "Other Income Expense": "17.659", "Pretax Income": "-109.423", "Net Income Common Stockholders": "-109.423", "Diluted NI Available to Com Stockholders": "-109.423", "Basic EPS": "-", "Diluted EPS": "-", "Basic Average Shares": "-", "Diluted Average Shares": "-", "Total Operating Income as Reported": "-97.78", "Total Expenses": "97.78", "Net Income from Continuing & Discontinued Operation": "-109.423", "Normalized Income": "-127.082", "Interest Expense": "29.302", "Net Interest Income": "-29.302", "EBIT": "-80.121", "EBITDA": "-80.121", "Net Income from Continuing Operation Net Minority Interest": "-109.423", "Total Unusual Items Excluding Goodwill": "17.659", "Total Unusual Items": "17.659", "Normalized EBITDA": "-97.78", "Tax Rate for Calcs": "0", "Tax Effect of Unusual Items": "0"}, "1/31/2019": {"Duration": "1/31/2019", "Total Revenue": "0", "Operating Expense": "97.78", "Operating Income": "-97.78", "Net Non Operating Interest Income Expense": "-29.302", "Other Income Expense": "17.659", "Pretax Income": "-109.423", "Net Income Common Stockholders": "-109.423", "Diluted NI Available to Com Stockholders": "-109.423", "Basic EPS": "-", "Diluted EPS": "-", "Basic Average Shares": "-", "Diluted Average Shares": "-", "Total Operating Income as Reported": "-97.78", "Total Expenses": "97.78", "Net Income from Continuing & Discontinued Operation": "-109.423", "Normalized Income": "-127.082", "Interest Expense": "29.302", "Net Interest Income": "-29.302", "EBIT": "-80.121", "EBITDA": "-", "Net Income from Continuing Operation Net Minority Interest": "-109.423", "Total Unusual Items Excluding Goodwill": "17.659", "Total Unusual Items": "17.659", "Normalized EBITDA": "-97.78", "Tax Rate for Calcs": "0", "Tax Effect of Unusual Items": "0"}}, "bs": {"1/31/2019": {"Duration": "1/31/2019", "Total Assets": "0", "Total Liabilities Net Minority Interest": "755.931", "Total Equity Gross Minority Interest": "-755.931", "Total Capitalization": "-755.931", "Common Stock Equity": "-755.931", "Net Tangible Assets": "-755.931", "Working Capital": "-755.931", "Invested Capital": "-497.135", "Tangible Book Value": "-755.931", "Total Debt": "258.796", "Net Debt": "258.796", "Share Issued": "63,397", "Ordinary Shares Number": "63,397"}}, "cf": {"TTM": {"Duration": "TTM", "Operating Cash Flow": "-43.85", "Financing Cash Flow": "43.85", "End Cash Position": "0", "Income Tax Paid Supplemental Data": "-", "Interest Paid Supplemental Data": "-", "Issuance of Debt": "43.85", "Free Cash Flow": "-43.85"}, "1/31/2019": {"Duration": "1/31/2019", "Operating Cash Flow": "-43.85", "Financing Cash Flow": "43.85", "End Cash Position": "0", "Income Tax Paid Supplemental Data": "-", "Interest Paid Supplemental Data": "-", "Issuance of Debt": "43.85", "Free Cash Flow": "-43.85"}}}}, {"MCAP": {"quote": {"03/26/2021": {"value": "0.0450", "Market Cap": "112,863", "Beta (5Y Monthly)": "2.08", "PE Ratio (TTM)": "N/A", "EPS (TTM)": "-0.2400", "Earnings Date": "N/A", "Forward Dividend & Yield": "0.01 (16.53%)", "Ex-Dividend Date": "Jun 08, 2017", "1y Target Est": "N/A"}}, "fin": {}, "bs": {}, "cf": {}}}, {"CICN": {"quote": {"03/26/2021": {"value": "0.0067", "Market Cap": "1.402M", "Beta (5Y Monthly)": "-0.87", "PE Ratio (TTM)": "N/A", "EPS (TTM)": "-0.0080", "Earnings Date": "N/A", "Forward Dividend & Yield": "N/A (N/A)", "Ex-Dividend Date": "N/A", "1y Target Est": "N/A"}}, "fin": {"TTM": {"Duration": "TTM", "Total Revenue": "1,300", "Cost of Revenue": "556", "Gross Profit": "744", "Operating Expense": "2,122", "Operating Income": "-1,378", "Net Non Operating Interest Income Expense": "-255", "Other Income Expense": "-", "Pretax Income": "-1,633", "Net Income Common Stockholders": "-1,633", "Diluted NI Available to Com Stockholders": "-1,633", "Basic EPS": "-", "Diluted EPS": "-", "Basic Average Shares": "-", "Diluted Average Shares": "-", "Total Operating Income as Reported": "-1,378", "Total Expenses": "2,678", "Net Income from Continuing & Discontinued Operation": "-1,633", "Normalized Income": "-1,633", "Interest Expense": "255", "Net Interest Income": "-255", "EBIT": "-1,378", "EBITDA": "-1,374", "Reconciled Cost of Revenue": "556", "Reconciled Depreciation": "4", "Net Income from Continuing Operation Net Minority Interest": "-1,633", "Total Unusual Items Excluding Goodwill": "-", "Total Unusual Items": "-", "Normalized EBITDA": "-1,374", "Tax Rate for Calcs": "0", "Tax Effect of Unusual Items": "0"}, "12/31/2019": {"Duration": "12/31/2019", "Total Revenue": "1,536", "Cost of Revenue": "597", "Gross Profit": "939", "Operating Expense": "2,288", "Operating Income": "-1,349", "Net Non Operating Interest Income Expense": "-260", "Other Income Expense": "-", "Pretax Income": "-1,609", "Net Income Common Stockholders": "-1,609", "Diluted NI Available to Com Stockholders": "-1,609", "Basic EPS": "-0.01", "Diluted EPS": "-0.01", "Basic Average Shares": "207,976", "Diluted Average Shares": "207,976", "Total Operating Income as Reported": "-1,349", "Total Expenses": "2,885", "Net Income from Continuing & Discontinued Operation": "-1,609", "Normalized Income": "-1,609", "Interest Expense": "260", "Net Interest Income": "-260", "EBIT": "-1,349", "EBITDA": "-", "Reconciled Cost of Revenue": "597", "Reconciled Depreciation": "4", "Net Income from Continuing Operation Net Minority Interest": "-1,609", "Total Unusual Items Excluding Goodwill": "-", "Total Unusual Items": "-", "Normalized EBITDA": "-1,345", "Tax Rate for Calcs": "0", "Tax Effect of Unusual Items": "0"}, "12/31/2018": {"Duration": "12/31/2018", "Total Revenue": "845", "Cost of Revenue": "566", "Gross Profit": "279", "Operating Expense": "2,142", "Operating Income": "-1,863", "Net Non Operating Interest Income Expense": "-330", "Other Income Expense": "128", "Pretax Income": "-2,065", "Net Income Common Stockholders": "-2,065", "Diluted NI Available to Com Stockholders": "-2,065", "Basic EPS": "-0.01", "Diluted EPS": "-0.01", "Basic Average Shares": "207,914", "Diluted Average Shares": "207,914", "Total Operating Income as Reported": "-1,863", "Total Expenses": "2,708", "Net Income from Continuing & Discontinued Operation": "-2,065", "Normalized Income": "-2,065", "Interest Expense": "330", "Net Interest Income": "-330", "EBIT": "-1,735", "EBITDA": "-", "Reconciled Cost of Revenue": "566", "Reconciled Depreciation": "3", "Net Income from Continuing Operation Net Minority Interest": "-2,065", "Total Unusual Items Excluding Goodwill": "-", "Total Unusual Items": "-", "Normalized EBITDA": "-1,732", "Tax Rate for Calcs": "0", "Tax Effect of Unusual Items": "0"}}, "bs": {"12/31/2019": {"Duration": "12/31/2019", "Total Assets": "360", "Total Liabilities Net Minority Interest": "5,144", "Total Equity Gross Minority Interest": "-4,784", "Total Capitalization": "-4,320", "Common Stock Equity": "-4,784", "Net Tangible Assets": "-4,784", "Working Capital": "-4,389", "Invested Capital": "-2,393", "Tangible Book Value": "-4,784", "Total Debt": "2,391", "Net Debt": "2,374", "Share Issued": "208,019", "Ordinary Shares Number": "208,019", "Preferred Shares Number": "-"}, "12/31/2018": {"Duration": "12/31/2018", "Total Assets": "256", "Total Liabilities Net Minority Interest": "7,684", "Total Equity Gross Minority Interest": "-7,428", "Total Capitalization": "-3,452", "Common Stock Equity": "-7,428", "Net Tangible Assets": "-7,428", "Working Capital": "-3,458", "Invested Capital": "-3,041", "Tangible Book Value": "-7,428", "Total Debt": "4,387", "Net Debt": "4,290", "Share Issued": "207,914", "Ordinary Shares Number": "207,914", "Preferred Shares Number": "-"}}, "cf": {"TTM": {"Duration": "TTM", "Operating Cash Flow": "-1,637", "Investing Cash Flow": "-2", "Financing Cash Flow": "1,624", "End Cash Position": "45", "Income Tax Paid Supplemental Data": "-", "Interest Paid Supplemental Data": "-", "Capital Expenditure": "-", "Issuance of Debt": "1,814", "Repayment of Debt": "-190", "Free Cash Flow": "-1,639"}, "12/31/2019": {"Duration": "12/31/2019", "Operating Cash Flow": "-1,972", "Investing Cash Flow": "-4", "Financing Cash Flow": "1,896", "End Cash Position": "17", "Income Tax Paid Supplemental Data": "5", "Interest Paid Supplemental Data": "92", "Capital Expenditure": "-4", "Issuance of Debt": "1,955", "Repayment of Debt": "-59", "Free Cash Flow": "-1,976"}, "12/31/2018": {"Duration": "12/31/2018", "Operating Cash Flow": "-2,234", "Investing Cash Flow": "-2", "Financing Cash Flow": "2,277", "End Cash Position": "97", "Income Tax Paid Supplemental Data": "5", "Interest Paid Supplemental Data": "90", "Capital Expenditure": "-2", "Issuance of Debt": "2,402", "Repayment of Debt": "-125", "Free Cash Flow": "-2,236"}}}}, {"ENCC": {"quote": {"03/26/2021": {"value": "0.0015", "Market Cap": "390,298", "Beta (5Y Monthly)": "N/A", "PE Ratio (TTM)": "N/A", "EPS (TTM)": "N/A", "Earnings Date": "N/A", "Forward Dividend & Yield": "N/A (N/A)", "Ex-Dividend Date": "N/A", "1y Target Est": "N/A"}}, "fin": {}, "bs": {}, "cf": {}}}, {"IDGS": {"quote": {"03/26/2021": {"value": "", "Net Assets": "N/A", "Beta (5Y Monthly)": "N/A", "Yield": "N/A", "5y Average Return": "N/A", "Holdings Turnover": "N/A", "Last Dividend": "N/A", "Average for Category": "N/A", "Inception Date": "N/A"}}, "fin": {}, "bs": {}, "cf": {}}}, {"TCEHY": {"quote": {"03/27/2021": {"value": "80.98", "Market Cap": "764.897B", "Beta (5Y Monthly)": "0.54", "PE Ratio (TTM)": "31.94", "EPS (TTM)": "2.54", "Earnings Date": "N/A", "Forward Dividend & Yield": "0.21 (0.25%)", "Ex-Dividend Date": "May 21, 2021", "1y Target Est": "93.60"}}, "fin": {"TTM": {"Duration": "TTM", "Total Revenue": "482,064,000", "Cost of Revenue": "260,532,000", "Gross Profit": "221,532,000", "Operating Expense": "93,461,000", "Operating Income": "128,071,000", "Net Non Operating Interest Income Expense": "-492,000", "Pretax Income": "180,022,000", "Tax Provision": "19,897,000", "Net Income Common Stockholders": "159,847,000", "Average Dilution Earnings": "-403,000", "Diluted NI Available to Com Stockholders": "159,444,000", "Basic EPS": "-", "Diluted EPS": "-", "Basic Average Shares": "-", "Diluted Average Shares": "-", "Total Operating Income as Reported": "184,237,000", "Total Expenses": "353,993,000", "Net Income from Continuing & Discontinued Operation": "159,847,000", "Normalized Income": "120,796,359", "Interest Income": "6,957,000", "Interest Expense": "7,449,000", "Net Interest Income": "-492,000", "EBIT": "187,471,000", "EBITDA": "238,245,000", "Reconciled Cost of Revenue": "260,532,000", "Reconciled Depreciation": "44,673,000", "Net Income from Continuing Operation Net Minority Interest": "159,847,000", "Total Unusual Items Excluding Goodwill": "49,277,000", "Total Unusual Items": "54,057,000", "Normalized EBITDA": "184,188,000", "Tax Rate for Calcs": "0", "Tax Effect of Unusual Items": "5,446,359"}, "12/31/2020": {"Duration": "12/31/2020", "Total Revenue": "482,064,000", "Cost of Revenue": "260,532,000", "Gross Profit": "221,532,000", "Operating Expense": "93,461,000", "Operating Income": "128,071,000", "Net Non Operating Interest Income Expense": "-492,000", "Pretax Income": "180,022,000", "Tax Provision": "19,897,000", "Net Income Common Stockholders": "159,847,000", "Average Dilution Earnings": "-403,000", "Diluted NI Available to Com Stockholders": "159,444,000", "Basic EPS": "-", "Diluted EPS": "-", "Basic Average Shares": "-", "Diluted Average Shares": "-", "Total Operating Income as Reported": "184,237,000", "Total Expenses": "353,993,000", "Net Income from Continuing & Discontinued Operation": "159,847,000", "Normalized Income": "120,796,359", "Interest Income": "6,957,000", "Interest Expense": "7,449,000", "Net Interest Income": "-492,000", "EBIT": "187,471,000", "EBITDA": "-", "Reconciled Cost of Revenue": "260,532,000", "Reconciled Depreciation": "50,774,000", "Net Income from Continuing Operation Net Minority Interest": "159,847,000", "Total Unusual Items Excluding Goodwill": "49,277,000", "Total Unusual Items": "54,057,000", "Normalized EBITDA": "184,188,000", "Tax Rate for Calcs": "0", "Tax Effect of Unusual Items": "5,446,359"}, "12/31/2019": {"Duration": "12/31/2019", "Total Revenue": "377,289,000", "Cost of Revenue": "209,756,000", "Gross Profit": "167,533,000", "Operating Expense": "70,961,000", "Operating Income": "96,572,000", "Net Non Operating Interest Income Expense": "-1,376,000", "Pretax Income": "109,400,000", "Tax Provision": "13,512,000", "Net Income Common Stockholders": "93,310,000", "Average Dilution Earnings": "-708,000", "Diluted NI Available to Com Stockholders": "92,602,000", "Basic EPS": "9.86", "Diluted EPS": "9.64", "Basic Average Shares": "9,468,000", "Diluted Average Shares": "9,603,000", "Total Operating Income as Reported": "118,694,000", "Total Expenses": "280,717,000", "Net Income from Continuing & Discontinued Operation": "93,310,000", "Normalized Income": "80,343,208", "Interest Income": "6,314,000", "Interest Expense": "7,690,000", "Net Interest Income": "-1,376,000", "EBIT": "117,090,000", "EBITDA": "-", "Reconciled Cost of Revenue": "209,756,000", "Reconciled Depreciation": "44,673,000", "Net Income from Continuing Operation Net Minority Interest": "93,310,000", "Total Unusual Items Excluding Goodwill": "14,794,000", "Total Unusual Items": "14,794,000", "Normalized EBITDA": "146,969,000", "Tax Rate for Calcs": "0", "Tax Effect of Unusual Items": "1,827,208"}, "12/31/2018": {"Duration": "12/31/2018", "Total Revenue": "312,694,000", "Cost of Revenue": "170,574,000", "Gross Profit": "142,120,000", "Operating Expense": "64,109,000", "Operating Income": "78,011,000", "Net Non Operating Interest Income Expense": "-329,000", "Pretax Income": "94,466,000", "Tax Provision": "14,482,000", "Net Income Common Stockholders": "78,719,000", "Average Dilution Earnings": "-", "Diluted NI Available to Com Stockholders": "78,719,000", "Basic EPS": "8.34", "Diluted EPS": "8.23", "Basic Average Shares": "9,444,000", "Diluted Average Shares": "9,568,000", "Total Operating Income as Reported": "97,648,000", "Total Expenses": "234,683,000", "Net Income from Continuing & Discontinued Operation": "78,719,000", "Normalized Income": "66,541,816", "Interest Income": "4,569,000", "Interest Expense": "4,898,000", "Net Interest Income": "-329,000", "EBIT": "99,364,000", "EBITDA": "-", "Reconciled Cost of Revenue": "170,574,000", "Reconciled Depreciation": "34,248,000", "Net Income from Continuing Operation Net Minority Interest": "78,719,000", "Total Unusual Items Excluding Goodwill": "14,382,000", "Total Unusual Items": "14,382,000", "Normalized EBITDA": "119,230,000", "Tax Rate for Calcs": "0", "Tax Effect of Unusual Items": "2,204,816"}}, "bs": {"12/31/2020": {"Duration": "12/31/2020", "Total Assets": "1,333,425,000", "Total Liabilities Net Minority Interest": "555,382,000", "Total Equity Gross Minority Interest": "778,043,000", "Total Capitalization": "938,186,000", "Common Stock Equity": "703,984,000", "Capital Lease Obligations": "14,020,000", "Net Tangible Assets": "528,456,000", "Working Capital": "48,568,000", "Invested Capital": "952,428,000", "Tangible Book Value": "528,456,000", "Total Debt": "262,464,000", "Net Debt": "95,646,000", "Share Issued": "9,593,913", "Ordinary Shares Number": "9,593,913"}, "12/31/2019": {"Duration": "12/31/2019", "Total Assets": "953,986,000", "Total Liabilities Net Minority Interest": "465,162,000", "Total Equity Gross Minority Interest": "488,824,000", "Total Capitalization": "620,290,000", "Common Stock Equity": "432,706,000", "Capital Lease Obligations": "11,707,000", "Net Tangible Assets": "288,237,000", "Working Capital": "13,812,000", "Invested Capital": "653,519,000", "Tangible Book Value": "288,237,000", "Total Debt": "232,520,000", "Net Debt": "87,822,000", "Share Issued": "9,552,615", "Ordinary Shares Number": "9,552,615"}, "12/31/2018": {"Duration": "12/31/2018", "Total Assets": "723,521,000", "Total Liabilities Net Minority Interest": "367,314,000", "Total Equity Gross Minority Interest": "356,207,000", "Total Capitalization": "462,245,000", "Common Stock Equity": "323,510,000", "Capital Lease Obligations": "-", "Net Tangible Assets": "259,754,000", "Working Capital": "14,645,000", "Invested Capital": "502,799,000", "Tangible Book Value": "259,754,000", "Total Debt": "179,289,000", "Net Debt": "81,475,000", "Share Issued": "9,520,307", "Ordinary Shares Number": "9,520,307"}}, "cf": {"TTM": {"Duration": "TTM", "Operating Cash Flow": "194,119,000", "Investing Cash Flow": "-181,955,000", "Financing Cash Flow": "13,647,000", "End Cash Position": "152,798,000", "Capital Expenditure": "-56,988,000", "Issuance of Capital Stock": "272,000", "Issuance of Debt": "113,652,000", "Repayment of Debt": "-90,691,000", "Repurchase of Capital Stock": "-2,452,000", "Free Cash Flow": "127,520,000"}, "12/31/2020": {"Duration": "12/31/2020", "Operating Cash Flow": "194,119,000", "Investing Cash Flow": "-181,955,000", "Financing Cash Flow": "13,647,000", "End Cash Position": "152,798,000", "Capital Expenditure": "-66,599,000", "Issuance of Capital Stock": "1,716,000", "Issuance of Debt": "79,361,000", "Repayment of Debt": "-34,871,000", "Repurchase of Capital Stock": "-1,865,000", "Free Cash Flow": "127,520,000"}, "12/31/2019": {"Duration": "12/31/2019", "Operating Cash Flow": "148,590,000", "Investing Cash Flow": "-116,170,000", "Financing Cash Flow": "1,672,000", "End Cash Position": "132,991,000", "Capital Expenditure": "-56,988,000", "Issuance of Capital Stock": "272,000", "Issuance of Debt": "113,652,000", "Repayment of Debt": "-90,691,000", "Repurchase of Capital Stock": "-2,452,000", "Free Cash Flow": "91,602,000"}, "12/31/2018": {"Duration": "12/31/2018", "Operating Cash Flow": "106,443,000", "Investing Cash Flow": "-151,913,000", "Financing Cash Flow": "35,380,000", "End Cash Position": "97,814,000", "Capital Expenditure": "-54,061,000", "Issuance of Capital Stock": "525,000", "Issuance of Debt": "66,247,000", "Repayment of Debt": "-28,405,000", "Repurchase of Capital Stock": "-2,750,000", "Free Cash Flow": "52,382,000"}}}}, {"MAMS": {"fin": {}, "bs": {}, "cf": {}}}, {"OLBG": {"fin": {}, "bs": {}, "cf": {}}}, {"ITCC": {"fin": {}, "bs": {}, "cf": {}}}, {"CMXX": {"fin": {}, "bs": {}, "cf": {}}}]