[{"DAKT": {"quote": {"05/12/2021": {"value": "6.23", "Market Cap": "280.141M", "Beta (5Y Monthly)": "0.65", "PE Ratio (TTM)": "29.11", "EPS (TTM)": "0.21", "Earnings Date": "Jun 08, 2021 - Jun 14, 2021", "Forward Dividend & Yield": "N/A (N/A)", "Ex-Dividend Date": "Mar 06, 2020", "1y Target Est": "7.00"}}, "fin": {"TTM": {"Duration": "TTM", "Total Revenue": "491,258", "Cost of Revenue": "369,616", "Gross Profit": "121,642", "Operating Expense": "109,124", "Operating Income": "12,518", "Net Non Operating Interest Income Expense": "42", "Other Income Expense": "-2,266", "Pretax Income": "10,294", "Tax Provision": "704", "Net Income Common Stockholders": "9,590", "Diluted NI Available to Com Stockholders": "9,590", "Basic EPS": "-", "Diluted EPS": "-", "Basic Average Shares": "-", "Diluted Average Shares": "-", "Total Operating Income as Reported": "12,518", "Total Expenses": "478,740", "Net Income from Continuing & Discontinued Operation": "9,590", "Normalized Income": "9,590", "Interest Income": "344", "Interest Expense": "302", "Net Interest Income": "42", "EBIT": "10,596", "EBITDA": "27,965", "Reconciled Cost of Revenue": "369,616", "Reconciled Depreciation": "17,369", "Net Income from Continuing Operation Net Minority Interest": "9,590", "Total Unusual Items Excluding Goodwill": "-", "Total Unusual Items": "-", "Normalized EBITDA": "27,965", "Tax Rate for Calcs": "0", "Tax Effect of Unusual Items": "0"}, "4/30/2020": {"Duration": "4/30/2020", "Total Revenue": "608,932", "Cost of Revenue": "470,232", "Gross Profit": "138,700", "Operating Expense": "138,867", "Operating Income": "-167", "Net Non Operating Interest Income Expense": "699", "Other Income Expense": "-541", "Pretax Income": "-9", "Tax Provision": "-500", "Net Income Common Stockholders": "491", "Diluted NI Available to Com Stockholders": "491", "Basic EPS": "0.01", "Diluted EPS": "0.01", "Basic Average Shares": "45,031", "Diluted Average Shares": "45,316", "Total Operating Income as Reported": "-167", "Total Expenses": "609,099", "Net Income from Continuing & Discontinued Operation": "491", "Normalized Income": "339.89", "Interest Income": "805", "Interest Expense": "106", "Net Interest Income": "699", "EBIT": "97", "EBITDA": "-", "Reconciled Cost of Revenue": "470,232", "Reconciled Depreciation": "17,718", "Net Income from Continuing Operation Net Minority Interest": "491", "Total Unusual Items Excluding Goodwill": "207", "Total Unusual Items": "207", "Normalized EBITDA": "17,608", "Tax Rate for Calcs": "0", "Tax Effect of Unusual Items": "55.89"}, "4/30/2019": {"Duration": "4/30/2019", "Total Revenue": "569,704", "Cost of Revenue": "439,410", "Gross Profit": "130,294", "Operating Expense": "135,022", "Operating Income": "-4,728", "Net Non Operating Interest Income Expense": "871", "Other Income Expense": "-1,087", "Pretax Income": "-4,944", "Tax Provision": "-3,986", "Net Income Common Stockholders": "-958", "Diluted NI Available to Com Stockholders": "-958", "Basic EPS": "-0.02", "Diluted EPS": "-0.02", "Basic Average Shares": "44,926", "Diluted Average Shares": "44,926", "Total Operating Income as Reported": "-4,728", "Total Expenses": "574,432", "Net Income from Continuing & Discontinued Operation": "-958", "Normalized Income": "-766.74", "Interest Income": "1,031", "Interest Expense": "160", "Net Interest Income": "871", "EBIT": "-4,784", "EBITDA": "-", "Reconciled Cost of Revenue": "439,410", "Reconciled Depreciation": "18,635", "Net Income from Continuing Operation Net Minority Interest": "-958", "Total Unusual Items Excluding Goodwill": "-262", "Total Unusual Items": "-262", "Normalized EBITDA": "14,113", "Tax Rate for Calcs": "0", "Tax Effect of Unusual Items": "-70.74"}, "4/30/2018": {"Duration": "4/30/2018", "Total Revenue": "610,530", "Cost of Revenue": "464,861", "Gross Profit": "145,669", "Operating Expense": "133,209", "Operating Income": "12,460", "Net Non Operating Interest Income Expense": "506", "Other Income Expense": "-537", "Pretax Income": "12,429", "Tax Provision": "6,867", "Net Income Common Stockholders": "5,562", "Diluted NI Available to Com Stockholders": "5,562", "Basic EPS": "0.13", "Diluted EPS": "0.12", "Basic Average Shares": "44,457", "Diluted Average Shares": "44,873", "Total Operating Income as Reported": "12,460", "Total Expenses": "598,070", "Net Income from Continuing & Discontinued Operation": "5,562", "Normalized Income": "5,541", "Interest Income": "723", "Interest Expense": "217", "Net Interest Income": "506", "EBIT": "12,646", "EBITDA": "-", "Reconciled Cost of Revenue": "464,861", "Reconciled Depreciation": "17,784", "Net Income from Continuing Operation Net Minority Interest": "5,562", "Total Unusual Items Excluding Goodwill": "29", "Total Unusual Items": "29", "Normalized EBITDA": "30,401", "Tax Rate for Calcs": "0", "Tax Effect of Unusual Items": "7.83"}, "4/30/2017": {"Duration": "4/30/2017", "Total Revenue": "586,539", "Cost of Revenue": "446,124", "Gross Profit": "140,415", "Operating Expense": "124,994", "Operating Income": "15,421", "Net Non Operating Interest Income Expense": "521", "Other Income Expense": "-354", "Pretax Income": "15,588", "Tax Provision": "5,246", "Net Income Common Stockholders": "10,342", "Diluted NI Available to Com Stockholders": "10,342", "Basic EPS": "0.23", "Diluted EPS": "0.23", "Basic Average Shares": "44,114", "Diluted Average Shares": "44,303", "Total Operating Income as Reported": "15,421", "Total Expenses": "571,118", "Net Income from Continuing & Discontinued Operation": "10,342", "Normalized Income": "10,561", "Interest Income": "751", "Interest Expense": "230", "Net Interest Income": "521", "EBIT": "15,818", "EBITDA": "-", "Reconciled Cost of Revenue": "446,124", "Reconciled Depreciation": "18,562", "Net Income from Continuing Operation Net Minority Interest": "10,342", "Total Unusual Items Excluding Goodwill": "-331", "Total Unusual Items": "-331", "Normalized EBITDA": "34,711", "Tax Rate for Calcs": "0", "Tax Effect of Unusual Items": "-111.547"}, "4/30/2016": {"Duration": "4/30/2016", "Total Revenue": "570,168", "Cost of Revenue": "449,149", "Gross Profit": "121,019", "Operating Expense": "118,524", "Operating Income": "2,495", "Net Non Operating Interest Income Expense": "759", "Other Income Expense": "-128", "Pretax Income": "3,126", "Tax Provision": "1,065", "Net Income Common Stockholders": "2,061", "Diluted NI Available to Com Stockholders": "2,061", "Basic EPS": "0.05", "Diluted EPS": "0.05", "Basic Average Shares": "43,990", "Diluted Average Shares": "44,456", "Total Operating Income as Reported": "2,495", "Total Expenses": "567,673", "Net Income from Continuing & Discontinued Operation": "2,061", "Normalized Income": "2,276", "Interest Income": "987", "Interest Expense": "228", "Net Interest Income": "759", "EBIT": "3,354", "EBITDA": "-", "Reconciled Cost of Revenue": "449,149", "Reconciled Depreciation": "16,856", "Net Income from Continuing Operation Net Minority Interest": "2,061", "Total Unusual Items Excluding Goodwill": "-326", "Total Unusual Items": "-326", "Normalized EBITDA": "20,536", "Tax Rate for Calcs": "0", "Tax Effect of Unusual Items": "-111.166"}, "4/30/2015": {"Duration": "4/30/2015", "Total Revenue": "615,942", "Cost of Revenue": "471,363", "Gross Profit": "144,579", "Operating Expense": "113,294", "Operating Income": "31,285", "Net Non Operating Interest Income Expense": "896", "Other Income Expense": "-498", "Pretax Income": "31,683", "Tax Provision": "10,801", "Net Income Common Stockholders": "20,882", "Diluted NI Available to Com Stockholders": "20,882", "Basic EPS": "0.48", "Diluted EPS": "0.47", "Basic Average Shares": "43,514", "Diluted Average Shares": "44,443", "Total Operating Income as Reported": "31,285", "Total Expenses": "584,657", "Net Income from Continuing & Discontinued Operation": "20,882", "Normalized Income": "21,221", "Interest Income": "1,119", "Interest Expense": "223", "Net Interest Income": "896", "EBIT": "31,906", "EBITDA": "-", "Reconciled Cost of Revenue": "471,363", "Reconciled Depreciation": "14,968", "Net Income from Continuing Operation Net Minority Interest": "20,882", "Total Unusual Items Excluding Goodwill": "-514", "Total Unusual Items": "-514", "Normalized EBITDA": "47,388", "Tax Rate for Calcs": "0", "Tax Effect of Unusual Items": "-175.274"}, "4/30/2014": {"Duration": "4/30/2014", "Total Revenue": "551,970", "Cost of Revenue": "410,260", "Gross Profit": "141,710", "Operating Expense": "105,153", "Operating Income": "36,557", "Net Non Operating Interest Income Expense": "1,039", "Other Income Expense": "-355", "Pretax Income": "37,241", "Tax Provision": "15,035", "Net Income Common Stockholders": "22,206", "Diluted NI Available to Com Stockholders": "22,206", "Basic EPS": "0.52", "Diluted EPS": "0.51", "Basic Average Shares": "42,886", "Diluted Average Shares": "43,762", "Total Operating Income as Reported": "36,557", "Total Expenses": "515,413", "Net Income from Continuing & Discontinued Operation": "22,206", "Normalized Income": "22,381", "Interest Income": "1,294", "Interest Expense": "255", "Net Interest Income": "1,039", "EBIT": "37,496", "EBITDA": "-", "Reconciled Cost of Revenue": "410,260", "Reconciled Depreciation": "14,501", "Net Income from Continuing Operation Net Minority Interest": "22,206", "Total Unusual Items Excluding Goodwill": "-292", "Total Unusual Items": "-292", "Normalized EBITDA": "52,289", "Tax Rate for Calcs": "0", "Tax Effect of Unusual Items": "-116.8"}, "4/30/2013": {"Duration": "4/30/2013", "Total Revenue": "518,322", "Cost of Revenue": "384,428", "Gross Profit": "133,894", "Operating Expense": "103,294", "Operating Income": "30,600", "Net Non Operating Interest Income Expense": "1,168", "Other Income Expense": "-839", "Pretax Income": "30,929", "Tax Provision": "8,150", "Net Income Common Stockholders": "22,779", "Diluted NI Available to Com Stockholders": "22,779", "Basic EPS": "0.54", "Diluted EPS": "0.53", "Basic Average Shares": "42,280", "Diluted Average Shares": "42,621", "Total Operating Income as Reported": "30,600", "Total Expenses": "487,722", "Net Income from Continuing & Discontinued Operation": "22,779", "Normalized Income": "23,014", "Interest Income": "1,523", "Interest Expense": "355", "Net Interest Income": "1,168", "EBIT": "31,284", "EBITDA": "-", "Reconciled Cost of Revenue": "384,428", "Reconciled Depreciation": "15,607", "Net Income from Continuing Operation Net Minority Interest": "22,779", "Total Unusual Items Excluding Goodwill": "-319", "Total Unusual Items": "-319", "Normalized EBITDA": "47,210", "Tax Rate for Calcs": "0", "Tax Effect of Unusual Items": "-84.216"}, "4/30/2012": {"Duration": "4/30/2012", "Total Revenue": "489,526", "Cost of Revenue": "376,089", "Gross Profit": "113,437", "Operating Expense": "103,162", "Operating Income": "10,275", "Net Non Operating Interest Income Expense": "1,412", "Other Income Expense": "-110", "Pretax Income": "11,577", "Tax Provision": "3,088", "Net Income Common Stockholders": "8,489", "Diluted NI Available to Com Stockholders": "8,489", "Basic EPS": "0.20", "Diluted EPS": "0.20", "Basic Average Shares": "41,869", "Diluted Average Shares": "42,304", "Total Operating Income as Reported": "10,275", "Total Expenses": "479,251", "Net Income from Continuing & Discontinued Operation": "8,489", "Normalized Income": "8,570", "Interest Income": "1,747", "Interest Expense": "335", "Net Interest Income": "1,412", "EBIT": "11,912", "EBITDA": "-", "Reconciled Cost of Revenue": "376,089", "Reconciled Depreciation": "17,518", "Net Income from Continuing Operation Net Minority Interest": "8,489", "Total Unusual Items Excluding Goodwill": "-110", "Total Unusual Items": "-110", "Normalized EBITDA": "29,540", "Tax Rate for Calcs": "0", "Tax Effect of Unusual Items": "-29.3409"}, "4/30/2011": {"Duration": "4/30/2011", "Total Revenue": "441,676", "Cost of Revenue": "330,192", "Gross Profit": "111,484", "Operating Expense": "91,957", "Operating Income": "19,527", "Net Non Operating Interest Income Expense": "1,737", "Other Income Expense": "877", "Pretax Income": "22,141", "Tax Provision": "7,897", "Net Income Common Stockholders": "14,244", "Diluted NI Available to Com Stockholders": "14,244", "Basic EPS": "0.34", "Diluted EPS": "0.34", "Basic Average Shares": "41,422", "Diluted Average Shares": "42,277", "Total Operating Income as Reported": "19,527", "Total Expenses": "422,149", "Net Income from Continuing & Discontinued Operation": "14,244", "Normalized Income": "13,680", "Interest Income": "1,921", "Interest Expense": "184", "Net Interest Income": "1,737", "EBIT": "22,325", "EBITDA": "-", "Reconciled Cost of Revenue": "330,192", "Reconciled Depreciation": "19,641", "Net Income from Continuing Operation Net Minority Interest": "14,244", "Total Unusual Items Excluding Goodwill": "877", "Total Unusual Items": "877", "Normalized EBITDA": "41,089", "Tax Rate for Calcs": "0", "Tax Effect of Unusual Items": "312.7984"}, "4/30/2010": {"Duration": "4/30/2010", "Total Revenue": "393,185", "Cost of Revenue": "298,629", "Gross Profit": "94,556", "Operating Expense": "101,372", "Operating Income": "-6,816", "Net Non Operating Interest Income Expense": "1,344", "Other Income Expense": "-2,670", "Pretax Income": "-8,142", "Tax Provision": "-1,153", "Net Income Common Stockholders": "-6,989", "Diluted NI Available to Com Stockholders": "-6,989", "Basic EPS": "-0.17", "Diluted EPS": "-0.17", "Basic Average Shares": "40,908", "Diluted Average Shares": "40,908", "Total Operating Income as Reported": "-6,730", "Total Expenses": "400,001", "Net Income from Continuing & Discontinued Operation": "-6,989", "Normalized Income": "-4,697", "Interest Income": "1,514", "Interest Expense": "170", "Net Interest Income": "1,344", "EBIT": "-7,972", "EBITDA": "-", "Reconciled Cost of Revenue": "298,629", "Reconciled Depreciation": "22,260", "Net Income from Continuing Operation Net Minority Interest": "-6,989", "Total Unusual Items Excluding Goodwill": "-2,670", "Total Unusual Items": "-2,670", "Normalized EBITDA": "16,958", "Tax Rate for Calcs": "0", "Tax Effect of Unusual Items": "-378.1024"}, "4/30/2009": {"Duration": "4/30/2009", "Total Revenue": "581,931", "Cost of Revenue": "426,573", "Gross Profit": "155,358", "Operating Expense": "112,741", "Operating Income": "42,617", "Net Non Operating Interest Income Expense": "1,824", "Other Income Expense": "-2,888", "Pretax Income": "41,553", "Tax Provision": "15,125", "Net Income Common Stockholders": "26,428", "Diluted NI Available to Com Stockholders": "26,428", "Basic EPS": "0.65", "Diluted EPS": "0.64", "Basic Average Shares": "40,537", "Diluted Average Shares": "41,152", "Total Operating Income as Reported": "42,617", "Total Expenses": "539,314", "Net Income from Continuing & Discontinued Operation": "26,428", "Normalized Income": "28,265", "Interest Income": "2,068", "Interest Expense": "244", "Net Interest Income": "1,824", "EBIT": "41,797", "EBITDA": "-", "Reconciled Cost of Revenue": "426,573", "Reconciled Depreciation": "24,448", "Net Income from Continuing Operation Net Minority Interest": "26,428", "Total Unusual Items Excluding Goodwill": "-2,888", "Total Unusual Items": "-2,888", "Normalized EBITDA": "69,133", "Tax Rate for Calcs": "0", "Tax Effect of Unusual Items": "-1,051"}, "4/30/2008": {"Duration": "4/30/2008", "Total Revenue": "499,677", "Cost of Revenue": "352,087", "Gross Profit": "147,590", "Operating Expense": "109,347", "Operating Income": "38,243", "Net Non Operating Interest Income Expense": "-", "Other Income Expense": "1,049", "Pretax Income": "39,626", "Tax Provision": "13,413", "Net Income Common Stockholders": "26,213", "Diluted NI Available to Com Stockholders": "26,213", "Basic EPS": "0.66", "Diluted EPS": "0.63", "Basic Average Shares": "39,918", "Diluted Average Shares": "41,337", "Total Operating Income as Reported": "38,243", "Total Expenses": "461,434", "Net Income from Continuing & Discontinued Operation": "26,213", "Normalized Income": "25,519", "Interest Income": "-", "Interest Expense": "-", "Net Interest Income": "-", "EBIT": "38,243", "EBITDA": "-", "Reconciled Cost of Revenue": "352,087", "Reconciled Depreciation": "21,121", "Net Income from Continuing Operation Net Minority Interest": "26,213", "Total Unusual Items Excluding Goodwill": "1,049", "Total Unusual Items": "1,049", "Normalized EBITDA": "58,315", "Tax Rate for Calcs": "0", "Tax Effect of Unusual Items": "355.0759"}, "4/30/2007": {"Duration": "4/30/2007", "Total Revenue": "433,201", "Cost of Revenue": "306,604", "Gross Profit": "126,597", "Operating Expense": "89,682", "Operating Income": "36,915", "Net Non Operating Interest Income Expense": "-", "Other Income Expense": "-1,219", "Pretax Income": "36,782", "Tax Provision": "12,355", "Net Income Common Stockholders": "24,427", "Diluted NI Available to Com Stockholders": "24,427", "Basic EPS": "0.62", "Diluted EPS": "0.59", "Basic Average Shares": "39,223", "Diluted Average Shares": "41,311", "Total Operating Income as Reported": "36,915", "Total Expenses": "396,286", "Net Income from Continuing & Discontinued Operation": "24,427", "Normalized Income": "23,890", "Interest Income": "-", "Interest Expense": "-", "Net Interest Income": "-", "EBIT": "36,915", "EBITDA": "-", "Reconciled Cost of Revenue": "306,604", "Reconciled Depreciation": "13,801", "Net Income from Continuing Operation Net Minority Interest": "24,427", "Total Unusual Items Excluding Goodwill": "808", "Total Unusual Items": "808", "Normalized EBITDA": "49,908", "Tax Rate for Calcs": "0", "Tax Effect of Unusual Items": "271.4056"}, "4/30/2006": {"Duration": "4/30/2006", "Total Revenue": "309,370", "Cost of Revenue": "215,296", "Gross Profit": "94,074", "Operating Expense": "62,259", "Operating Income": "31,815", "Net Non Operating Interest Income Expense": "-", "Other Income Expense": "152", "Pretax Income": "33,669", "Tax Provision": "12,708", "Net Income Common Stockholders": "20,961", "Diluted NI Available to Com Stockholders": "20,961", "Basic EPS": "0.54", "Diluted EPS": "0.52", "Basic Average Shares": "38,636", "Diluted Average Shares": "40,506", "Total Operating Income as Reported": "31,815", "Total Expenses": "277,555", "Net Income from Continuing & Discontinued Operation": "20,961", "Normalized Income": "20,866", "Interest Income": "-", "Interest Expense": "-", "Net Interest Income": "-", "EBIT": "31,815", "EBITDA": "-", "Reconciled Cost of Revenue": "215,296", "Reconciled Depreciation": "8,970", "Net Income from Continuing Operation Net Minority Interest": "20,961", "Total Unusual Items Excluding Goodwill": "152", "Total Unusual Items": "152", "Normalized EBITDA": "40,633", "Tax Rate for Calcs": "0", "Tax Effect of Unusual Items": "57.3708"}, "4/30/2005": {"Duration": "4/30/2005", "Total Revenue": "230,346", "Cost of Revenue": "157,137", "Gross Profit": "73,209", "Operating Expense": "53,773", "Operating Income": "19,436", "Net Non Operating Interest Income Expense": "-", "Other Income Expense": "768", "Pretax Income": "21,446", "Tax Provision": "5,786", "Net Income Common Stockholders": "15,660", "Diluted NI Available to Com Stockholders": "15,660", "Basic EPS": "0.41", "Diluted EPS": "0.39", "Basic Average Shares": "37,735", "Diluted Average Shares": "40,154", "Total Operating Income as Reported": "19,436", "Total Expenses": "210,910", "Net Income from Continuing & Discontinued Operation": "15,660", "Normalized Income": "15,099", "Interest Income": "-", "Interest Expense": "-", "Net Interest Income": "-", "EBIT": "19,436", "EBITDA": "-", "Reconciled Cost of Revenue": "157,137", "Reconciled Depreciation": "7,427", "Net Income from Continuing Operation Net Minority Interest": "15,660", "Total Unusual Items Excluding Goodwill": "768", "Total Unusual Items": "768", "Normalized EBITDA": "26,095", "Tax Rate for Calcs": "0", "Tax Effect of Unusual Items": "207.2017"}, "4/30/2004": {"Duration": "4/30/2004", "Total Revenue": "209,907", "Cost of Revenue": "137,436", "Gross Profit": "72,471", "Operating Expense": "44,941", "Operating Income": "27,530", "Net Non Operating Interest Income Expense": "-", "Other Income Expense": "586", "Pretax Income": "28,652", "Tax Provision": "10,907", "Net Income Common Stockholders": "17,727", "Diluted NI Available to Com Stockholders": "17,727", "Basic EPS": "0.47", "Diluted EPS": "0.45", "Basic Average Shares": "37,320", "Diluted Average Shares": "39,836", "Total Operating Income as Reported": "27,530", "Total Expenses": "182,377", "Net Income from Continuing & Discontinued Operation": "17,727", "Normalized Income": "17,364", "Interest Income": "-", "Interest Expense": "-", "Net Interest Income": "-", "EBIT": "27,530", "EBITDA": "-", "Reconciled Cost of Revenue": "137,436", "Reconciled Depreciation": "6,389", "Net Income from Continuing Operation Net Minority Interest": "17,727", "Total Unusual Items Excluding Goodwill": "586", "Total Unusual Items": "586", "Normalized EBITDA": "33,333", "Tax Rate for Calcs": "0", "Tax Effect of Unusual Items": "223.0735"}, "4/30/2003": {"Duration": "4/30/2003", "Total Revenue": "177,764", "Cost of Revenue": "118,633", "Gross Profit": "59,131", "Operating Expense": "39,306", "Operating Income": "19,825", "Net Non Operating Interest Income Expense": "-", "Other Income Expense": "974", "Pretax Income": "20,596", "Tax Provision": "8,107", "Net Income Common Stockholders": "12,458", "Diluted NI Available to Com Stockholders": "12,458", "Basic EPS": "0.34", "Diluted EPS": "0.32", "Basic Average Shares": "36,641", "Diluted Average Shares": "38,931", "Total Operating Income as Reported": "19,825", "Total Expenses": "157,939", "Net Income from Continuing & Discontinued Operation": "12,458", "Normalized Income": "11,867", "Interest Income": "-", "Interest Expense": "-", "Net Interest Income": "-", "EBIT": "19,825", "EBITDA": "-", "Reconciled Cost of Revenue": "118,633", "Reconciled Depreciation": "5,928", "Net Income from Continuing Operation Net Minority Interest": "12,458", "Total Unusual Items Excluding Goodwill": "974", "Total Unusual Items": "974", "Normalized EBITDA": "24,779", "Tax Rate for Calcs": "0", "Tax Effect of Unusual Items": "383.386"}, "4/30/2002": {"Duration": "4/30/2002", "Total Revenue": "148,773", "Cost of Revenue": "103,741", "Gross Profit": "45,032", "Operating Expense": "35,929", "Operating Income": "9,103", "Net Non Operating Interest Income Expense": "-", "Other Income Expense": "-242", "Pretax Income": "8,142", "Tax Provision": "3,245", "Net Income Common Stockholders": "4,892", "Diluted NI Available to Com Stockholders": "4,892", "Basic EPS": "0.14", "Diluted EPS": "0.12", "Basic Average Shares": "36,237", "Diluted Average Shares": "39,136", "Total Operating Income as Reported": "9,103", "Total Expenses": "139,670", "Net Income from Continuing & Discontinued Operation": "4,892", "Normalized Income": "5,038", "Interest Income": "-", "Interest Expense": "-", "Net Interest Income": "-", "EBIT": "9,103", "EBITDA": "-", "Reconciled Cost of Revenue": "103,741", "Reconciled Depreciation": "5,178", "Net Income from Continuing Operation Net Minority Interest": "4,892", "Total Unusual Items Excluding Goodwill": "-242", "Total Unusual Items": "-242", "Normalized EBITDA": "14,523", "Tax Rate for Calcs": "0", "Tax Effect of Unusual Items": "-96.4493"}, "4/30/2001": {"Duration": "4/30/2001", "Total Revenue": "152,331", "Cost of Revenue": "103,550", "Gross Profit": "48,781", "Operating Expense": "34,330", "Operating Income": "14,451", "Net Non Operating Interest Income Expense": "-", "Other Income Expense": "346", "Pretax Income": "13,965", "Tax Provision": "5,275", "Net Income Common Stockholders": "8,685", "Diluted NI Available to Com Stockholders": "8,685", "Basic EPS": "0.24", "Diluted EPS": "0.23", "Basic Average Shares": "35,449", "Diluted Average Shares": "37,761", "Total Operating Income as Reported": "10,891", "Total Expenses": "137,880", "Net Income from Continuing & Discontinued Operation": "8,685", "Normalized Income": "8,470", "Interest Income": "-", "Interest Expense": "-", "Net Interest Income": "-", "EBIT": "14,451", "EBITDA": "-", "Reconciled Cost of Revenue": "103,041", "Reconciled Depreciation": "4,069", "Net Income from Continuing Operation Net Minority Interest": "8,685", "Total Unusual Items Excluding Goodwill": "346", "Total Unusual Items": "346", "Normalized EBITDA": "18,174", "Tax Rate for Calcs": "0", "Tax Effect of Unusual Items": "130.6946"}, "4/30/2000": {"Duration": "4/30/2000", "Total Revenue": "123,350", "Cost of Revenue": "86,312", "Gross Profit": "37,038", "Operating Expense": "27,327", "Operating Income": "9,711", "Net Non Operating Interest Income Expense": "-", "Other Income Expense": "632", "Pretax Income": "9,958", "Tax Provision": "3,734", "Net Income Common Stockholders": "6,224", "Diluted NI Available to Com Stockholders": "6,224", "Basic EPS": "0.18", "Diluted EPS": "0.17", "Basic Average Shares": "35,065", "Diluted Average Shares": "36,612", "Total Operating Income as Reported": "9,711", "Total Expenses": "113,639", "Net Income from Continuing & Discontinued Operation": "6,224", "Normalized Income": "5,829", "Interest Income": "-", "Interest Expense": "-", "Net Interest Income": "-", "EBIT": "9,711", "EBITDA": "-", "Reconciled Cost of Revenue": "86,312", "Reconciled Depreciation": "3,007", "Net Income from Continuing Operation Net Minority Interest": "6,224", "Total Unusual Items Excluding Goodwill": "632", "Total Unusual Items": "632", "Normalized EBITDA": "12,086", "Tax Rate for Calcs": "0", "Tax Effect of Unusual Items": "236.9841"}, "4/30/1999": {"Duration": "4/30/1999", "Total Revenue": "95,900", "Cost of Revenue": "67,700", "Gross Profit": "28,200", "Operating Expense": "21,400", "Operating Income": "6,800", "Net Non Operating Interest Income Expense": "-", "Other Income Expense": "800", "Pretax Income": "6,600", "Tax Provision": "2,400", "Net Income Common Stockholders": "4,200", "Diluted NI Available to Com Stockholders": "4,200", "Basic EPS": "0.12", "Diluted EPS": "0.12", "Basic Average Shares": "34,639", "Diluted Average Shares": "35,745", "Total Operating Income as Reported": "6,800", "Total Expenses": "89,100", "Net Income from Continuing & Discontinued Operation": "4,200", "Normalized Income": "3,691", "Interest Income": "-", "Interest Expense": "-", "Net Interest Income": "-", "EBIT": "6,800", "EBITDA": "-", "Reconciled Cost of Revenue": "67,700", "Reconciled Depreciation": "2,300", "Net Income from Continuing Operation Net Minority Interest": "4,200", "Total Unusual Items Excluding Goodwill": "800", "Total Unusual Items": "800", "Normalized EBITDA": "8,300", "Tax Rate for Calcs": "0", "Tax Effect of Unusual Items": "290.9091"}, "4/30/1998": {"Duration": "4/30/1998", "Total Revenue": "69,900", "Cost of Revenue": "48,100", "Gross Profit": "21,800", "Operating Expense": "16,800", "Operating Income": "5,000", "Net Non Operating Interest Income Expense": "-", "Other Income Expense": "800", "Pretax Income": "5,400", "Tax Provision": "2,000", "Net Income Common Stockholders": "3,400", "Diluted NI Available to Com Stockholders": "3,400", "Basic EPS": "0.10", "Diluted EPS": "0.10", "Basic Average Shares": "34,430", "Diluted Average Shares": "34,872", "Total Operating Income as Reported": "5,000", "Total Expenses": "64,900", "Net Income from Continuing & Discontinued Operation": "3,400", "Normalized Income": "2,896", "Interest Income": "-", "Interest Expense": "-", "Net Interest Income": "-", "EBIT": "5,000", "EBITDA": "-", "Reconciled Cost of Revenue": "48,100", "Reconciled Depreciation": "2,100", "Net Income from Continuing Operation Net Minority Interest": "3,400", "Total Unusual Items Excluding Goodwill": "800", "Total Unusual Items": "800", "Normalized EBITDA": "6,300", "Tax Rate for Calcs": "0", "Tax Effect of Unusual Items": "296.2963"}, "4/30/1997": {"Duration": "4/30/1997", "Total Revenue": "62,600", "Cost of Revenue": "44,700", "Gross Profit": "17,900", "Operating Expense": "15,500", "Operating Income": "2,400", "Net Non Operating Interest Income Expense": "-", "Other Income Expense": "700", "Pretax Income": "2,500", "Tax Provision": "1,000", "Net Income Common Stockholders": "1,500", "Diluted NI Available to Com Stockholders": "1,500", "Basic EPS": "0.04", "Diluted EPS": "0.04", "Basic Average Shares": "34,286", "Diluted Average Shares": "34,286", "Total Operating Income as Reported": "2,400", "Total Expenses": "60,200", "Net Income from Continuing & Discontinued Operation": "1,500", "Normalized Income": "1,080", "Interest Income": "-", "Interest Expense": "-", "Net Interest Income": "-", "EBIT": "2,400", "EBITDA": "-", "Reconciled Cost of Revenue": "44,700", "Reconciled Depreciation": "2,100", "Net Income from Continuing Operation Net Minority Interest": "1,500", "Total Unusual Items Excluding Goodwill": "700", "Total Unusual Items": "700", "Normalized EBITDA": "3,800", "Tax Rate for Calcs": "0", "Tax Effect of Unusual Items": "280"}, "4/30/1996": {"Duration": "4/30/1996", "Total Revenue": "52,500", "Cost of Revenue": "39,500", "Gross Profit": "13,000", "Operating Expense": "13,300", "Operating Income": "-300", "Net Non Operating Interest Income Expense": "-", "Other Income Expense": "600", "Pretax Income": "-400", "Tax Provision": "-200", "Net Income Common Stockholders": "-200", "Diluted NI Available to Com Stockholders": "-200", "Basic EPS": "-0.01", "Diluted EPS": "-0.01", "Basic Average Shares": "26,667", "Diluted Average Shares": "26,667", "Total Operating Income as Reported": "-300", "Total Expenses": "52,800", "Net Income from Continuing & Discontinued Operation": "-200", "Normalized Income": "-560", "Interest Income": "-", "Interest Expense": "-", "Net Interest Income": "-", "EBIT": "-300", "EBITDA": "-", "Reconciled Cost of Revenue": "39,500", "Reconciled Depreciation": "1,800", "Net Income from Continuing Operation Net Minority Interest": "-200", "Total Unusual Items Excluding Goodwill": "600", "Total Unusual Items": "600", "Normalized EBITDA": "900", "Tax Rate for Calcs": "0", "Tax Effect of Unusual Items": "240"}, "4/30/1995": {"Duration": "4/30/1995", "Total Revenue": "41,900", "Cost of Revenue": "29,100", "Gross Profit": "12,800", "Operating Expense": "11,600", "Operating Income": "1,200", "Net Non Operating Interest Income Expense": "-", "Other Income Expense": "500", "Pretax Income": "1,600", "Tax Provision": "600", "Net Income Common Stockholders": "1,000", "Diluted NI Available to Com Stockholders": "1,000", "Basic EPS": "0.03", "Diluted EPS": "0.03", "Basic Average Shares": "33,333", "Diluted Average Shares": "33,333", "Total Operating Income as Reported": "1,200", "Total Expenses": "40,700", "Net Income from Continuing & Discontinued Operation": "1,000", "Normalized Income": "687.5", "Interest Income": "-", "Interest Expense": "-", "Net Interest Income": "-", "EBIT": "1,200", "EBITDA": "-", "Reconciled Cost of Revenue": "29,100", "Reconciled Depreciation": "1,600", "Net Income from Continuing Operation Net Minority Interest": "1,000", "Total Unusual Items Excluding Goodwill": "500", "Total Unusual Items": "500", "Normalized EBITDA": "2,300", "Tax Rate for Calcs": "0", "Tax Effect of Unusual Items": "187.5"}, "4/30/1994": {"Duration": "4/30/1994", "Total Revenue": "41,100", "Cost of Revenue": "28,300", "Gross Profit": "12,800", "Operating Expense": "9,600", "Operating Income": "3,200", "Net Non Operating Interest Income Expense": "-", "Other Income Expense": "400", "Pretax Income": "3,200", "Tax Provision": "1,200", "Net Income Common Stockholders": "2,000", "Diluted NI Available to Com Stockholders": "2,000", "Basic EPS": "0.08", "Diluted EPS": "0.08", "Basic Average Shares": "25,806", "Diluted Average Shares": "25,806", "Total Operating Income as Reported": "3,200", "Total Expenses": "37,900", "Net Income from Continuing & Discontinued Operation": "2,000", "Normalized Income": "1,750", "Interest Income": "-", "Interest Expense": "-", "Net Interest Income": "-", "EBIT": "3,200", "EBITDA": "-", "Reconciled Cost of Revenue": "28,300", "Reconciled Depreciation": "1,500", "Net Income from Continuing Operation Net Minority Interest": "2,000", "Total Unusual Items Excluding Goodwill": "400", "Total Unusual Items": "400", "Normalized EBITDA": "4,300", "Tax Rate for Calcs": "0", "Tax Effect of Unusual Items": "150"}, "4/30/1993": {"Duration": "4/30/1993", "Total Revenue": "30,700", "Cost of Revenue": "20,200", "Gross Profit": "10,500", "Operating Expense": "8,300", "Operating Income": "2,200", "Net Non Operating Interest Income Expense": "-", "Other Income Expense": "300", "Pretax Income": "1,800", "Tax Provision": "700", "Net Income Common Stockholders": "1,100", "Diluted NI Available to Com Stockholders": "1,100", "Basic EPS": "0.05", "Diluted EPS": "0.05", "Basic Average Shares": "22,000", "Diluted Average Shares": "22,000", "Total Operating Income as Reported": "2,200", "Total Expenses": "28,500", "Net Income from Continuing & Discontinued Operation": "1,100", "Normalized Income": "916.6667", "Interest Income": "-", "Interest Expense": "-", "Net Interest Income": "-", "EBIT": "2,200", "EBITDA": "-", "Reconciled Cost of Revenue": "20,200", "Reconciled Depreciation": "1,500", "Net Income from Continuing Operation Net Minority Interest": "1,100", "Total Unusual Items Excluding Goodwill": "300", "Total Unusual Items": "300", "Normalized EBITDA": "3,400", "Tax Rate for Calcs": "0", "Tax Effect of Unusual Items": "116.6667"}}, "bs": {"4/30/2020": {"Duration": "4/30/2020", "Total Assets": "372,651", "Total Liabilities Net Minority Interest": "195,671", "Total Equity Gross Minority Interest": "176,980", "Total Capitalization": "176,980", "Common Stock Equity": "176,980", "Capital Lease Obligations": "2,416", "Net Tangible Assets": "165,883", "Working Capital": "106,037", "Invested Capital": "176,980", "Tangible Book Value": "165,883", "Total Debt": "2,416", "Net Debt": "-", "Share Issued": "45,913", "Ordinary Shares Number": "44,570", "Treasury Shares Number": "1,343"}, "4/30/2019": {"Duration": "4/30/2019", "Total Assets": "349,216", "Total Liabilities Net Minority Interest": "161,553", "Total Equity Gross Minority Interest": "187,663", "Total Capitalization": "187,663", "Common Stock Equity": "187,663", "Capital Lease Obligations": "-", "Net Tangible Assets": "174,868", "Working Capital": "119,601", "Invested Capital": "187,663", "Tangible Book Value": "174,868", "Total Debt": "-", "Net Debt": "-", "Share Issued": "45,317", "Ordinary Shares Number": "45,013", "Treasury Shares Number": "303.957"}, "4/30/2018": {"Duration": "4/30/2018", "Total Assets": "358,800", "Total Liabilities Net Minority Interest": "161,184", "Total Equity Gross Minority Interest": "197,616", "Total Capitalization": "197,616", "Common Stock Equity": "197,616", "Capital Lease Obligations": "-", "Net Tangible Assets": "185,670", "Working Capital": "132,825", "Invested Capital": "197,616", "Tangible Book Value": "185,670", "Total Debt": "-", "Net Debt": "-", "Share Issued": "44,780", "Ordinary Shares Number": "44,476", "Treasury Shares Number": "303.957"}, "4/30/2017": {"Duration": "4/30/2017", "Total Assets": "355,433", "Total Liabilities Net Minority Interest": "157,147", "Total Equity Gross Minority Interest": "198,286", "Total Capitalization": "198,286", "Common Stock Equity": "198,286", "Capital Lease Obligations": "-", "Net Tangible Assets": "185,769", "Working Capital": "127,130", "Invested Capital": "198,286", "Tangible Book Value": "185,769", "Total Debt": "-", "Net Debt": "-", "Share Issued": "44,372", "Ordinary Shares Number": "44,068", "Treasury Shares Number": "303.957"}, "4/30/2016": {"Duration": "4/30/2016", "Total Assets": "349,948", "Total Liabilities Net Minority Interest": "148,881", "Total Equity Gross Minority Interest": "201,067", "Total Capitalization": "201,067", "Common Stock Equity": "201,067", "Capital Lease Obligations": "-", "Net Tangible Assets": "185,230", "Working Capital": "123,714", "Invested Capital": "201,067", "Tangible Book Value": "185,230", "Total Debt": "-", "Net Debt": "-", "Share Issued": "43,999", "Ordinary Shares Number": "43,979", "Treasury Shares Number": "19.68"}, "4/30/2015": {"Duration": "4/30/2015", "Total Assets": "379,479", "Total Liabilities Net Minority Interest": "167,440", "Total Equity Gross Minority Interest": "212,039", "Total Capitalization": "212,039", "Common Stock Equity": "212,039", "Capital Lease Obligations": "-", "Net Tangible Assets": "204,946", "Working Capital": "149,075", "Invested Capital": "212,039", "Tangible Book Value": "204,946", "Total Debt": "-", "Net Debt": "-", "Share Issued": "43,644", "Ordinary Shares Number": "43,624", "Treasury Shares Number": "19.68"}, "4/30/2014": {"Duration": "4/30/2014", "Total Assets": "357,451", "Total Liabilities Net Minority Interest": "154,332", "Total Equity Gross Minority Interest": "203,119", "Total Capitalization": "203,119", "Common Stock Equity": "203,119", "Capital Lease Obligations": "-", "Net Tangible Assets": "195,055", "Working Capital": "140,532", "Invested Capital": "203,119", "Tangible Book Value": "195,055", "Total Debt": "-", "Net Debt": "-", "Share Issued": "43,167", "Ordinary Shares Number": "43,147", "Treasury Shares Number": "19.68"}, "4/30/2013": {"Duration": "4/30/2013", "Total Assets": "319,418", "Total Liabilities Net Minority Interest": "131,172", "Total Equity Gross Minority Interest": "188,246", "Total Capitalization": "188,246", "Common Stock Equity": "188,246", "Capital Lease Obligations": "-", "Net Tangible Assets": "182,987", "Working Capital": "125,456", "Invested Capital": "188,246", "Tangible Book Value": "182,987", "Total Debt": "-", "Net Debt": "-", "Share Issued": "42,393", "Ordinary Shares Number": "42,374", "Treasury Shares Number": "19.68"}, "4/30/2012": {"Duration": "4/30/2012", "Total Assets": "315,967", "Total Liabilities Net Minority Interest": "125,162", "Total Equity Gross Minority Interest": "190,805", "Total Capitalization": "190,805", "Common Stock Equity": "190,805", "Capital Lease Obligations": "1,368", "Net Tangible Assets": "186,049", "Working Capital": "119,833", "Invested Capital": "192,264", "Tangible Book Value": "186,049", "Total Debt": "1,459", "Net Debt": "-", "Share Issued": "41,930", "Ordinary Shares Number": "41,910", "Treasury Shares Number": "19.68"}, "4/30/2011": {"Duration": "4/30/2011", "Total Assets": "327,847", "Total Liabilities Net Minority Interest": "124,745", "Total Equity Gross Minority Interest": "203,102", "Total Capitalization": "203,102", "Common Stock Equity": "203,102", "Capital Lease Obligations": "-", "Net Tangible Assets": "196,681", "Working Capital": "128,160", "Invested Capital": "225,975", "Tangible Book Value": "196,681", "Total Debt": "22,873", "Net Debt": "33,391", "Share Issued": "41,606", "Ordinary Shares Number": "41,586", "Treasury Shares Number": "19.68"}, "4/30/2010": {"Duration": "4/30/2010", "Total Assets": "305,851", "Total Liabilities Net Minority Interest": "98,798", "Total Equity Gross Minority Interest": "207,053", "Total Capitalization": "207,053", "Common Stock Equity": "207,053", "Capital Lease Obligations": "-", "Net Tangible Assets": "198,772", "Working Capital": "115,571", "Invested Capital": "220,480", "Tangible Book Value": "198,772", "Total Debt": "13,427", "Net Debt": "14,027", "Share Issued": "41,063", "Ordinary Shares Number": "41,044", "Treasury Shares Number": "19.68"}, "4/30/2009": {"Duration": "4/30/2009", "Total Assets": "324,876", "Total Liabilities Net Minority Interest": "112,965", "Total Equity Gross Minority Interest": "211,911", "Total Capitalization": "217,498", "Common Stock Equity": "211,911", "Capital Lease Obligations": "-", "Net Tangible Assets": "202,166", "Working Capital": "104,543", "Invested Capital": "217,865", "Tangible Book Value": "202,166", "Total Debt": "5,954", "Net Debt": "-", "Share Issued": "40,316", "Ordinary Shares Number": "40,296", "Treasury Shares Number": "19.68"}, "4/30/2008": {"Duration": "4/30/2008", "Total Assets": "294,479", "Total Liabilities Net Minority Interest": "111,226", "Total Equity Gross Minority Interest": "183,253", "Total Capitalization": "183,308", "Common Stock Equity": "183,253", "Capital Lease Obligations": "-", "Net Tangible Assets": "171,972", "Working Capital": "62,545", "Invested Capital": "184,218", "Tangible Book Value": "171,972", "Total Debt": "965", "Net Debt": "-", "Share Issued": "40,296", "Ordinary Shares Number": "40,296", "Treasury Shares Number": "-"}, "4/30/2007": {"Duration": "4/30/2007", "Total Assets": "265,850", "Total Liabilities Net Minority Interest": "112,142", "Total Equity Gross Minority Interest": "153,708", "Total Capitalization": "154,300", "Common Stock Equity": "153,708", "Capital Lease Obligations": "-", "Net Tangible Assets": "142,079", "Working Capital": "44,904", "Invested Capital": "179,917", "Tangible Book Value": "142,079", "Total Debt": "26,209", "Net Debt": "23,619", "Share Issued": "-", "Ordinary Shares Number": "-", "Treasury Shares Number": "-"}, "4/30/2006": {"Duration": "4/30/2006", "Total Assets": "199,231", "Total Liabilities Net Minority Interest": "73,886", "Total Equity Gross Minority Interest": "125,345", "Total Capitalization": "125,476", "Common Stock Equity": "125,345", "Capital Lease Obligations": "4,438", "Net Tangible Assets": "118,309", "Working Capital": "74,930", "Invested Capital": "125,967", "Tangible Book Value": "118,309", "Total Debt": "5,060", "Net Debt": "-", "Share Issued": "-", "Ordinary Shares Number": "-", "Treasury Shares Number": "-"}, "4/30/2005": {"Duration": "4/30/2005", "Total Assets": "151,462", "Total Liabilities Net Minority Interest": "47,552", "Total Equity Gross Minority Interest": "103,910", "Total Capitalization": "104,081", "Common Stock Equity": "103,910", "Capital Lease Obligations": "-", "Net Tangible Assets": "98,466", "Working Capital": "62,287", "Invested Capital": "105,069", "Tangible Book Value": "98,466", "Total Debt": "1,159", "Net Debt": "-", "Share Issued": "-", "Ordinary Shares Number": "-", "Treasury Shares Number": "-"}, "4/30/2004": {"Duration": "4/30/2004", "Total Assets": "126,236", "Total Liabilities Net Minority Interest": "39,972", "Total Equity Gross Minority Interest": "86,264", "Total Capitalization": "87,762", "Common Stock Equity": "86,264", "Capital Lease Obligations": "-", "Net Tangible Assets": "82,518", "Working Capital": "49,124", "Invested Capital": "89,272", "Tangible Book Value": "82,518", "Total Debt": "3,008", "Net Debt": "-", "Share Issued": "-", "Ordinary Shares Number": "-", "Treasury Shares Number": "-"}, "4/30/2003": {"Duration": "4/30/2003", "Total Assets": "102,527", "Total Liabilities Net Minority Interest": "37,109", "Total Equity Gross Minority Interest": "65,418", "Total Capitalization": "70,752", "Common Stock Equity": "65,303", "Capital Lease Obligations": "-", "Net Tangible Assets": "63,387", "Working Capital": "39,700", "Invested Capital": "73,883", "Tangible Book Value": "63,387", "Total Debt": "8,580", "Net Debt": "-", "Share Issued": "-", "Ordinary Shares Number": "-", "Treasury Shares Number": "-"}, "4/30/2002": {"Duration": "4/30/2002", "Total Assets": "87,346", "Total Liabilities Net Minority Interest": "35,761", "Total Equity Gross Minority Interest": "51,585", "Total Capitalization": "61,075", "Common Stock Equity": "51,501", "Capital Lease Obligations": "-", "Net Tangible Assets": "49,402", "Working Capital": "28,353", "Invested Capital": "65,380", "Tangible Book Value": "49,402", "Total Debt": "13,879", "Net Debt": "11,782", "Share Issued": "-", "Ordinary Shares Number": "-", "Treasury Shares Number": "-"}, "4/30/2001": {"Duration": "4/30/2001", "Total Assets": "90,214", "Total Liabilities Net Minority Interest": "44,312", "Total Equity Gross Minority Interest": "45,902", "Total Capitalization": "56,167", "Common Stock Equity": "45,823", "Capital Lease Obligations": "-", "Net Tangible Assets": "43,384", "Working Capital": "26,967", "Invested Capital": "67,961", "Tangible Book Value": "43,384", "Total Debt": "22,138", "Net Debt": "19,242", "Share Issued": "-", "Ordinary Shares Number": "-", "Treasury Shares Number": "-"}, "4/30/2000": {"Duration": "4/30/2000", "Total Assets": "72,407", "Total Liabilities Net Minority Interest": "36,176", "Total Equity Gross Minority Interest": "36,231", "Total Capitalization": "44,124", "Common Stock Equity": "36,231", "Capital Lease Obligations": "-", "Net Tangible Assets": "35,381", "Working Capital": "20,663", "Invested Capital": "53,675", "Tangible Book Value": "35,381", "Total Debt": "17,444", "Net Debt": "16,227", "Share Issued": "-", "Ordinary Shares Number": "-", "Treasury Shares Number": "-"}, "4/30/1999": {"Duration": "4/30/1999", "Total Assets": "62,600", "Total Liabilities Net Minority Interest": "33,100", "Total Equity Gross Minority Interest": "29,500", "Total Capitalization": "37,800", "Common Stock Equity": "29,500", "Capital Lease Obligations": "-", "Net Tangible Assets": "28,900", "Working Capital": "20,600", "Invested Capital": "42,400", "Tangible Book Value": "28,900", "Total Debt": "12,900", "Net Debt": "11,800", "Share Issued": "-", "Ordinary Shares Number": "-", "Treasury Shares Number": "-"}, "4/30/1998": {"Duration": "4/30/1998", "Total Assets": "43,500", "Total Liabilities Net Minority Interest": "18,300", "Total Equity Gross Minority Interest": "25,200", "Total Capitalization": "26,000", "Common Stock Equity": "25,200", "Capital Lease Obligations": "-", "Net Tangible Assets": "24,400", "Working Capital": "12,300", "Invested Capital": "32,000", "Tangible Book Value": "24,400", "Total Debt": "6,800", "Net Debt": "6,700", "Share Issued": "-", "Ordinary Shares Number": "-", "Treasury Shares Number": "-"}, "4/30/1997": {"Duration": "4/30/1997", "Total Assets": "37,100", "Total Liabilities Net Minority Interest": "15,300", "Total Equity Gross Minority Interest": "21,800", "Total Capitalization": "23,500", "Common Stock Equity": "21,800", "Capital Lease Obligations": "-", "Net Tangible Assets": "18,800", "Working Capital": "11,000", "Invested Capital": "26,900", "Tangible Book Value": "18,800", "Total Debt": "5,100", "Net Debt": "5,000", "Share Issued": "-", "Ordinary Shares Number": "-", "Treasury Shares Number": "-"}, "4/30/1996": {"Duration": "4/30/1996", "Total Assets": "37,800", "Total Liabilities Net Minority Interest": "17,900", "Total Equity Gross Minority Interest": "19,900", "Total Capitalization": "21,400", "Common Stock Equity": "19,900", "Capital Lease Obligations": "-", "Net Tangible Assets": "16,200", "Working Capital": "9,500", "Invested Capital": "28,500", "Tangible Book Value": "16,200", "Total Debt": "8,600", "Net Debt": "8,400", "Share Issued": "-", "Ordinary Shares Number": "-", "Treasury Shares Number": "-"}, "4/30/1995": {"Duration": "4/30/1995", "Total Assets": "28,300", "Total Liabilities Net Minority Interest": "8,200", "Total Equity Gross Minority Interest": "20,100", "Total Capitalization": "21,300", "Common Stock Equity": "20,100", "Capital Lease Obligations": "-", "Net Tangible Assets": "18,300", "Working Capital": "12,200", "Invested Capital": "21,600", "Tangible Book Value": "18,300", "Total Debt": "1,500", "Net Debt": "1,100", "Share Issued": "-", "Ordinary Shares Number": "-", "Treasury Shares Number": "-"}, "4/30/1994": {"Duration": "4/30/1994", "Total Assets": "27,400", "Total Liabilities Net Minority Interest": "8,300", "Total Equity Gross Minority Interest": "19,100", "Total Capitalization": "20,600", "Common Stock Equity": "19,100", "Capital Lease Obligations": "-", "Net Tangible Assets": "16,900", "Working Capital": "12,000", "Invested Capital": "21,000", "Tangible Book Value": "16,900", "Total Debt": "1,900", "Net Debt": "-", "Share Issued": "-", "Ordinary Shares Number": "-", "Treasury Shares Number": "-"}, "4/30/1993": {"Duration": "4/30/1993", "Total Assets": "20,800", "Total Liabilities Net Minority Interest": "13,300", "Total Equity Gross Minority Interest": "7,500", "Total Capitalization": "10,900", "Common Stock Equity": "7,500", "Capital Lease Obligations": "-", "Net Tangible Assets": "6,700", "Working Capital": "3,500", "Invested Capital": "13,800", "Tangible Book Value": "6,700", "Total Debt": "6,300", "Net Debt": "6,100", "Share Issued": "40,151", "Ordinary Shares Number": "40,151", "Treasury Shares Number": "-"}}, "cf": {"TTM": {"Duration": "TTM", "Operating Cash Flow": "52,839", "Investing Cash Flow": "-21,116", "Financing Cash Flow": "8,890", "End Cash Position": "80,989", "Income Tax Paid Supplemental Data": "2,008", "Interest Paid Supplemental Data": "238", "Capital Expenditure": "-11,380", "Issuance of Capital Stock": "-", "Issuance of Debt": "-", "Repayment of Debt": "-440", "Repurchase of Capital Stock": "-3,307", "Free Cash Flow": "41,459"}, "4/30/2020": {"Duration": "4/30/2020", "Operating Cash Flow": "10,808", "Investing Cash Flow": "-4,271", "Financing Cash Flow": "-1,978", "End Cash Position": "40,412", "Income Tax Paid Supplemental Data": "977", "Interest Paid Supplemental Data": "46", "Capital Expenditure": "-18,091", "Issuance of Capital Stock": "-", "Issuance of Debt": "15,000", "Repayment of Debt": "-2,149", "Repurchase of Capital Stock": "-5,636", "Free Cash Flow": "-7,283"}, "4/30/2019": {"Duration": "4/30/2019", "Operating Cash Flow": "29,546", "Investing Cash Flow": "-11,842", "Financing Cash Flow": "-11,932", "End Cash Position": "35,742", "Income Tax Paid Supplemental Data": "-", "Interest Paid Supplemental Data": "177", "Capital Expenditure": "-17,268", "Issuance of Capital Stock": "-", "Issuance of Debt": "-", "Repayment of Debt": "-450", "Repurchase of Capital Stock": "0", "Free Cash Flow": "12,278"}, "4/30/2018": {"Duration": "4/30/2018", "Operating Cash Flow": "30,361", "Investing Cash Flow": "-19,563", "Financing Cash Flow": "-13,262", "End Cash Position": "29,755", "Income Tax Paid Supplemental Data": "8,937", "Interest Paid Supplemental Data": "193", "Capital Expenditure": "-18,127", "Issuance of Capital Stock": "-", "Issuance of Debt": "-", "Repayment of Debt": "-1,046", "Repurchase of Capital Stock": "-", "Free Cash Flow": "12,234"}, "4/30/2017": {"Duration": "4/30/2017", "Operating Cash Flow": "39,389", "Investing Cash Flow": "-18,180", "Financing Cash Flow": "-16,323", "End Cash Position": "32,623", "Income Tax Paid Supplemental Data": "3,196", "Interest Paid Supplemental Data": "228", "Capital Expenditure": "-8,502", "Issuance of Capital Stock": "-", "Issuance of Debt": "-", "Repayment of Debt": "-929", "Repurchase of Capital Stock": "-1,825", "Free Cash Flow": "30,887"}, "4/30/2016": {"Duration": "4/30/2016", "Operating Cash Flow": "13,275", "Investing Cash Flow": "-23,818", "Financing Cash Flow": "-17,448", "End Cash Position": "28,328", "Income Tax Paid Supplemental Data": "-", "Interest Paid Supplemental Data": "303", "Capital Expenditure": "-17,056", "Issuance of Capital Stock": "-", "Issuance of Debt": "-", "Repayment of Debt": "-505", "Repurchase of Capital Stock": "-", "Free Cash Flow": "-3,781"}, "4/30/2015": {"Duration": "4/30/2015", "Operating Cash Flow": "53,168", "Investing Cash Flow": "-24,227", "Financing Cash Flow": "-16,070", "End Cash Position": "57,284", "Income Tax Paid Supplemental Data": "8,690", "Interest Paid Supplemental Data": "289", "Capital Expenditure": "-21,837", "Issuance of Capital Stock": "-", "Issuance of Debt": "-", "Repayment of Debt": "-1,244", "Repurchase of Capital Stock": "-", "Free Cash Flow": "31,331"}, "4/30/2014": {"Duration": "4/30/2014", "Operating Cash Flow": "36,199", "Investing Cash Flow": "-16,358", "Financing Cash Flow": "-15,321", "End Cash Position": "45,054", "Income Tax Paid Supplemental Data": "16,521", "Interest Paid Supplemental Data": "198", "Capital Expenditure": "-13,519", "Issuance of Capital Stock": "-", "Issuance of Debt": "0", "Repayment of Debt": "-3,704", "Repurchase of Capital Stock": "-", "Free Cash Flow": "22,680"}, "4/30/2013": {"Duration": "4/30/2013", "Operating Cash Flow": "50,749", "Investing Cash Flow": "-8,531", "Financing Cash Flow": "-31,002", "End Cash Position": "40,628", "Income Tax Paid Supplemental Data": "5,422", "Interest Paid Supplemental Data": "420", "Capital Expenditure": "-9,674", "Issuance of Capital Stock": "-", "Issuance of Debt": "0", "Repayment of Debt": "-1,459", "Repurchase of Capital Stock": "-", "Free Cash Flow": "41,075"}, "4/30/2012": {"Duration": "4/30/2012", "Operating Cash Flow": "20,038", "Investing Cash Flow": "-18,753", "Financing Cash Flow": "-26,284", "End Cash Position": "29,423", "Income Tax Paid Supplemental Data": "-", "Interest Paid Supplemental Data": "-", "Capital Expenditure": "-16,524", "Issuance of Capital Stock": "-", "Issuance of Debt": "782", "Repayment of Debt": "-1,711", "Repurchase of Capital Stock": "-", "Free Cash Flow": "3,514"}, "4/30/2011": {"Duration": "4/30/2011", "Operating Cash Flow": "41,346", "Investing Cash Flow": "-29,886", "Financing Cash Flow": "-21,032", "End Cash Position": "54,308", "Income Tax Paid Supplemental Data": "-", "Interest Paid Supplemental Data": "-", "Capital Expenditure": "-9,386", "Issuance of Capital Stock": "-", "Issuance of Debt": "2,316", "Repayment of Debt": "-26", "Repurchase of Capital Stock": "-", "Free Cash Flow": "31,960"}, "4/30/2010": {"Duration": "4/30/2010", "Operating Cash Flow": "43,784", "Investing Cash Flow": "-13,099", "Financing Cash Flow": "-3,465", "End Cash Position": "63,603", "Income Tax Paid Supplemental Data": "-", "Interest Paid Supplemental Data": "-", "Capital Expenditure": "-16,121", "Issuance of Capital Stock": "365", "Issuance of Debt": "-", "Repayment of Debt": "-27", "Repurchase of Capital Stock": "-", "Free Cash Flow": "27,663"}, "4/30/2009": {"Duration": "4/30/2009", "Operating Cash Flow": "48,731", "Investing Cash Flow": "-18,886", "Financing Cash Flow": "-3,206", "End Cash Position": "36,501", "Income Tax Paid Supplemental Data": "-", "Interest Paid Supplemental Data": "-", "Capital Expenditure": "-22,888", "Issuance of Capital Stock": "-", "Issuance of Debt": "0", "Repayment of Debt": "-546", "Repurchase of Capital Stock": "-", "Free Cash Flow": "25,843"}, "4/30/2008": {"Duration": "4/30/2008", "Operating Cash Flow": "59,833", "Investing Cash Flow": "-27,143", "Financing Cash Flow": "-25,274", "End Cash Position": "9,325", "Income Tax Paid Supplemental Data": "-", "Interest Paid Supplemental Data": "-", "Capital Expenditure": "-33,916", "Issuance of Capital Stock": "2,335", "Issuance of Debt": "-", "Repayment of Debt": "-", "Repurchase of Capital Stock": "-", "Free Cash Flow": "25,917"}, "4/30/2007": {"Duration": "4/30/2007", "Operating Cash Flow": "14,606", "Investing Cash Flow": "-63,998", "Financing Cash Flow": "25,150", "End Cash Position": "2,590", "Income Tax Paid Supplemental Data": "-", "Interest Paid Supplemental Data": "-", "Capital Expenditure": "-58,743", "Issuance of Capital Stock": "1,565", "Issuance of Debt": "-", "Repayment of Debt": "-", "Repurchase of Capital Stock": "-", "Free Cash Flow": "-44,137"}, "4/30/2006": {"Duration": "4/30/2006", "Operating Cash Flow": "31,917", "Investing Cash Flow": "-18,958", "Financing Cash Flow": "-1,732", "End Cash Position": "26,921", "Income Tax Paid Supplemental Data": "-", "Interest Paid Supplemental Data": "-", "Capital Expenditure": "-18,919", "Issuance of Capital Stock": "1,186", "Issuance of Debt": "-", "Repayment of Debt": "-", "Repurchase of Capital Stock": "-", "Free Cash Flow": "12,998"}, "4/30/2005": {"Duration": "4/30/2005", "Operating Cash Flow": "22,377", "Investing Cash Flow": "-18,109", "Financing Cash Flow": "-762", "End Cash Position": "15,961", "Income Tax Paid Supplemental Data": "-", "Interest Paid Supplemental Data": "-", "Capital Expenditure": "-13,483", "Issuance of Capital Stock": "835", "Issuance of Debt": "-", "Repayment of Debt": "-", "Repurchase of Capital Stock": "-", "Free Cash Flow": "8,894"}, "4/30/2004": {"Duration": "4/30/2004", "Operating Cash Flow": "20,917", "Investing Cash Flow": "-8,959", "Financing Cash Flow": "-4,940", "End Cash Position": "16,255", "Income Tax Paid Supplemental Data": "-", "Interest Paid Supplemental Data": "-", "Capital Expenditure": "-9,779", "Issuance of Capital Stock": "655", "Issuance of Debt": "-", "Repayment of Debt": "-", "Repurchase of Capital Stock": "-", "Free Cash Flow": "11,138"}, "4/30/2003": {"Duration": "4/30/2003", "Operating Cash Flow": "15,912", "Investing Cash Flow": "-4,053", "Financing Cash Flow": "-4,661", "End Cash Position": "9,277", "Income Tax Paid Supplemental Data": "-", "Interest Paid Supplemental Data": "-", "Capital Expenditure": "-5,340", "Issuance of Capital Stock": "718", "Issuance of Debt": "-", "Repayment of Debt": "-", "Repurchase of Capital Stock": "-", "Free Cash Flow": "10,572"}, "4/30/2002": {"Duration": "4/30/2002", "Operating Cash Flow": "17,232", "Investing Cash Flow": "-8,244", "Financing Cash Flow": "-9,776", "End Cash Position": "2,097", "Income Tax Paid Supplemental Data": "-", "Interest Paid Supplemental Data": "-", "Capital Expenditure": "-7,942", "Issuance of Capital Stock": "633", "Issuance of Debt": "-", "Repayment of Debt": "-", "Repurchase of Capital Stock": "-", "Free Cash Flow": "9,290"}, "4/30/2001": {"Duration": "4/30/2001", "Operating Cash Flow": "7,366", "Investing Cash Flow": "-9,056", "Financing Cash Flow": "3,378", "End Cash Position": "2,896", "Income Tax Paid Supplemental Data": "-", "Interest Paid Supplemental Data": "-", "Capital Expenditure": "-7,351", "Issuance of Capital Stock": "438", "Issuance of Debt": "-", "Repayment of Debt": "-", "Repurchase of Capital Stock": "-", "Free Cash Flow": "15"}, "4/30/2000": {"Duration": "4/30/2000", "Operating Cash Flow": "3,290", "Investing Cash Flow": "-7,256", "Financing Cash Flow": "4,133", "End Cash Position": "1,217", "Income Tax Paid Supplemental Data": "-", "Interest Paid Supplemental Data": "-", "Capital Expenditure": "-6,933", "Issuance of Capital Stock": "413", "Issuance of Debt": "-", "Repayment of Debt": "-", "Repurchase of Capital Stock": "-", "Free Cash Flow": "-3,643"}, "4/30/1999": {"Duration": "4/30/1999", "Operating Cash Flow": "-600", "Investing Cash Flow": "-4,600", "Financing Cash Flow": "6,200", "End Cash Position": "0", "Income Tax Paid Supplemental Data": "-", "Interest Paid Supplemental Data": "-", "Capital Expenditure": "-4,800", "Issuance of Capital Stock": "100", "Issuance of Debt": "-", "Repayment of Debt": "-", "Repurchase of Capital Stock": "-", "Free Cash Flow": "-5,400"}, "4/30/1998": {"Duration": "4/30/1998", "Operating Cash Flow": "800", "Investing Cash Flow": "-3,200", "Financing Cash Flow": "2,400", "End Cash Position": "0", "Income Tax Paid Supplemental Data": "-", "Interest Paid Supplemental Data": "-", "Capital Expenditure": "-3,300", "Issuance of Capital Stock": "-", "Issuance of Debt": "-", "Repayment of Debt": "-", "Repurchase of Capital Stock": "-", "Free Cash Flow": "-2,500"}, "4/30/1997": {"Duration": "4/30/1997", "Operating Cash Flow": "4,900", "Investing Cash Flow": "-1,000", "Financing Cash Flow": "-4,000", "End Cash Position": "0", "Income Tax Paid Supplemental Data": "-", "Interest Paid Supplemental Data": "-", "Capital Expenditure": "-2,200", "Issuance of Capital Stock": "400", "Issuance of Debt": "-", "Repayment of Debt": "-", "Repurchase of Capital Stock": "-", "Free Cash Flow": "2,700"}, "4/30/1996": {"Duration": "4/30/1996", "Operating Cash Flow": "-3,100", "Investing Cash Flow": "-2,100", "Financing Cash Flow": "5,100", "End Cash Position": "0", "Income Tax Paid Supplemental Data": "-", "Interest Paid Supplemental Data": "-", "Capital Expenditure": "-1,400", "Issuance of Capital Stock": "-", "Issuance of Debt": "-", "Repayment of Debt": "-", "Repurchase of Capital Stock": "-", "Free Cash Flow": "-4,500"}, "4/30/1995": {"Duration": "4/30/1995", "Operating Cash Flow": "-1,600", "Investing Cash Flow": "-1,900", "Financing Cash Flow": "-400", "End Cash Position": "0", "Income Tax Paid Supplemental Data": "-", "Interest Paid Supplemental Data": "-", "Capital Expenditure": "-1,700", "Issuance of Capital Stock": "-", "Issuance of Debt": "-", "Repayment of Debt": "-", "Repurchase of Capital Stock": "-", "Free Cash Flow": "-3,300"}, "4/30/1994": {"Duration": "4/30/1994", "Operating Cash Flow": "800", "Investing Cash Flow": "-1,800", "Financing Cash Flow": "5,100", "End Cash Position": "0", "Income Tax Paid Supplemental Data": "-", "Interest Paid Supplemental Data": "-", "Capital Expenditure": "-1,800", "Issuance of Capital Stock": "9,500", "Issuance of Debt": "-", "Repayment of Debt": "-", "Repurchase of Capital Stock": "-", "Free Cash Flow": "-1,000"}, "4/30/1993": {"Duration": "4/30/1993", "Operating Cash Flow": "2,700", "Investing Cash Flow": "-600", "Financing Cash Flow": "-2,100", "End Cash Position": "0", "Income Tax Paid Supplemental Data": "-", "Interest Paid Supplemental Data": "-", "Capital Expenditure": "-600", "Issuance of Capital Stock": "-", "Issuance of Debt": "-", "Repayment of Debt": "-", "Repurchase of Capital Stock": "-", "Free Cash Flow": "2,100"}}, "ks": {"Current": {"Duration": "Current", "Market Cap (intraday) 5": "296.33M", "Enterprise Value 3": "219.20M", "Trailing P/E ": "29.95", "Forward P/E 1": "N/A", "PEG Ratio (5 yr expected) 1": "N/A", "Price/Sales (ttm)": "0.60", "Price/Book (mrq)": "1.54", "Enterprise Value/Revenue 3": "0.45", "Enterprise Value/EBITDA 7": "7.84"}, "1/31/2021": {"Duration": "1/31/2021", "Market Cap (intraday) 5": "215.84M", "Enterprise Value 3": "145.02M", "Trailing P/E ": "N/A", "Forward P/E 1": "N/A", "PEG Ratio (5 yr expected) 1": "N/A", "Price/Sales (ttm)": "0.41", "Price/Book (mrq)": "1.13", "Enterprise Value/Revenue 3": "1.54", "Enterprise Value/EBITDA 7": "45.50"}, "10/31/2020": {"Duration": "10/31/2020", "Market Cap (intraday) 5": "174.00M", "Enterprise Value 3": "128.16M", "Trailing P/E ": "195.00", "Forward P/E 1": "N/A", "PEG Ratio (5 yr expected) 1": "N/A", "Price/Sales (ttm)": "0.31", "Price/Book (mrq)": "0.94", "Enterprise Value/Revenue 3": "1.01", "Enterprise Value/EBITDA 7": "12.67"}, "7/31/2020": {"Duration": "7/31/2020", "Market Cap (intraday) 5": "186.05M", "Enterprise Value 3": "146.83M", "Trailing P/E ": "417.00", "Forward P/E 1": "N/A", "PEG Ratio (5 yr expected) 1": "N/A", "Price/Sales (ttm)": "0.31", "Price/Book (mrq)": "1.05", "Enterprise Value/Revenue 3": "1.02", "Enterprise Value/EBITDA 7": "11.00"}, "4/30/2020": {"Duration": "4/30/2020", "Market Cap (intraday) 5": "203.74M", "Enterprise Value 3": "161.70M", "Trailing P/E ": "N/A", "Forward P/E 1": "N/A", "PEG Ratio (5 yr expected) 1": "N/A", "Price/Sales (ttm)": "0.33", "Price/Book (mrq)": "1.11", "Enterprise Value/Revenue 3": "1.28", "Enterprise Value/EBITDA 7": "122.59"}, "1/31/2020": {"Duration": "1/31/2020", "Market Cap (intraday) 5": "266.37M", "Enterprise Value 3": "233.49M", "Trailing P/E ": "590.00", "Forward P/E 1": "N/A", "PEG Ratio (5 yr expected) 1": "N/A", "Price/Sales (ttm)": "0.45", "Price/Book (mrq)": "1.35", "Enterprise Value/Revenue 3": "1.83", "Enterprise Value/EBITDA 7": "-49.90"}, "10/31/2019": {"Duration": "10/31/2019", "Market Cap (intraday) 5": "308.37M", "Enterprise Value 3": "275.73M", "Trailing P/E ": "171.50", "Forward P/E 1": "N/A", "PEG Ratio (5 yr expected) 1": "N/A", "Price/Sales (ttm)": "0.52", "Price/Book (mrq)": "1.60", "Enterprise Value/Revenue 3": "1.58", "Enterprise Value/EBITDA 7": "31.29"}, "7/31/2019": {"Duration": "7/31/2019", "Market Cap (intraday) 5": "286.17M", "Enterprise Value 3": "224.45M", "Trailing P/E ": "N/A", "Forward P/E 1": "N/A", "PEG Ratio (5 yr expected) 1": "N/A", "Price/Sales (ttm)": "0.50", "Price/Book (mrq)": "1.52", "Enterprise Value/Revenue 3": "1.25", "Enterprise Value/EBITDA 7": "18.01"}, "4/30/2019": {"Duration": "4/30/2019", "Market Cap (intraday) 5": "341.20M", "Enterprise Value 3": "270.32M", "Trailing P/E ": "58.31", "Forward P/E 1": "N/A", "PEG Ratio (5 yr expected) 1": "N/A", "Price/Sales (ttm)": "0.59", "Price/Book (mrq)": "1.70", "Enterprise Value/Revenue 3": "2.12", "Enterprise Value/EBITDA 7": "-44.83"}, "1/31/2019": {"Duration": "1/31/2019", "Market Cap (intraday) 5": "338.95M", "Enterprise Value 3": "271.67M", "Trailing P/E ": "125.50", "Forward P/E 1": "N/A", "PEG Ratio (5 yr expected) 1": "N/A", "Price/Sales (ttm)": "0.57", "Price/Book (mrq)": "1.66", "Enterprise Value/Revenue 3": "2.36", "Enterprise Value/EBITDA 7": "-102.79"}, "10/31/2018": {"Duration": "10/31/2018", "Market Cap (intraday) 5": "326.96M", "Enterprise Value 3": "283.69M", "Trailing P/E ": "243.67", "Forward P/E 1": "19.76", "PEG Ratio (5 yr expected) 1": "N/A", "Price/Sales (ttm)": "0.56", "Price/Book (mrq)": "1.64", "Enterprise Value/Revenue 3": "1.64", "Enterprise Value/EBITDA 7": "20.33"}, "7/31/2018": {"Duration": "7/31/2018", "Market Cap (intraday) 5": "383.02M", "Enterprise Value 3": "318.77M", "Trailing P/E ": "71.58", "Forward P/E 1": "N/A", "PEG Ratio (5 yr expected) 1": "N/A", "Price/Sales (ttm)": "0.63", "Price/Book (mrq)": "1.94", "Enterprise Value/Revenue 3": "2.07", "Enterprise Value/EBITDA 7": "37.19"}, "4/30/2018": {"Duration": "4/30/2018", "Market Cap (intraday) 5": "400.72M", "Enterprise Value 3": "327.75M", "Trailing P/E ": "39.17", "Forward P/E 1": "18.38", "PEG Ratio (5 yr expected) 1": "N/A", "Price/Sales (ttm)": "0.65", "Price/Book (mrq)": "1.96", "Enterprise Value/Revenue 3": "2.37", "Enterprise Value/EBITDA 7": "-399.20"}, "1/31/2018": {"Duration": "1/31/2018", "Market Cap (intraday) 5": "411.84M", "Enterprise Value 3": "350.35M", "Trailing P/E ": "37.04", "Forward P/E 1": "N/A", "PEG Ratio (5 yr expected) 1": "N/A", "Price/Sales (ttm)": "0.69", "Price/Book (mrq)": "1.95", "Enterprise Value/Revenue 3": "2.69", "Enterprise Value/EBITDA 7": "457.38"}, "10/31/2017": {"Duration": "10/31/2017", "Market Cap (intraday) 5": "455.66M", "Enterprise Value 3": "403.77M", "Trailing P/E ": "35.41", "Forward P/E 1": "24.45", "PEG Ratio (5 yr expected) 1": "N/A", "Price/Sales (ttm)": "0.76", "Price/Book (mrq)": "2.21", "Enterprise Value/Revenue 3": "2.38", "Enterprise Value/EBITDA 7": "28.96"}, "7/31/2017": {"Duration": "7/31/2017", "Market Cap (intraday) 5": "432.35M", "Enterprise Value 3": "367.01M", "Trailing P/E ": "42.52", "Forward P/E 1": "25.71", "PEG Ratio (5 yr expected) 1": "N/A", "Price/Sales (ttm)": "0.74", "Price/Book (mrq)": "2.18", "Enterprise Value/Revenue 3": "2.12", "Enterprise Value/EBITDA 7": "22.19"}, "4/30/2017": {"Duration": "4/30/2017", "Market Cap (intraday) 5": "416.88M", "Enterprise Value 3": "340.47M", "Trailing P/E ": "63.07", "Forward P/E 1": "18.55", "PEG Ratio (5 yr expected) 1": "N/A", "Price/Sales (ttm)": "0.72", "Price/Book (mrq)": "2.09", "Enterprise Value/Revenue 3": "2.37", "Enterprise Value/EBITDA 7": "53.07"}, "1/31/2017": {"Duration": "1/31/2017", "Market Cap (intraday) 5": "447.73M", "Enterprise Value 3": "395.79M", "Trailing P/E ": "46.18", "Forward P/E 1": "19.92", "PEG Ratio (5 yr expected) 1": "N/A", "Price/Sales (ttm)": "0.77", "Price/Book (mrq)": "2.17", "Enterprise Value/Revenue 3": "3.42", "Enterprise Value/EBITDA 7": "-167.92"}, "10/31/2016": {"Duration": "10/31/2016", "Market Cap (intraday) 5": "366.66M", "Enterprise Value 3": "316.68M", "Trailing P/E ": "92.78", "Forward P/E 1": "N/A", "PEG Ratio (5 yr expected) 1": "N/A", "Price/Sales (ttm)": "0.64", "Price/Book (mrq)": "1.83", "Enterprise Value/Revenue 3": "1.86", "Enterprise Value/EBITDA 7": "17.96"}, "7/31/2016": {"Duration": "7/31/2016", "Market Cap (intraday) 5": "285.28M", "Enterprise Value 3": "232.28M", "Trailing P/E ": "129.40", "Forward P/E 1": "N/A", "PEG Ratio (5 yr expected) 1": "N/A", "Price/Sales (ttm)": "0.50", "Price/Book (mrq)": "1.41", "Enterprise Value/Revenue 3": "1.48", "Enterprise Value/EBITDA 7": "18.31"}, "4/30/2016": {"Duration": "4/30/2016", "Market Cap (intraday) 5": "382.61M", "Enterprise Value 3": "326.46M", "Trailing P/E ": "45.79", "Forward P/E 1": "N/A", "PEG Ratio (5 yr expected) 1": "N/A", "Price/Sales (ttm)": "0.66", "Price/Book (mrq)": "1.86", "Enterprise Value/Revenue 3": "2.36", "Enterprise Value/EBITDA 7": "225.46"}, "1/31/2016": {"Duration": "1/31/2016", "Market Cap (intraday) 5": "352.96M", "Enterprise Value 3": "300.57M", "Trailing P/E ": "32.12", "Forward P/E 1": "N/A", "PEG Ratio (5 yr expected) 1": "N/A", "Price/Sales (ttm)": "0.61", "Price/Book (mrq)": "1.67", "Enterprise Value/Revenue 3": "2.43", "Enterprise Value/EBITDA 7": "-278.30"}, "10/31/2015": {"Duration": "10/31/2015", "Market Cap (intraday) 5": "424.57M", "Enterprise Value 3": "363.97M", "Trailing P/E ": "26.94", "Forward P/E 1": "N/A", "PEG Ratio (5 yr expected) 1": "N/A", "Price/Sales (ttm)": "0.72", "Price/Book (mrq)": "2.00", "Enterprise Value/Revenue 3": "2.31", "Enterprise Value/EBITDA 7": "37.01"}, "7/31/2015": {"Duration": "7/31/2015", "Market Cap (intraday) 5": "500.21M", "Enterprise Value 3": "417.58M", "Trailing P/E ": "24.32", "Forward P/E 1": "24.75", "PEG Ratio (5 yr expected) 1": "N/A", "Price/Sales (ttm)": "0.82", "Price/Book (mrq)": "2.36", "Enterprise Value/Revenue 3": "2.78", "Enterprise Value/EBITDA 7": "41.72"}, "4/30/2015": {"Duration": "4/30/2015", "Market Cap (intraday) 5": "468.07M", "Enterprise Value 3": "400.68M", "Trailing P/E ": "24.95", "Forward P/E 1": "15.75", "PEG Ratio (5 yr expected) 1": "1.58", "Price/Sales (ttm)": "0.80", "Price/Book (mrq)": "2.22", "Enterprise Value/Revenue 3": "2.53", "Enterprise Value/EBITDA 7": "37.21"}, "1/31/2015": {"Duration": "1/31/2015", "Market Cap (intraday) 5": "539.24M", "Enterprise Value 3": "456.41M", "Trailing P/E ": "25.79", "Forward P/E 1": "18.18", "PEG Ratio (5 yr expected) 1": "1.82", "Price/Sales (ttm)": "0.93", "Price/Book (mrq)": "2.52", "Enterprise Value/Revenue 3": "3.86", "Enterprise Value/EBITDA 7": "177.73"}, "10/31/2014": {"Duration": "10/31/2014", "Market Cap (intraday) 5": "576.15M", "Enterprise Value 3": "490.62M", "Trailing P/E ": "22.95", "Forward P/E 1": "19.53", "PEG Ratio (5 yr expected) 1": "1.95", "Price/Sales (ttm)": "1.01", "Price/Book (mrq)": "2.75", "Enterprise Value/Revenue 3": "2.83", "Enterprise Value/EBITDA 7": "30.52"}, "7/31/2014": {"Duration": "7/31/2014", "Market Cap (intraday) 5": "480.02M", "Enterprise Value 3": "409.57M", "Trailing P/E ": "21.76", "Forward P/E 1": "16.29", "PEG Ratio (5 yr expected) 1": "1.63", "Price/Sales (ttm)": "0.88", "Price/Book (mrq)": "2.36", "Enterprise Value/Revenue 3": "2.46", "Enterprise Value/EBITDA 7": "23.46"}, "4/30/2014": {"Duration": "4/30/2014", "Market Cap (intraday) 5": "561.77M", "Enterprise Value 3": "480.57M", "Trailing P/E ": "25.53", "Forward P/E 1": "19.12", "PEG Ratio (5 yr expected) 1": "1.91", "Price/Sales (ttm)": "1.04", "Price/Book (mrq)": "2.75", "Enterprise Value/Revenue 3": "3.53", "Enterprise Value/EBITDA 7": "44.82"}, "1/31/2014": {"Duration": "1/31/2014", "Market Cap (intraday) 5": "629.89M", "Enterprise Value 3": "552.29M", "Trailing P/E ": "28.65", "Forward P/E 1": "19.76", "PEG Ratio (5 yr expected) 1": "1.98", "Price/Sales (ttm)": "1.17", "Price/Book (mrq)": "3.13", "Enterprise Value/Revenue 3": "4.79", "Enterprise Value/EBITDA 7": "76.70"}, "10/31/2013": {"Duration": "10/31/2013", "Market Cap (intraday) 5": "511.34M", "Enterprise Value 3": "464.85M", "Trailing P/E ": "23.92", "Forward P/E 1": "19.16", "PEG Ratio (5 yr expected) 1": "1.92", "Price/Sales (ttm)": "0.98", "Price/Book (mrq)": "2.68", "Enterprise Value/Revenue 3": "2.88", "Enterprise Value/EBITDA 7": "21.42"}, "7/31/2013": {"Duration": "7/31/2013", "Market Cap (intraday) 5": "462.51M", "Enterprise Value 3": "397.83M", "Trailing P/E ": "20.53", "Forward P/E 1": "17.92", "PEG Ratio (5 yr expected) 1": "1.79", "Price/Sales (ttm)": "0.89", "Price/Book (mrq)": "2.46", "Enterprise Value/Revenue 3": "2.87", "Enterprise Value/EBITDA 7": "32.16"}, "4/30/2013": {"Duration": "4/30/2013", "Market Cap (intraday) 5": "423.31M", "Enterprise Value 3": "373.27M", "Trailing P/E ": "20.81", "Forward P/E 1": "15.11", "PEG Ratio (5 yr expected) 1": "1.51", "Price/Sales (ttm)": "0.84", "Price/Book (mrq)": "2.28", "Enterprise Value/Revenue 3": "3.00", "Enterprise Value/EBITDA 7": "67.54"}, "1/31/2013": {"Duration": "1/31/2013", "Market Cap (intraday) 5": "502.32M", "Enterprise Value 3": "423.74M", "Trailing P/E ": "26.36", "Forward P/E 1": "18.32", "PEG Ratio (5 yr expected) 1": "1.83", "Price/Sales (ttm)": "0.97", "Price/Book (mrq)": "2.43", "Enterprise Value/Revenue 3": "3.82", "Enterprise Value/EBITDA 7": "81.24"}, "10/31/2012": {"Duration": "10/31/2012", "Market Cap (intraday) 5": "369.25M", "Enterprise Value 3": "290.67M", "Trailing P/E ": "19.49", "Forward P/E 1": "17.83", "PEG Ratio (5 yr expected) 1": "1.78", "Price/Sales (ttm)": "0.72", "Price/Book (mrq)": "1.78", "Enterprise Value/Revenue 3": "1.94", "Enterprise Value/EBITDA 7": "13.64"}, "7/31/2012": {"Duration": "7/31/2012", "Market Cap (intraday) 5": "324.87M", "Enterprise Value 3": "261.45M", "Trailing P/E ": "27.61", "Forward P/E 1": "20.66", "PEG Ratio (5 yr expected) 1": "2.06", "Price/Sales (ttm)": "0.65", "Price/Book (mrq)": "1.68", "Enterprise Value/Revenue 3": "1.97", "Enterprise Value/EBITDA 7": "17.62"}, "4/30/2012": {"Duration": "4/30/2012", "Market Cap (intraday) 5": "341.15M", "Enterprise Value 3": "287.93M", "Trailing P/E ": "40.70", "Forward P/E 1": "19.46", "PEG Ratio (5 yr expected) 1": "1.56", "Price/Sales (ttm)": "0.70", "Price/Book (mrq)": "1.79", "Enterprise Value/Revenue 3": "2.57", "Enterprise Value/EBITDA 7": "141.70"}, "1/31/2012": {"Duration": "1/31/2012", "Market Cap (intraday) 5": "458.28M", "Enterprise Value 3": "412.99M", "Trailing P/E ": "39.07", "Forward P/E 1": "20.41", "PEG Ratio (5 yr expected) 1": "1.53", "Price/Sales (ttm)": "0.94", "Price/Book (mrq)": "2.41", "Enterprise Value/Revenue 3": "3.36", "Enterprise Value/EBITDA 7": "62.23"}, "10/31/2011": {"Duration": "10/31/2011", "Market Cap (intraday) 5": "421.47M", "Enterprise Value 3": "335.48M", "Trailing P/E ": "36.07", "Forward P/E 1": "18.98", "PEG Ratio (5 yr expected) 1": "1.35", "Price/Sales (ttm)": "0.91", "Price/Book (mrq)": "2.02", "Enterprise Value/Revenue 3": "2.47", "Enterprise Value/EBITDA 7": "31.34"}, "7/31/2011": {"Duration": "7/31/2011", "Market Cap (intraday) 5": "414.16M", "Enterprise Value 3": "359.78M", "Trailing P/E ": "29.21", "Forward P/E 1": "17.04", "PEG Ratio (5 yr expected) 1": "1.13", "Price/Sales (ttm)": "0.95", "Price/Book (mrq)": "2.04", "Enterprise Value/Revenue 3": "3.03", "Enterprise Value/EBITDA 7": "35.78"}, "4/30/2011": {"Duration": "4/30/2011", "Market Cap (intraday) 5": "445.52M", "Enterprise Value 3": "451.09M", "Trailing P/E ": "71.47", "Forward P/E 1": "23.70", "PEG Ratio (5 yr expected) 1": "1.48", "Price/Sales (ttm)": "1.07", "Price/Book (mrq)": "2.24", "Enterprise Value/Revenue 3": "3.94", "Enterprise Value/EBITDA 7": "45.71"}, "1/31/2011": {"Duration": "1/31/2011", "Market Cap (intraday) 5": "634.66M", "Enterprise Value 3": "640.24M", "Trailing P/E ": "101.80", "Forward P/E 1": "30.21", "PEG Ratio (5 yr expected) 1": "1.89", "Price/Sales (ttm)": "1.52", "Price/Book (mrq)": "3.19", "Enterprise Value/Revenue 3": "6.41", "Enterprise Value/EBITDA 7": "92.44"}, "10/31/2010": {"Duration": "10/31/2010", "Market Cap (intraday) 5": "450.61M", "Enterprise Value 3": "466.70M", "Trailing P/E ": "N/A", "Forward P/E 1": "N/A", "PEG Ratio (5 yr expected) 1": "N/A", "Price/Sales (ttm)": "1.18", "Price/Book (mrq)": "2.18", "Enterprise Value/Revenue 3": "3.68", "Enterprise Value/EBITDA 7": "30.23"}, "7/31/2010": {"Duration": "7/31/2010", "Market Cap (intraday) 5": "351.40M", "Enterprise Value 3": "365.43M", "Trailing P/E ": "N/A", "Forward P/E 1": "31.85", "PEG Ratio (5 yr expected) 1": "2.12", "Price/Sales (ttm)": "0.89", "Price/Book (mrq)": "1.70", "Enterprise Value/Revenue 3": "3.64", "Enterprise Value/EBITDA 7": "37.55"}, "4/30/2010": {"Duration": "4/30/2010", "Market Cap (intraday) 5": "343.69M", "Enterprise Value 3": "357.72M", "Trailing P/E ": "N/A", "Forward P/E 1": "196.08", "PEG Ratio (5 yr expected) 1": "13.13", "Price/Sales (ttm)": "0.87", "Price/Book (mrq)": "1.66", "Enterprise Value/Revenue 3": "3.89", "Enterprise Value/EBITDA 7": "-466.39"}, "1/31/2010": {"Duration": "1/31/2010", "Market Cap (intraday) 5": "320.47M", "Enterprise Value 3": "321.50M", "Trailing P/E ": "30.04", "Forward P/E 1": "N/A", "PEG Ratio (5 yr expected) 1": "N/A", "Price/Sales (ttm)": "0.67", "Price/Book (mrq)": "1.48", "Enterprise Value/Revenue 3": "4.44", "Enterprise Value/EBITDA 7": "-39.47"}, "10/31/2009": {"Duration": "10/31/2009", "Market Cap (intraday) 5": "306.64M", "Enterprise Value 3": "315.13M", "Trailing P/E ": "17.49", "Forward P/E 1": "N/A", "PEG Ratio (5 yr expected) 1": "N/A", "Price/Sales (ttm)": "0.58", "Price/Book (mrq)": "1.45", "Enterprise Value/Revenue 3": "2.73", "Enterprise Value/EBITDA 7": "21.86"}, "7/31/2009": {"Duration": "7/31/2009", "Market Cap (intraday) 5": "338.62M", "Enterprise Value 3": "347.11M", "Trailing P/E ": "19.49", "Forward P/E 1": "N/A", "PEG Ratio (5 yr expected) 1": "N/A", "Price/Sales (ttm)": "0.65", "Price/Book (mrq)": "1.60", "Enterprise Value/Revenue 3": "3.06", "Enterprise Value/EBITDA 7": "39.50"}, "4/30/2009": {"Duration": "4/30/2009", "Market Cap (intraday) 5": "365.29M", "Enterprise Value 3": "334.74M", "Trailing P/E ": "14.12", "Forward P/E 1": "68.03", "PEG Ratio (5 yr expected) 1": "4.52", "Price/Sales (ttm)": "0.64", "Price/Book (mrq)": "1.72", "Enterprise Value/Revenue 3": "2.75", "Enterprise Value/EBITDA 7": "45.87"}, "1/31/2009": {"Duration": "1/31/2009", "Market Cap (intraday) 5": "348.72M", "Enterprise Value 3": "341.41M", "Trailing P/E ": "10.92", "Forward P/E 1": "64.94", "PEG Ratio (5 yr expected) 1": "4.32", "Price/Sales (ttm)": "0.62", "Price/Book (mrq)": "1.70", "Enterprise Value/Revenue 3": "2.64", "Enterprise Value/EBITDA 7": "26.36"}, "10/31/2008": {"Duration": "10/31/2008", "Market Cap (intraday) 5": "402.46M", "Enterprise Value 3": "395.15M", "Trailing P/E ": "12.61", "Forward P/E 1": "N/A", "PEG Ratio (5 yr expected) 1": "N/A", "Price/Sales (ttm)": "0.71", "Price/Book (mrq)": "1.97", "Enterprise Value/Revenue 3": "2.33", "Enterprise Value/EBITDA 7": "15.25"}, "7/31/2008": {"Duration": "7/31/2008", "Market Cap (intraday) 5": "721.28M", "Enterprise Value 3": "715.98M", "Trailing P/E ": "25.50", "Forward P/E 1": "133.33", "PEG Ratio (5 yr expected) 1": "8.93", "Price/Sales (ttm)": "1.36", "Price/Book (mrq)": "3.77", "Enterprise Value/Revenue 3": "4.41", "Enterprise Value/EBITDA 7": "34.56"}, "4/30/2008": {"Duration": "4/30/2008", "Market Cap (intraday) 5": "595.98M", "Enterprise Value 3": "587.62M", "Trailing P/E ": "23.48", "Forward P/E 1": "N/A", "PEG Ratio (5 yr expected) 1": "N/A", "Price/Sales (ttm)": "1.22", "Price/Book (mrq)": "3.25", "Enterprise Value/Revenue 3": "4.55", "Enterprise Value/EBITDA 7": "44.75"}, "1/31/2008": {"Duration": "1/31/2008", "Market Cap (intraday) 5": "822.70M", "Enterprise Value 3": "833.84M", "Trailing P/E ": "35.33", "Forward P/E 1": "N/A", "PEG Ratio (5 yr expected) 1": "N/A", "Price/Sales (ttm)": "1.76", "Price/Book (mrq)": "4.66", "Enterprise Value/Revenue 3": "7.05", "Enterprise Value/EBITDA 7": "67.13"}}, "inside": {"Date": ["INSIDER NAME", "TITLE", "DATE", "TRANSATION", "SHARE", "PRICE", "AMOUNT"], "2020-08-25 16:39:44": ["WIEMANN BRADLEY T", "EXEC VICE PRESIDENT", "2020-08-23", "OPTION EXERCISE", "2,800", "0.00", "0"], "2020-08-25 16:39:24": ["KURTENBACH REECE A", "CHAIRMAN, PRESIDENT AND CEO", "2020-08-23", "OPTION EXERCISE", "5,760", "0.00", "0"], "2020-08-25 16:39:06": ["KURTENBACH MATTHEW JOHN", "VP OF MANUFACTURING", "2020-08-23", "OPTION EXERCISE", "2,800", "0.00", "0"], "2020-08-25 16:38:40": ["GATZKE CARLA S", "SECRETARY AND VP OF HUMAN RESO", "2020-08-23", "OPTION EXERCISE", "2,650", "0.00", "0"], "2020-08-25 16:38:22": ["ANDERSON SHEILA MAE", "CFO & TREASURER", "2020-08-23", "OPTION EXERCISE", "2,800", "0.00", "0"], "2020-06-30 11:36:51": ["KURTENBACH REECE A", "CHAIRMAN, PRESIDENT AND CEO", "2020-06-26", "BUY", "10,000", "3.98", "39,775"]}}}, {"SSNI": {"quote": {"05/12/2021": {"value": "", "Net Assets": "N/A", "Beta (5Y Monthly)": "N/A", "Yield": "N/A", "5y Average Return": "N/A", "Holdings Turnover": "N/A", "Last Dividend": "N/A", "Average for Category": "N/A", "Inception Date": "N/A"}}, "fin": {}, "bs": {}, "cf": {}}}, {"IGOI": {"quote": {"05/12/2021": {"value": "3.6500", "Market Cap": "8.245M", "Beta (5Y Monthly)": "0.82", "PE Ratio (TTM)": "7.83", "EPS (TTM)": "0.4660", "Earnings Date": "May 14, 2020", "Forward Dividend & Yield": "N/A (N/A)", "Ex-Dividend Date": "N/A", "1y Target Est": "2.00"}}, "fin": {"TTM": {"Duration": "TTM", "Total Revenue": "16,928", "Cost of Revenue": "17,440", "Gross Profit": "-512", "Operating Expense": "11,631", "Operating Income": "-12,143", "Net Non Operating Interest Income Expense": "5", "Other Income Expense": "-428", "Pretax Income": "-12,566", "Tax Provision": "-", "Net Income Common Stockholders": "-12,566", "Diluted NI Available to Com Stockholders": "-12,566", "Basic EPS": "-", "Diluted EPS": "-", "Basic Average Shares": "-", "Diluted Average Shares": "-", "Total Operating Income as Reported": "-12,599", "Total Expenses": "29,071", "Net Income from Continuing & Discontinued Operation": "-12,566", "Normalized Income": "-12,138", "Net Interest Income": "5", "EBIT": "-12,143", "EBITDA": "-11,350", "Reconciled Cost of Revenue": "17,440", "Reconciled Depreciation": "793", "Net Income from Continuing Operation Net Minority Interest": "-12,566", "Total Unusual Items Excluding Goodwill": "-428", "Total Unusual Items": "-428", "Normalized EBITDA": "-10,922", "Tax Rate for Calcs": "0", "Tax Effect of Unusual Items": "0"}, "12/31/2013": {"Duration": "12/31/2013", "Total Revenue": "16,928", "Cost of Revenue": "17,440", "Gross Profit": "-512", "Operating Expense": "11,631", "Operating Income": "-12,143", "Net Non Operating Interest Income Expense": "5", "Other Income Expense": "-428", "Pretax Income": "-12,566", "Tax Provision": "0", "Net Income Common Stockholders": "-12,566", "Diluted NI Available to Com Stockholders": "-12,566", "Basic EPS": "-", "Diluted EPS": "-", "Basic Average Shares": "-", "Diluted Average Shares": "-", "Total Operating Income as Reported": "-12,599", "Total Expenses": "29,071", "Net Income from Continuing & Discontinued Operation": "-12,566", "Normalized Income": "-12,138", "Net Interest Income": "5", "EBIT": "-12,143", "EBITDA": "-", "Reconciled Cost of Revenue": "17,440", "Reconciled Depreciation": "793", "Net Income from Continuing Operation Net Minority Interest": "-12,566", "Total Unusual Items Excluding Goodwill": "-428", "Total Unusual Items": "-428", "Normalized EBITDA": "-10,922", "Tax Rate for Calcs": "0", "Tax Effect of Unusual Items": "0"}, "12/31/2012": {"Duration": "12/31/2012", "Total Revenue": "29,876", "Cost of Revenue": "24,593", "Gross Profit": "5,283", "Operating Expense": "14,497", "Operating Income": "-9,214", "Net Non Operating Interest Income Expense": "12", "Other Income Expense": "-2,822", "Pretax Income": "-12,024", "Tax Provision": "0", "Net Income Common Stockholders": "-12,024", "Diluted NI Available to Com Stockholders": "-12,024", "Basic EPS": "-4.22", "Diluted EPS": "-4.22", "Basic Average Shares": "2,852", "Diluted Average Shares": "2,852", "Total Operating Income as Reported": "-10,657", "Total Expenses": "39,090", "Net Income from Continuing & Discontinued Operation": "-12,024", "Normalized Income": "-9,202", "Net Interest Income": "12", "EBIT": "-9,214", "EBITDA": "-", "Reconciled Cost of Revenue": "24,593", "Reconciled Depreciation": "1,674", "Net Income from Continuing Operation Net Minority Interest": "-12,024", "Total Unusual Items Excluding Goodwill": "-2,822", "Total Unusual Items": "-2,822", "Normalized EBITDA": "-4,718", "Tax Rate for Calcs": "0", "Tax Effect of Unusual Items": "0"}, "12/31/2011": {"Duration": "12/31/2011", "Total Revenue": "38,372", "Cost of Revenue": "29,903", "Gross Profit": "8,469", "Operating Expense": "17,806", "Operating Income": "-9,337", "Net Non Operating Interest Income Expense": "62", "Other Income Expense": "-2,254", "Pretax Income": "-11,529", "Tax Provision": "0", "Net Income Common Stockholders": "-11,529", "Diluted NI Available to Com Stockholders": "-11,529", "Basic EPS": "-4.20", "Diluted EPS": "-4.20", "Basic Average Shares": "2,784", "Diluted Average Shares": "2,784", "Total Operating Income as Reported": "-11,597", "Total Expenses": "47,709", "Net Income from Continuing & Discontinued Operation": "-11,529", "Normalized Income": "-9,275", "Net Interest Income": "62", "EBIT": "-9,337", "EBITDA": "-", "Reconciled Cost of Revenue": "29,903", "Reconciled Depreciation": "1,806", "Net Income from Continuing Operation Net Minority Interest": "-11,529", "Total Unusual Items Excluding Goodwill": "-2,254", "Total Unusual Items": "-2,254", "Normalized EBITDA": "-5,277", "Tax Rate for Calcs": "0", "Tax Effect of Unusual Items": "0"}, "12/31/2010": {"Duration": "12/31/2010", "Total Revenue": "43,357", "Cost of Revenue": "28,947", "Gross Profit": "14,410", "Operating Expense": "16,924", "Operating Income": "-2,514", "Net Non Operating Interest Income Expense": "171", "Other Income Expense": "2,176", "Pretax Income": "-167", "Tax Provision": "-1,002", "Net Income Common Stockholders": "835", "Diluted NI Available to Com Stockholders": "835", "Basic EPS": "0.36", "Diluted EPS": "0.24", "Basic Average Shares": "2,731", "Diluted Average Shares": "2,923", "Total Operating Income as Reported": "-2,514", "Total Expenses": "45,871", "Net Income from Continuing & Discontinued Operation": "835", "Normalized Income": "-579.4", "Net Interest Income": "171", "EBIT": "-2,514", "EBITDA": "-", "Reconciled Cost of Revenue": "28,947", "Reconciled Depreciation": "1,573", "Net Income from Continuing Operation Net Minority Interest": "835", "Total Unusual Items Excluding Goodwill": "2,176", "Total Unusual Items": "2,176", "Normalized EBITDA": "-3,117", "Tax Rate for Calcs": "0", "Tax Effect of Unusual Items": "761.6"}, "12/31/2009": {"Duration": "12/31/2009", "Total Revenue": "55,420", "Cost of Revenue": "37,061", "Gross Profit": "18,359", "Operating Expense": "19,652", "Operating Income": "-1,293", "Net Non Operating Interest Income Expense": "127", "Other Income Expense": "667", "Pretax Income": "-499", "Tax Provision": "-234", "Net Income Common Stockholders": "-549", "Diluted NI Available to Com Stockholders": "-549", "Basic EPS": "-0.24", "Diluted EPS": "-0.24", "Basic Average Shares": "2,692", "Diluted Average Shares": "2,692", "Total Operating Income as Reported": "-1,293", "Total Expenses": "56,713", "Net Income from Continuing & Discontinued Operation": "-549", "Normalized Income": "-982.55", "Net Interest Income": "127", "EBIT": "-1,293", "EBITDA": "-", "Reconciled Cost of Revenue": "37,061", "Reconciled Depreciation": "1,524", "Net Income from Continuing Operation Net Minority Interest": "-549", "Total Unusual Items Excluding Goodwill": "667", "Total Unusual Items": "667", "Normalized EBITDA": "-436", "Tax Rate for Calcs": "0", "Tax Effect of Unusual Items": "233.45"}, "12/31/2008": {"Duration": "12/31/2008", "Total Revenue": "77,146", "Cost of Revenue": "54,554", "Gross Profit": "22,592", "Operating Expense": "24,509", "Operating Income": "-1,917", "Net Non Operating Interest Income Expense": "773", "Other Income Expense": "1,851", "Pretax Income": "707", "Tax Provision": "0", "Net Income Common Stockholders": "451", "Diluted NI Available to Com Stockholders": "451", "Basic EPS": "0.12", "Diluted EPS": "0.12", "Basic Average Shares": "2,649", "Diluted Average Shares": "2,866", "Total Operating Income as Reported": "-1,917", "Total Expenses": "79,063", "Net Income from Continuing & Discontinued Operation": "451", "Normalized Income": "-1,400", "Net Interest Income": "773", "EBIT": "-1,917", "EBITDA": "-", "Reconciled Cost of Revenue": "54,554", "Reconciled Depreciation": "1,563", "Net Income from Continuing Operation Net Minority Interest": "451", "Total Unusual Items Excluding Goodwill": "1,851", "Total Unusual Items": "1,851", "Normalized EBITDA": "-2,205", "Tax Rate for Calcs": "0", "Tax Effect of Unusual Items": "0"}, "12/31/2007": {"Duration": "12/31/2007", "Total Revenue": "77,719", "Cost of Revenue": "58,473", "Gross Profit": "19,246", "Operating Expense": "34,866", "Operating Income": "-15,620", "Net Non Operating Interest Income Expense": "-", "Other Income Expense": "-2,764", "Pretax Income": "-12,180", "Tax Provision": "-", "Net Income Common Stockholders": "-12,564", "Diluted NI Available to Com Stockholders": "-12,564", "Basic EPS": "-4.80", "Diluted EPS": "-4.80", "Basic Average Shares": "2,628", "Diluted Average Shares": "2,628", "Total Operating Income as Reported": "-15,620", "Total Expenses": "93,339", "Net Income from Continuing & Discontinued Operation": "-12,564", "Normalized Income": "-9,800", "Net Interest Income": "-", "EBIT": "-15,620", "EBITDA": "-", "Reconciled Cost of Revenue": "58,473", "Reconciled Depreciation": "4,699", "Net Income from Continuing Operation Net Minority Interest": "-12,564", "Total Unusual Items Excluding Goodwill": "-2,764", "Total Unusual Items": "-2,764", "Normalized EBITDA": "-8,157", "Tax Rate for Calcs": "0", "Tax Effect of Unusual Items": "0"}, "12/31/2006": {"Duration": "12/31/2006", "Total Revenue": "92,464", "Cost of Revenue": "69,348", "Gross Profit": "23,116", "Operating Expense": "41,039", "Operating Income": "-17,923", "Net Non Operating Interest Income Expense": "-", "Other Income Expense": "-8,194", "Pretax Income": "-16,842", "Tax Provision": "-", "Net Income Common Stockholders": "-16,842", "Diluted NI Available to Com Stockholders": "-16,842", "Basic EPS": "-6.48", "Diluted EPS": "-6.48", "Basic Average Shares": "2,616", "Diluted Average Shares": "2,616", "Total Operating Income as Reported": "-17,924", "Total Expenses": "110,387", "Net Income from Continuing & Discontinued Operation": "-16,842", "Normalized Income": "-8,648", "Net Interest Income": "-", "EBIT": "-17,923", "EBITDA": "-", "Reconciled Cost of Revenue": "69,348", "Reconciled Depreciation": "4,757", "Net Income from Continuing Operation Net Minority Interest": "-16,842", "Total Unusual Items Excluding Goodwill": "-8,194", "Total Unusual Items": "-8,194", "Normalized EBITDA": "-4,972", "Tax Rate for Calcs": "0", "Tax Effect of Unusual Items": "0"}, "12/31/2005": {"Duration": "12/31/2005", "Total Revenue": "85,501", "Cost of Revenue": "59,653", "Gross Profit": "25,848", "Operating Expense": "28,712", "Operating Income": "-2,864", "Net Non Operating Interest Income Expense": "-", "Other Income Expense": "7,343", "Pretax Income": "5,292", "Tax Provision": "285", "Net Income Common Stockholders": "5,007", "Diluted NI Available to Com Stockholders": "5,007", "Basic EPS": "2.04", "Diluted EPS": "1.92", "Basic Average Shares": "2,500", "Diluted Average Shares": "2,667", "Total Operating Income as Reported": "-2,864", "Total Expenses": "88,365", "Net Income from Continuing & Discontinued Operation": "5,007", "Normalized Income": "-1,941", "Net Interest Income": "-", "EBIT": "-2,864", "EBITDA": "-", "Reconciled Cost of Revenue": "59,653", "Reconciled Depreciation": "3,476", "Net Income from Continuing Operation Net Minority Interest": "5,007", "Total Unusual Items Excluding Goodwill": "7,343", "Total Unusual Items": "7,343", "Normalized EBITDA": "-6,731", "Tax Rate for Calcs": "0", "Tax Effect of Unusual Items": "395.4563"}, "12/31/2004": {"Duration": "12/31/2004", "Total Revenue": "70,213", "Cost of Revenue": "49,294", "Gross Profit": "20,919", "Operating Expense": "21,673", "Operating Income": "-754", "Net Non Operating Interest Income Expense": "-", "Other Income Expense": "-36", "Pretax Income": "-", "Tax Provision": "-", "Net Income Common Stockholders": "-1,256", "Diluted NI Available to Com Stockholders": "-1,256", "Basic EPS": "-0.48", "Diluted EPS": "-0.48", "Basic Average Shares": "2,336", "Diluted Average Shares": "2,336", "Total Operating Income as Reported": "-754", "Total Expenses": "70,967", "Net Income from Continuing & Discontinued Operation": "-1,256", "Normalized Income": "-768.4", "Net Interest Income": "-", "EBIT": "-754", "EBITDA": "-", "Reconciled Cost of Revenue": "49,294", "Reconciled Depreciation": "2,136", "Net Income from Continuing Operation Net Minority Interest": "-790", "Total Unusual Items Excluding Goodwill": "-36", "Total Unusual Items": "-36", "Normalized EBITDA": "1,418", "Tax Rate for Calcs": "0", "Tax Effect of Unusual Items": "-14.4"}, "12/31/2003": {"Duration": "12/31/2003", "Total Revenue": "51,870", "Cost of Revenue": "33,888", "Gross Profit": "17,982", "Operating Expense": "21,528", "Operating Income": "-3,546", "Net Non Operating Interest Income Expense": "-", "Other Income Expense": "4", "Pretax Income": "-", "Tax Provision": "-", "Net Income Common Stockholders": "-4,034", "Diluted NI Available to Com Stockholders": "-4,034", "Basic EPS": "-2.04", "Diluted EPS": "-2.04", "Basic Average Shares": "1,953", "Diluted Average Shares": "1,953", "Total Operating Income as Reported": "-3,546", "Total Expenses": "55,416", "Net Income from Continuing & Discontinued Operation": "-3,569", "Normalized Income": "-3,571", "Net Interest Income": "-", "EBIT": "-3,546", "EBITDA": "-", "Reconciled Cost of Revenue": "33,888", "Reconciled Depreciation": "1,836", "Net Income from Continuing Operation Net Minority Interest": "-3,569", "Total Unusual Items Excluding Goodwill": "4", "Total Unusual Items": "4", "Normalized EBITDA": "-1,714", "Tax Rate for Calcs": "0", "Tax Effect of Unusual Items": "1.6"}, "12/31/2002": {"Duration": "12/31/2002", "Total Revenue": "31,334", "Cost of Revenue": "24,040", "Gross Profit": "7,294", "Operating Expense": "21,097", "Operating Income": "-13,803", "Net Non Operating Interest Income Expense": "-", "Other Income Expense": "-60", "Pretax Income": "-", "Tax Provision": "-", "Net Income Common Stockholders": "-18,863", "Diluted NI Available to Com Stockholders": "-18,863", "Basic EPS": "-13.32", "Diluted EPS": "-13.32", "Basic Average Shares": "1,417", "Diluted Average Shares": "1,417", "Total Operating Income as Reported": "-13,803", "Total Expenses": "45,137", "Net Income from Continuing & Discontinued Operation": "-13,236", "Normalized Income": "-13,200", "Net Interest Income": "-", "EBIT": "-13,803", "EBITDA": "-", "Reconciled Cost of Revenue": "24,040", "Reconciled Depreciation": "1,710", "Net Income from Continuing Operation Net Minority Interest": "-13,236", "Total Unusual Items Excluding Goodwill": "-60", "Total Unusual Items": "-60", "Normalized EBITDA": "-12,033", "Tax Rate for Calcs": "0", "Tax Effect of Unusual Items": "-24"}, "12/31/2001": {"Duration": "12/31/2001", "Total Revenue": "28,325", "Cost of Revenue": "25,703", "Gross Profit": "2,622", "Operating Expense": "23,684", "Operating Income": "-21,062", "Net Non Operating Interest Income Expense": "-", "Other Income Expense": "65", "Pretax Income": "-19,684", "Tax Provision": "-", "Net Income Common Stockholders": "-19,684", "Diluted NI Available to Com Stockholders": "-19,684", "Basic EPS": "-15.96", "Diluted EPS": "-15.96", "Basic Average Shares": "1,234", "Diluted Average Shares": "1,234", "Total Operating Income as Reported": "-21,062", "Total Expenses": "49,387", "Net Income from Continuing & Discontinued Operation": "-19,684", "Normalized Income": "-19,749", "Net Interest Income": "-", "EBIT": "-21,062", "EBITDA": "-", "Reconciled Cost of Revenue": "25,703", "Reconciled Depreciation": "2,405", "Net Income from Continuing Operation Net Minority Interest": "-19,684", "Total Unusual Items Excluding Goodwill": "65", "Total Unusual Items": "65", "Normalized EBITDA": "-18,722", "Tax Rate for Calcs": "0", "Tax Effect of Unusual Items": "0"}, "12/31/2000": {"Duration": "12/31/2000", "Total Revenue": "28,005", "Cost of Revenue": "16,888", "Gross Profit": "11,117", "Operating Expense": "24,307", "Operating Income": "-13,191", "Net Non Operating Interest Income Expense": "-", "Other Income Expense": "-2,666", "Pretax Income": "-", "Tax Provision": "-", "Net Income Common Stockholders": "-15,335", "Diluted NI Available to Com Stockholders": "-15,335", "Basic EPS": "-18.60", "Diluted EPS": "-18.60", "Basic Average Shares": "823.711", "Diluted Average Shares": "823.711", "Total Operating Income as Reported": "-13,191", "Total Expenses": "41,196", "Net Income from Continuing & Discontinued Operation": "-15,286", "Normalized Income": "-13,687", "Net Interest Income": "-", "EBIT": "-13,191", "EBITDA": "-", "Reconciled Cost of Revenue": "16,888", "Reconciled Depreciation": "4,987", "Net Income from Continuing Operation Net Minority Interest": "-15,286", "Total Unusual Items Excluding Goodwill": "-2,666", "Total Unusual Items": "-2,666", "Normalized EBITDA": "-5,538", "Tax Rate for Calcs": "0", "Tax Effect of Unusual Items": "-1,066"}, "12/31/1999": {"Duration": "12/31/1999", "Total Revenue": "13,952", "Cost of Revenue": "5,595", "Gross Profit": "8,357", "Operating Expense": "18,391", "Operating Income": "-10,035", "Net Non Operating Interest Income Expense": "-", "Other Income Expense": "-126.056", "Pretax Income": "-", "Tax Provision": "-", "Net Income Common Stockholders": "-17,907", "Diluted NI Available to Com Stockholders": "-17,907", "Basic EPS": "-43.08", "Diluted EPS": "-43.08", "Basic Average Shares": "416.188", "Diluted Average Shares": "416.188", "Total Operating Income as Reported": "-10,035", "Total Expenses": "23,987", "Net Income from Continuing & Discontinued Operation": "-16,457", "Normalized Income": "-16,381", "Net Interest Income": "-", "EBIT": "-10,035", "EBITDA": "-", "Reconciled Cost of Revenue": "5,595", "Reconciled Depreciation": "6,156", "Net Income from Continuing Operation Net Minority Interest": "-16,457", "Total Unusual Items Excluding Goodwill": "-126.056", "Total Unusual Items": "-126.056", "Normalized EBITDA": "-3,753", "Tax Rate for Calcs": "0", "Tax Effect of Unusual Items": "-50.4224"}}, "bs": {"12/31/2013": {"Duration": "12/31/2013", "Total Assets": "12,103", "Total Liabilities Net Minority Interest": "2,701", "Total Equity Gross Minority Interest": "9,402", "Total Capitalization": "9,402", "Preferred Stock Equity": "-", "Common Stock Equity": "9,402", "Net Tangible Assets": "9,253", "Working Capital": "8,968", "Invested Capital": "9,402", "Tangible Book Value": "9,253", "Total Debt": "-", "Net Debt": "-", "Share Issued": "2,945", "Ordinary Shares Number": "2,945"}, "12/31/2012": {"Duration": "12/31/2012", "Total Assets": "24,865", "Total Liabilities Net Minority Interest": "3,801", "Total Equity Gross Minority Interest": "21,064", "Total Capitalization": "21,064", "Preferred Stock Equity": "-", "Common Stock Equity": "21,064", "Net Tangible Assets": "20,063", "Working Capital": "19,400", "Invested Capital": "21,064", "Tangible Book Value": "20,063", "Total Debt": "-", "Net Debt": "-", "Share Issued": "2,897", "Ordinary Shares Number": "2,897"}, "12/31/2011": {"Duration": "12/31/2011", "Total Assets": "37,278", "Total Liabilities Net Minority Interest": "6,411", "Total Equity Gross Minority Interest": "30,867", "Total Capitalization": "30,867", "Preferred Stock Equity": "-", "Common Stock Equity": "30,867", "Net Tangible Assets": "27,466", "Working Capital": "26,299", "Invested Capital": "30,867", "Tangible Book Value": "27,466", "Total Debt": "-", "Net Debt": "-", "Share Issued": "2,812", "Ordinary Shares Number": "2,812"}, "12/31/2010": {"Duration": "12/31/2010", "Total Assets": "50,173", "Total Liabilities Net Minority Interest": "7,875", "Total Equity Gross Minority Interest": "42,298", "Total Capitalization": "42,298", "Preferred Stock Equity": "-", "Common Stock Equity": "42,298", "Net Tangible Assets": "36,799", "Working Capital": "35,986", "Invested Capital": "42,298", "Tangible Book Value": "36,799", "Total Debt": "-", "Net Debt": "-", "Share Issued": "2,741", "Ordinary Shares Number": "2,741"}, "12/31/2009": {"Duration": "12/31/2009", "Total Assets": "47,734", "Total Liabilities Net Minority Interest": "6,500", "Total Equity Gross Minority Interest": "41,234", "Total Capitalization": "40,310", "Preferred Stock Equity": "-", "Common Stock Equity": "40,310", "Net Tangible Assets": "39,223", "Working Capital": "39,083", "Invested Capital": "40,310", "Tangible Book Value": "39,223", "Total Debt": "-", "Net Debt": "-", "Share Issued": "2,701", "Ordinary Shares Number": "2,701"}, "12/31/2008": {"Duration": "12/31/2008", "Total Assets": "51,235", "Total Liabilities Net Minority Interest": "10,898", "Total Equity Gross Minority Interest": "40,337", "Total Capitalization": "39,697", "Preferred Stock Equity": "-", "Common Stock Equity": "39,697", "Net Tangible Assets": "38,466", "Working Capital": "37,639", "Invested Capital": "39,697", "Tangible Book Value": "38,466", "Total Debt": "-", "Net Debt": "-", "Share Issued": "2,658", "Ordinary Shares Number": "2,658"}, "12/31/2007": {"Duration": "12/31/2007", "Total Assets": "54,150", "Total Liabilities Net Minority Interest": "16,310", "Total Equity Gross Minority Interest": "37,840", "Total Capitalization": "37,456", "Preferred Stock Equity": "-", "Common Stock Equity": "37,456", "Net Tangible Assets": "35,530", "Working Capital": "33,400", "Invested Capital": "37,456", "Tangible Book Value": "35,530", "Total Debt": "-", "Net Debt": "-", "Share Issued": "2,619", "Ordinary Shares Number": "2,619"}, "12/31/2006": {"Duration": "12/31/2006", "Total Assets": "65,864", "Total Liabilities Net Minority Interest": "16,459", "Total Equity Gross Minority Interest": "49,405", "Total Capitalization": "49,405", "Preferred Stock Equity": "-", "Common Stock Equity": "49,405", "Net Tangible Assets": "42,398", "Working Capital": "34,495", "Invested Capital": "49,430", "Tangible Book Value": "42,398", "Total Debt": "25", "Net Debt": "-", "Share Issued": "2,641", "Ordinary Shares Number": "2,641"}, "12/31/2005": {"Duration": "12/31/2005", "Total Assets": "83,910", "Total Liabilities Net Minority Interest": "24,561", "Total Equity Gross Minority Interest": "59,349", "Total Capitalization": "59,374", "Preferred Stock Equity": "-", "Common Stock Equity": "59,349", "Net Tangible Assets": "46,059", "Working Capital": "42,902", "Invested Capital": "59,811", "Tangible Book Value": "46,059", "Total Debt": "462", "Net Debt": "-", "Share Issued": "2,563", "Ordinary Shares Number": "2,563"}, "12/31/2004": {"Duration": "12/31/2004", "Total Assets": "56,791", "Total Liabilities Net Minority Interest": "14,716", "Total Equity Gross Minority Interest": "42,075", "Total Capitalization": "42,538", "Preferred Stock Equity": "3", "Common Stock Equity": "42,072", "Net Tangible Assets": "27,072", "Working Capital": "23,376", "Invested Capital": "42,863", "Tangible Book Value": "27,069", "Total Debt": "791", "Net Debt": "-", "Share Issued": "2,367", "Ordinary Shares Number": "2,367"}, "12/31/2003": {"Duration": "12/31/2003", "Total Assets": "50,263", "Total Liabilities Net Minority Interest": "9,191", "Total Equity Gross Minority Interest": "41,072", "Total Capitalization": "41,598", "Preferred Stock Equity": "3", "Common Stock Equity": "41,069", "Net Tangible Assets": "24,253", "Working Capital": "22,348", "Invested Capital": "42,116", "Tangible Book Value": "24,250", "Total Debt": "1,047", "Net Debt": "-", "Share Issued": "2,270", "Ordinary Shares Number": "2,270"}, "12/31/2002": {"Duration": "12/31/2002", "Total Assets": "28,369", "Total Liabilities Net Minority Interest": "10,741", "Total Equity Gross Minority Interest": "17,628", "Total Capitalization": "19,013", "Preferred Stock Equity": "6", "Common Stock Equity": "17,622", "Net Tangible Assets": "9,363", "Working Capital": "5,645", "Invested Capital": "19,337", "Tangible Book Value": "9,357", "Total Debt": "1,715", "Net Debt": "-", "Share Issued": "1,657", "Ordinary Shares Number": "1,657"}, "12/31/2001": {"Duration": "12/31/2001", "Total Assets": "35,037", "Total Liabilities Net Minority Interest": "4,889", "Total Equity Gross Minority Interest": "30,148", "Total Capitalization": "30,148", "Preferred Stock Equity": "7", "Common Stock Equity": "30,141", "Net Tangible Assets": "24,521", "Working Capital": "19,392", "Invested Capital": "30,141", "Tangible Book Value": "24,514", "Total Debt": "-", "Net Debt": "-", "Share Issued": "1,244", "Ordinary Shares Number": "1,244"}, "12/31/2000": {"Duration": "12/31/2000", "Total Assets": "55,674", "Total Liabilities Net Minority Interest": "6,770", "Total Equity Gross Minority Interest": "48,904", "Total Capitalization": "48,904", "Preferred Stock Equity": "12.637", "Common Stock Equity": "48,892", "Net Tangible Assets": "42,849", "Working Capital": "37,013", "Invested Capital": "48,928", "Tangible Book Value": "42,836", "Total Debt": "36.636", "Net Debt": "-", "Share Issued": "1,229", "Ordinary Shares Number": "1,229"}, "12/31/1999": {"Duration": "12/31/1999", "Total Assets": "14,899", "Total Liabilities Net Minority Interest": "12,589", "Total Equity Gross Minority Interest": "2,310", "Total Capitalization": "10,361", "Preferred Stock Equity": "23.991", "Common Stock Equity": "2,286", "Net Tangible Assets": "2,310", "Working Capital": "5,483", "Invested Capital": "11,467", "Tangible Book Value": "2,286", "Total Debt": "9,180", "Net Debt": "4,388", "Share Issued": "946.972", "Ordinary Shares Number": "946.972"}}, "cf": {"TTM": {"Duration": "TTM", "Operating Cash Flow": "-1,395", "Investing Cash Flow": "-108", "Financing Cash Flow": "0", "End Cash Position": "6,854", "Interest Paid Supplemental Data": "-", "Capital Expenditure": "-", "Issuance of Capital Stock": "-", "Issuance of Debt": "-", "Repayment of Debt": "-", "Repurchase of Capital Stock": "-", "Free Cash Flow": "-1,395"}, "12/31/2013": {"Duration": "12/31/2013", "Operating Cash Flow": "-1,395", "Investing Cash Flow": "-108", "Financing Cash Flow": "0", "End Cash Position": "6,854", "Interest Paid Supplemental Data": "-", "Capital Expenditure": "-", "Issuance of Capital Stock": "-", "Issuance of Debt": "-", "Repayment of Debt": "-", "Repurchase of Capital Stock": "-", "Free Cash Flow": "-1,395"}, "12/31/2012": {"Duration": "12/31/2012", "Operating Cash Flow": "-4,247", "Investing Cash Flow": "2,204", "Financing Cash Flow": "0", "End Cash Position": "8,229", "Interest Paid Supplemental Data": "-", "Capital Expenditure": "-575", "Issuance of Capital Stock": "-", "Issuance of Debt": "-", "Repayment of Debt": "-", "Repurchase of Capital Stock": "-", "Free Cash Flow": "-4,822"}, "12/31/2011": {"Duration": "12/31/2011", "Operating Cash Flow": "-6,673", "Investing Cash Flow": "7,331", "Financing Cash Flow": "0", "End Cash Position": "10,290", "Interest Paid Supplemental Data": "-", "Capital Expenditure": "-1,078", "Issuance of Capital Stock": "-", "Issuance of Debt": "-", "Repayment of Debt": "-", "Repurchase of Capital Stock": "-", "Free Cash Flow": "-7,751"}, "12/31/2010": {"Duration": "12/31/2010", "Operating Cash Flow": "-3,582", "Investing Cash Flow": "-6,214", "Financing Cash Flow": "-", "End Cash Position": "9,942", "Interest Paid Supplemental Data": "-", "Capital Expenditure": "-280", "Issuance of Capital Stock": "-", "Issuance of Debt": "-", "Repayment of Debt": "-", "Repurchase of Capital Stock": "-", "Free Cash Flow": "-3,862"}, "12/31/2009": {"Duration": "12/31/2009", "Operating Cash Flow": "2,235", "Investing Cash Flow": "-8,272", "Financing Cash Flow": "0", "End Cash Position": "20,091", "Interest Paid Supplemental Data": "-", "Capital Expenditure": "-524", "Issuance of Capital Stock": "-", "Issuance of Debt": "-", "Repayment of Debt": "0", "Repurchase of Capital Stock": "0", "Free Cash Flow": "1,711"}, "12/31/2008": {"Duration": "12/31/2008", "Operating Cash Flow": "5,542", "Investing Cash Flow": "4,717", "Financing Cash Flow": "37", "End Cash Position": "26,139", "Interest Paid Supplemental Data": "0", "Capital Expenditure": "-342", "Issuance of Capital Stock": "0", "Issuance of Debt": "0", "Repayment of Debt": "-", "Repurchase of Capital Stock": "-", "Free Cash Flow": "5,200"}, "12/31/2007": {"Duration": "12/31/2007", "Operating Cash Flow": "3,443", "Investing Cash Flow": "5,148", "Financing Cash Flow": "-1,919", "End Cash Position": "15,908", "Interest Paid Supplemental Data": "-", "Capital Expenditure": "-464", "Issuance of Capital Stock": "253", "Issuance of Debt": "-", "Repayment of Debt": "-", "Repurchase of Capital Stock": "-2,147", "Free Cash Flow": "2,979"}, "12/31/2006": {"Duration": "12/31/2006", "Operating Cash Flow": "-11,137", "Investing Cash Flow": "6,036", "Financing Cash Flow": "615", "End Cash Position": "9,201", "Interest Paid Supplemental Data": "-", "Capital Expenditure": "-1,496", "Issuance of Capital Stock": "640", "Issuance of Debt": "-", "Repayment of Debt": "-", "Repurchase of Capital Stock": "-", "Free Cash Flow": "-12,633"}, "12/31/2005": {"Duration": "12/31/2005", "Operating Cash Flow": "-941", "Investing Cash Flow": "-10,032", "Financing Cash Flow": "11,915", "End Cash Position": "13,637", "Interest Paid Supplemental Data": "-", "Capital Expenditure": "-1,411", "Issuance of Capital Stock": "11,940", "Issuance of Debt": "-", "Repayment of Debt": "-", "Repurchase of Capital Stock": "-", "Free Cash Flow": "-2,352"}, "12/31/2004": {"Duration": "12/31/2004", "Operating Cash Flow": "474", "Investing Cash Flow": "-722", "Financing Cash Flow": "1,935", "End Cash Position": "12,768", "Interest Paid Supplemental Data": "-", "Capital Expenditure": "-1,110", "Issuance of Capital Stock": "2,019", "Issuance of Debt": "-", "Repayment of Debt": "-", "Repurchase of Capital Stock": "-", "Free Cash Flow": "-636"}, "12/31/2003": {"Duration": "12/31/2003", "Operating Cash Flow": "-9,755", "Investing Cash Flow": "-712", "Financing Cash Flow": "18,219", "End Cash Position": "11,024", "Interest Paid Supplemental Data": "-", "Capital Expenditure": "-716", "Issuance of Capital Stock": "18,322", "Issuance of Debt": "-", "Repayment of Debt": "-", "Repurchase of Capital Stock": "-", "Free Cash Flow": "-10,471"}, "12/31/2002": {"Duration": "12/31/2002", "Operating Cash Flow": "-7,597", "Investing Cash Flow": "-4,285", "Financing Cash Flow": "230", "End Cash Position": "3,166", "Interest Paid Supplemental Data": "-", "Capital Expenditure": "-938", "Issuance of Capital Stock": "227", "Issuance of Debt": "-", "Repayment of Debt": "-", "Repurchase of Capital Stock": "-", "Free Cash Flow": "-8,535"}, "12/31/2001": {"Duration": "12/31/2001", "Operating Cash Flow": "-12,793", "Investing Cash Flow": "-2,783", "Financing Cash Flow": "-17", "End Cash Position": "14,753", "Interest Paid Supplemental Data": "-", "Capital Expenditure": "-1,379", "Issuance of Capital Stock": "20", "Issuance of Debt": "-", "Repayment of Debt": "-", "Repurchase of Capital Stock": "-", "Free Cash Flow": "-14,172"}, "12/31/2000": {"Duration": "12/31/2000", "Operating Cash Flow": "-14,220", "Investing Cash Flow": "-6,241", "Financing Cash Flow": "46,038", "End Cash Position": "30,369", "Interest Paid Supplemental Data": "-", "Capital Expenditure": "-943.71", "Issuance of Capital Stock": "55,234", "Issuance of Debt": "-", "Repayment of Debt": "-", "Repurchase of Capital Stock": "-50", "Free Cash Flow": "-15,164"}, "12/31/1999": {"Duration": "12/31/1999", "Operating Cash Flow": "-11,499", "Investing Cash Flow": "-724.268", "Financing Cash Flow": "14,573", "End Cash Position": "4,792", "Interest Paid Supplemental Data": "-", "Capital Expenditure": "-724.268", "Issuance of Capital Stock": "12,244", "Issuance of Debt": "-", "Repayment of Debt": "-", "Repurchase of Capital Stock": "-", "Free Cash Flow": "-12,223"}}, "ks": {"Current": {"Duration": "Current", "Market Cap (intraday) 5": "8.25M", "Enterprise Value 3": "8.25M", "Trailing P/E ": "N/A", "Forward P/E 1": "N/A", "PEG Ratio (5 yr expected) 1": "N/A", "Price/Sales (ttm)": "0.45", "Price/Book (mrq)": "0.83", "Enterprise Value/Revenue 3": "0.49", "Enterprise Value/EBITDA 7": "-0.73"}, "12/31/2013": {"Duration": "12/31/2013", "Market Cap (intraday) 5": "7.66M", "Enterprise Value 3": "-1.69M", "Trailing P/E ": "N/A", "Forward P/E 1": "4.33", "PEG Ratio (5 yr expected) 1": "N/A", "Price/Sales (ttm)": "0.37", "Price/Book (mrq)": "0.62", "Enterprise Value/Revenue 3": "-0.53", "Enterprise Value/EBITDA 7": "0.61"}, "9/30/2013": {"Duration": "9/30/2013", "Market Cap (intraday) 5": "8.86M", "Enterprise Value 3": "-2.58M", "Trailing P/E ": "N/A", "Forward P/E 1": "5.02", "PEG Ratio (5 yr expected) 1": "N/A", "Price/Sales (ttm)": "0.35", "Price/Book (mrq)": "0.53", "Enterprise Value/Revenue 3": "-0.75", "Enterprise Value/EBITDA 7": "0.55"}, "6/30/2013": {"Duration": "6/30/2013", "Market Cap (intraday) 5": "6.81M", "Enterprise Value 3": "-3.54M", "Trailing P/E ": "N/A", "Forward P/E 1": "3.90", "PEG Ratio (5 yr expected) 1": "N/A", "Price/Sales (ttm)": "0.25", "Price/Book (mrq)": "0.36", "Enterprise Value/Revenue 3": "-0.75", "Enterprise Value/EBITDA 7": "1.93"}, "3/31/2013": {"Duration": "3/31/2013", "Market Cap (intraday) 5": "11.39M", "Enterprise Value 3": "1.03M", "Trailing P/E ": "N/A", "Forward P/E 1": "6.55", "PEG Ratio (5 yr expected) 1": "N/A", "Price/Sales (ttm)": "0.38", "Price/Book (mrq)": "0.54", "Enterprise Value/Revenue 3": "0.18", "Enterprise Value/EBITDA 7": "-0.50"}, "12/31/2012": {"Duration": "12/31/2012", "Market Cap (intraday) 5": "9.91M", "Enterprise Value 3": "-450.51k", "Trailing P/E ": "N/A", "Forward P/E 1": "5.70", "PEG Ratio (5 yr expected) 1": "N/A", "Price/Sales (ttm)": "0.33", "Price/Book (mrq)": "0.47", "Enterprise Value/Revenue 3": "-0.07", "Enterprise Value/EBITDA 7": "0.26"}, "9/30/2012": {"Duration": "9/30/2012", "Market Cap (intraday) 5": "13.04M", "Enterprise Value 3": "170.91k", "Trailing P/E ": "N/A", "Forward P/E 1": "7.61", "PEG Ratio (5 yr expected) 1": "N/A", "Price/Sales (ttm)": "0.38", "Price/Book (mrq)": "0.51", "Enterprise Value/Revenue 3": "0.02", "Enterprise Value/EBITDA 7": "-0.12"}, "6/30/2012": {"Duration": "6/30/2012", "Market Cap (intraday) 5": "14.18M", "Enterprise Value 3": "554.35k", "Trailing P/E ": "N/A", "Forward P/E 1": "8.30", "PEG Ratio (5 yr expected) 1": "N/A", "Price/Sales (ttm)": "0.37", "Price/Book (mrq)": "0.50", "Enterprise Value/Revenue 3": "0.08", "Enterprise Value/EBITDA 7": "-0.26"}, "3/31/2012": {"Duration": "3/31/2012", "Market Cap (intraday) 5": "28.80M", "Enterprise Value 3": "13.62M", "Trailing P/E ": "N/A", "Forward P/E 1": "17.01", "PEG Ratio (5 yr expected) 1": "N/A", "Price/Sales (ttm)": "0.74", "Price/Book (mrq)": "0.93", "Enterprise Value/Revenue 3": "1.65", "Enterprise Value/EBITDA 7": "-5.91"}, "12/31/2011": {"Duration": "12/31/2011", "Market Cap (intraday) 5": "25.99M", "Enterprise Value 3": "11.78M", "Trailing P/E ": "N/A", "Forward P/E 1": "38.61", "PEG Ratio (5 yr expected) 1": "N/A", "Price/Sales (ttm)": "0.61", "Price/Book (mrq)": "0.70", "Enterprise Value/Revenue 3": "1.36", "Enterprise Value/EBITDA 7": "-4.06"}, "9/30/2011": {"Duration": "9/30/2011", "Market Cap (intraday) 5": "43.07M", "Enterprise Value 3": "28.86M", "Trailing P/E ": "N/A", "Forward P/E 1": "64.10", "PEG Ratio (5 yr expected) 1": "N/A", "Price/Sales (ttm)": "1.02", "Price/Book (mrq)": "1.16", "Enterprise Value/Revenue 3": "2.99", "Enterprise Value/EBITDA 7": "-15.78"}, "6/30/2011": {"Duration": "6/30/2011", "Market Cap (intraday) 5": "54.49M", "Enterprise Value 3": "38.50M", "Trailing P/E ": "N/A", "Forward P/E 1": "23.31", "PEG Ratio (5 yr expected) 1": "N/A", "Price/Sales (ttm)": "1.24", "Price/Book (mrq)": "1.38", "Enterprise Value/Revenue 3": "3.55", "Enterprise Value/EBITDA 7": "-24.15"}, "3/31/2011": {"Duration": "3/31/2011", "Market Cap (intraday) 5": "93.51M", "Enterprise Value 3": "70.19M", "Trailing P/E ": "N/A", "Forward P/E 1": "40.32", "PEG Ratio (5 yr expected) 1": "N/A", "Price/Sales (ttm)": "2.22", "Price/Book (mrq)": "2.29", "Enterprise Value/Revenue 3": "7.61", "Enterprise Value/EBITDA 7": "-58.20"}, "12/31/2010": {"Duration": "12/31/2010", "Market Cap (intraday) 5": "126.31M", "Enterprise Value 3": "101.84M", "Trailing P/E ": "192.00", "Forward P/E 1": "N/A", "PEG Ratio (5 yr expected) 1": "N/A", "Price/Sales (ttm)": "3.11", "Price/Book (mrq)": "2.99", "Enterprise Value/Revenue 3": "7.70", "Enterprise Value/EBITDA 7": "-452.62"}, "9/30/2010": {"Duration": "9/30/2010", "Market Cap (intraday) 5": "63.80M", "Enterprise Value 3": "32.11M", "Trailing P/E ": "194.00", "Forward P/E 1": "N/A", "PEG Ratio (5 yr expected) 1": "N/A", "Price/Sales (ttm)": "1.42", "Price/Book (mrq)": "1.54", "Enterprise Value/Revenue 3": "2.63", "Enterprise Value/EBITDA 7": "276.80"}, "6/30/2010": {"Duration": "6/30/2010", "Market Cap (intraday) 5": "49.32M", "Enterprise Value 3": "15.27M", "Trailing P/E ": "75.00", "Forward P/E 1": "N/A", "PEG Ratio (5 yr expected) 1": "N/A", "Price/Sales (ttm)": "1.08", "Price/Book (mrq)": "1.21", "Enterprise Value/Revenue 3": "1.57", "Enterprise Value/EBITDA 7": "-120.27"}, "3/31/2010": {"Duration": "3/31/2010", "Market Cap (intraday) 5": "65.72M", "Enterprise Value 3": "32.54M", "Trailing P/E ": "67.00", "Forward P/E 1": "N/A", "PEG Ratio (5 yr expected) 1": "N/A", "Price/Sales (ttm)": "1.31", "Price/Book (mrq)": "1.60", "Enterprise Value/Revenue 3": "3.98", "Enterprise Value/EBITDA 7": "-46.15"}, "12/31/2009": {"Duration": "12/31/2009", "Market Cap (intraday) 5": "39.87M", "Enterprise Value 3": "7.00M", "Trailing P/E ": "N/A", "Forward P/E 1": "N/A", "PEG Ratio (5 yr expected) 1": "N/A", "Price/Sales (ttm)": "0.72", "Price/Book (mrq)": "0.99", "Enterprise Value/Revenue 3": "0.60", "Enterprise Value/EBITDA 7": "52.61"}, "9/30/2009": {"Duration": "9/30/2009", "Market Cap (intraday) 5": "35.33M", "Enterprise Value 3": "1.74M", "Trailing P/E ": "N/A", "Forward P/E 1": "N/A", "PEG Ratio (5 yr expected) 1": "N/A", "Price/Sales (ttm)": "0.56", "Price/Book (mrq)": "0.88", "Enterprise Value/Revenue 3": "0.13", "Enterprise Value/EBITDA 7": "2.24"}, "6/30/2009": {"Duration": "6/30/2009", "Market Cap (intraday) 5": "22.69M", "Enterprise Value 3": "-10.88M", "Trailing P/E ": "N/A", "Forward P/E 1": "N/A", "PEG Ratio (5 yr expected) 1": "N/A", "Price/Sales (ttm)": "0.35", "Price/Book (mrq)": "0.58", "Enterprise Value/Revenue 3": "-0.72", "Enterprise Value/EBITDA 7": "-27.97"}, "3/31/2009": {"Duration": "3/31/2009", "Market Cap (intraday) 5": "17.98M", "Enterprise Value 3": "-11.70M", "Trailing P/E ": "N/A", "Forward P/E 1": "N/A", "PEG Ratio (5 yr expected) 1": "N/A", "Price/Sales (ttm)": "0.26", "Price/Book (mrq)": "0.46", "Enterprise Value/Revenue 3": "-0.78", "Enterprise Value/EBITDA 7": "10.96"}, "12/31/2008": {"Duration": "12/31/2008", "Market Cap (intraday) 5": "22.33M", "Enterprise Value 3": "-8.77M", "Trailing P/E ": "70.00", "Forward P/E 1": "N/A", "PEG Ratio (5 yr expected) 1": "N/A", "Price/Sales (ttm)": "0.31", "Price/Book (mrq)": "0.56", "Enterprise Value/Revenue 3": "-0.45", "Enterprise Value/EBITDA 7": "24.30"}, "9/30/2008": {"Duration": "9/30/2008", "Market Cap (intraday) 5": "33.79M", "Enterprise Value 3": "7.08M", "Trailing P/E ": "N/A", "Forward P/E 1": "N/A", "PEG Ratio (5 yr expected) 1": "N/A", "Price/Sales (ttm)": "0.46", "Price/Book (mrq)": "0.86", "Enterprise Value/Revenue 3": "0.35", "Enterprise Value/EBITDA 7": "7.63"}, "6/30/2008": {"Duration": "6/30/2008", "Market Cap (intraday) 5": "39.99M", "Enterprise Value 3": "12.40M", "Trailing P/E ": "N/A", "Forward P/E 1": "N/A", "PEG Ratio (5 yr expected) 1": "N/A", "Price/Sales (ttm)": "0.52", "Price/Book (mrq)": "1.05", "Enterprise Value/Revenue 3": "0.67", "Enterprise Value/EBITDA 7": "442.71"}, "3/31/2008": {"Duration": "3/31/2008", "Market Cap (intraday) 5": "40.08M", "Enterprise Value 3": "13.09M", "Trailing P/E ": "N/A", "Forward P/E 1": "N/A", "PEG Ratio (5 yr expected) 1": "N/A", "Price/Sales (ttm)": "0.52", "Price/Book (mrq)": "1.06", "Enterprise Value/Revenue 3": "0.69", "Enterprise Value/EBITDA 7": "-13.79"}, "12/31/2007": {"Duration": "12/31/2007", "Market Cap (intraday) 5": "49.03M", "Enterprise Value 3": "24.09M", "Trailing P/E ": "N/A", "Forward P/E 1": "N/A", "PEG Ratio (5 yr expected) 1": "N/A", "Price/Sales (ttm)": "0.63", "Price/Book (mrq)": "1.31", "Enterprise Value/Revenue 3": "1.19", "Enterprise Value/EBITDA 7": "-12.28"}, "9/30/2007": {"Duration": "9/30/2007", "Market Cap (intraday) 5": "110.31M", "Enterprise Value 3": "89.61M", "Trailing P/E ": "N/A", "Forward P/E 1": "N/A", "PEG Ratio (5 yr expected) 1": "N/A", "Price/Sales (ttm)": "1.36", "Price/Book (mrq)": "2.63", "Enterprise Value/Revenue 3": "4.71", "Enterprise Value/EBITDA 7": "-145.01"}, "6/30/2007": {"Duration": "6/30/2007", "Market Cap (intraday) 5": "118.37M", "Enterprise Value 3": "98.44M", "Trailing P/E ": "N/A", "Forward P/E 1": "N/A", "PEG Ratio (5 yr expected) 1": "N/A", "Price/Sales (ttm)": "1.36", "Price/Book (mrq)": "2.47", "Enterprise Value/Revenue 3": "5.05", "Enterprise Value/EBITDA 7": "-15.76"}, "3/31/2007": {"Duration": "3/31/2007", "Market Cap (intraday) 5": "98.96M", "Enterprise Value 3": "81.65M", "Trailing P/E ": "N/A", "Forward P/E 1": "N/A", "PEG Ratio (5 yr expected) 1": "N/A", "Price/Sales (ttm)": "1.06", "Price/Book (mrq)": "2.00", "Enterprise Value/Revenue 3": "4.33", "Enterprise Value/EBITDA 7": "-38.93"}, "12/31/2006": {"Duration": "12/31/2006", "Market Cap (intraday) 5": "106.17M", "Enterprise Value 3": "85.72M", "Trailing P/E ": "N/A", "Forward P/E 1": "N/A", "PEG Ratio (5 yr expected) 1": "N/A", "Price/Sales (ttm)": "1.10", "Price/Book (mrq)": "1.92", "Enterprise Value/Revenue 3": "4.44", "Enterprise Value/EBITDA 7": "-19.60"}, "9/30/2006": {"Duration": "9/30/2006", "Market Cap (intraday) 5": "175.59M", "Enterprise Value 3": "149.73M", "Trailing P/E ": "N/A", "Forward P/E 1": "N/A", "PEG Ratio (5 yr expected) 1": "N/A", "Price/Sales (ttm)": "1.90", "Price/Book (mrq)": "2.73", "Enterprise Value/Revenue 3": "6.19", "Enterprise Value/EBITDA 7": "-14.89"}, "6/30/2006": {"Duration": "6/30/2006", "Market Cap (intraday) 5": "225.86M", "Enterprise Value 3": "200.00M", "Trailing P/E ": "N/A", "Forward P/E 1": "N/A", "PEG Ratio (5 yr expected) 1": "N/A", "Price/Sales (ttm)": "2.49", "Price/Book (mrq)": "3.51", "Enterprise Value/Revenue 3": "7.65", "Enterprise Value/EBITDA 7": "80.81"}, "3/31/2006": {"Duration": "3/31/2006", "Market Cap (intraday) 5": "258.09M", "Enterprise Value 3": "231.41M", "Trailing P/E ": "55.53", "Forward P/E 1": "N/A", "PEG Ratio (5 yr expected) 1": "N/A", "Price/Sales (ttm)": "2.87", "Price/Book (mrq)": "4.32", "Enterprise Value/Revenue 3": "10.13", "Enterprise Value/EBITDA 7": "-263.86"}, "12/31/2005": {"Duration": "12/31/2005", "Market Cap (intraday) 5": "297.09M", "Enterprise Value 3": "264.39M", "Trailing P/E ": "24.77", "Forward P/E 1": "N/A", "PEG Ratio (5 yr expected) 1": "N/A", "Price/Sales (ttm)": "3.61", "Price/Book (mrq)": "4.64", "Enterprise Value/Revenue 3": "11.20", "Enterprise Value/EBITDA 7": "-434.85"}, "9/30/2005": {"Duration": "9/30/2005", "Market Cap (intraday) 5": "325.47M", "Enterprise Value 3": "292.77M", "Trailing P/E ": "27.33", "Forward P/E 1": "N/A", "PEG Ratio (5 yr expected) 1": "N/A", "Price/Sales (ttm)": "3.98", "Price/Book (mrq)": "5.08", "Enterprise Value/Revenue 3": "12.67", "Enterprise Value/EBITDA 7": "535.23"}, "6/30/2005": {"Duration": "6/30/2005", "Market Cap (intraday) 5": "275.88M", "Enterprise Value 3": "241.41M", "Trailing P/E ": "23.46", "Forward P/E 1": "N/A", "PEG Ratio (5 yr expected) 1": "N/A", "Price/Sales (ttm)": "3.45", "Price/Book (mrq)": "4.26", "Enterprise Value/Revenue 3": "11.82", "Enterprise Value/EBITDA 7": "235.52"}, "3/31/2005": {"Duration": "3/31/2005", "Market Cap (intraday) 5": "200.50M", "Enterprise Value 3": "187.27M", "Trailing P/E ": "N/A", "Forward P/E 1": "N/A", "PEG Ratio (5 yr expected) 1": "N/A", "Price/Sales (ttm)": "2.71", "Price/Book (mrq)": "4.74", "Enterprise Value/Revenue 3": "10.20", "Enterprise Value/EBITDA 7": "3.34k"}, "12/31/2004": {"Duration": "12/31/2004", "Market Cap (intraday) 5": "243.74M", "Enterprise Value 3": "231.76M", "Trailing P/E ": "N/A", "Forward P/E 1": "N/A", "PEG Ratio (5 yr expected) 1": "N/A", "Price/Sales (ttm)": "3.42", "Price/Book (mrq)": "5.79", "Enterprise Value/Revenue 3": "11.27", "Enterprise Value/EBITDA 7": "171.17"}, "9/30/2004": {"Duration": "9/30/2004", "Market Cap (intraday) 5": "231.64M", "Enterprise Value 3": "221.58M", "Trailing P/E ": "N/A", "Forward P/E 1": "N/A", "PEG Ratio (5 yr expected) 1": "N/A", "Price/Sales (ttm)": "3.70", "Price/Book (mrq)": "5.77", "Enterprise Value/Revenue 3": "11.69", "Enterprise Value/EBITDA 7": "370.53"}, "6/30/2004": {"Duration": "6/30/2004", "Market Cap (intraday) 5": "235.10M", "Enterprise Value 3": "225.63M", "Trailing P/E ": "N/A", "Forward P/E 1": "N/A", "PEG Ratio (5 yr expected) 1": "N/A", "Price/Sales (ttm)": "4.07", "Price/Book (mrq)": "5.89", "Enterprise Value/Revenue 3": "13.23", "Enterprise Value/EBITDA 7": "-428.96"}, "3/31/2004": {"Duration": "3/31/2004", "Market Cap (intraday) 5": "251.72M", "Enterprise Value 3": "242.09M", "Trailing P/E ": "N/A", "Forward P/E 1": "N/A", "PEG Ratio (5 yr expected) 1": "N/A", "Price/Sales (ttm)": "4.63", "Price/Book (mrq)": "6.21", "Enterprise Value/Revenue 3": "16.68", "Enterprise Value/EBITDA 7": "-1.14k"}, "12/31/2003": {"Duration": "12/31/2003", "Market Cap (intraday) 5": "243.51M", "Enterprise Value 3": "233.53M", "Trailing P/E ": "N/A", "Forward P/E 1": "N/A", "PEG Ratio (5 yr expected) 1": "N/A", "Price/Sales (ttm)": "4.69", "Price/Book (mrq)": "5.93", "Enterprise Value/Revenue 3": "17.06", "Enterprise Value/EBITDA 7": "-1.31k"}, "9/30/2003": {"Duration": "9/30/2003", "Market Cap (intraday) 5": "184.88M", "Enterprise Value 3": "173.37M", "Trailing P/E ": "N/A", "Forward P/E 1": "N/A", "PEG Ratio (5 yr expected) 1": "N/A", "Price/Sales (ttm)": "4.41", "Price/Book (mrq)": "4.70", "Enterprise Value/Revenue 3": "13.24", "Enterprise Value/EBITDA 7": "2.55k"}, "6/30/2003": {"Duration": "6/30/2003", "Market Cap (intraday) 5": "84.18M", "Enterprise Value 3": "85.60M", "Trailing P/E ": "N/A", "Forward P/E 1": "N/A", "PEG Ratio (5 yr expected) 1": "N/A", "Price/Sales (ttm)": "2.23", "Price/Book (mrq)": "4.27", "Enterprise Value/Revenue 3": "6.52", "Enterprise Value/EBITDA 7": "-89.07"}, "3/31/2003": {"Duration": "3/31/2003", "Market Cap (intraday) 5": "25.88M", "Enterprise Value 3": "26.54M", "Trailing P/E ": "N/A", "Forward P/E 1": "N/A", "PEG Ratio (5 yr expected) 1": "N/A", "Price/Sales (ttm)": "0.71", "Price/Book (mrq)": "1.45", "Enterprise Value/Revenue 3": "2.22", "Enterprise Value/EBITDA 7": "-41.53"}, "12/31/2002": {"Duration": "12/31/2002", "Market Cap (intraday) 5": "15.11M", "Enterprise Value 3": "13.67M", "Trailing P/E ": "N/A", "Forward P/E 1": "N/A", "PEG Ratio (5 yr expected) 1": "N/A", "Price/Sales (ttm)": "0.48", "Price/Book (mrq)": "0.86", "Enterprise Value/Revenue 3": "1.33", "Enterprise Value/EBITDA 7": "-4.61"}, "9/30/2002": {"Duration": "9/30/2002", "Market Cap (intraday) 5": "14.88M", "Enterprise Value 3": "8.71M", "Trailing P/E ": "N/A", "Forward P/E 1": "N/A", "PEG Ratio (5 yr expected) 1": "N/A", "Price/Sales (ttm)": "0.66", "Price/Book (mrq)": "0.74", "Enterprise Value/Revenue 3": "1.17", "Enterprise Value/EBITDA 7": "-2.01"}, "6/30/2002": {"Duration": "6/30/2002", "Market Cap (intraday) 5": "33.59M", "Enterprise Value 3": "18.86M", "Trailing P/E ": "N/A", "Forward P/E 1": "N/A", "PEG Ratio (5 yr expected) 1": "N/A", "Price/Sales (ttm)": "1.19", "Price/Book (mrq)": "1.18", "Enterprise Value/Revenue 3": "2.82", "Enterprise Value/EBITDA 7": "-7.06"}, "3/31/2002": {"Duration": "3/31/2002", "Market Cap (intraday) 5": "23.50M", "Enterprise Value 3": "8.76M", "Trailing P/E ": "N/A", "Forward P/E 1": "N/A", "PEG Ratio (5 yr expected) 1": "N/A", "Price/Sales (ttm)": "0.79", "Price/Book (mrq)": "0.78", "Enterprise Value/Revenue 3": "1.27", "Enterprise Value/EBITDA 7": "-4.11"}, "12/31/2001": {"Duration": "12/31/2001", "Market Cap (intraday) 5": "18.66M", "Enterprise Value 3": "3.91M", "Trailing P/E ": "N/A", "Forward P/E 1": "N/A", "PEG Ratio (5 yr expected) 1": "N/A", "Price/Sales (ttm)": "0.66", "Price/Book (mrq)": "0.62", "Enterprise Value/Revenue 3": "0.55", "Enterprise Value/EBITDA 7": "-1.70"}, "9/30/2001": {"Duration": "9/30/2001", "Market Cap (intraday) 5": "14.77M", "Enterprise Value 3": "-3.77M", "Trailing P/E ": "N/A", "Forward P/E 1": "N/A", "PEG Ratio (5 yr expected) 1": "N/A", "Price/Sales (ttm)": "0.48", "Price/Book (mrq)": "0.37", "Enterprise Value/Revenue 3": "-0.53", "Enterprise Value/EBITDA 7": "0.54"}, "6/30/2001": {"Duration": "6/30/2001", "Market Cap (intraday) 5": "40.46M", "Enterprise Value 3": "14.11M", "Trailing P/E ": "N/A", "Forward P/E 1": "N/A", "PEG Ratio (5 yr expected) 1": "N/A", "Price/Sales (ttm)": "1.34", "Price/Book (mrq)": "0.89", "Enterprise Value/Revenue 3": "2.01", "Enterprise Value/EBITDA 7": "-2.40"}, "3/31/2001": {"Duration": "3/31/2001", "Market Cap (intraday) 5": "29.07M", "Enterprise Value 3": "-1.25M", "Trailing P/E ": "N/A", "Forward P/E 1": "N/A", "PEG Ratio (5 yr expected) 1": "N/A", "Price/Sales (ttm)": "0.69", "Price/Book (mrq)": "0.59", "Enterprise Value/Revenue 3": "-0.17", "Enterprise Value/EBITDA 7": "0.44"}, "12/31/2000": {"Duration": "12/31/2000", "Market Cap (intraday) 5": "32.33M", "Enterprise Value 3": "-5.68M", "Trailing P/E ": "N/A", "Forward P/E 1": "N/A", "PEG Ratio (5 yr expected) 1": "N/A", "Price/Sales (ttm)": "0.87", "Price/Book (mrq)": "0.66", "Enterprise Value/Revenue 3": "-0.62", "Enterprise Value/EBITDA 7": "1.19"}, "9/30/2000": {"Duration": "9/30/2000", "Market Cap (intraday) 5": "121.01M", "Enterprise Value 3": "128.36M", "Trailing P/E ": "N/A", "Forward P/E 1": "N/A", "PEG Ratio (5 yr expected) 1": "N/A", "Price/Sales (ttm)": "3.27", "Price/Book (mrq)": "2.65", "Enterprise Value/Revenue 3": "16.88", "Enterprise Value/EBITDA 7": "-123.96"}, "6/30/2000": {"Duration": "6/30/2000", "Market Cap (intraday) 5": "147.73M", "Enterprise Value 3": "155.07M", "Trailing P/E ": "N/A", "Forward P/E 1": "N/A", "PEG Ratio (5 yr expected) 1": "N/A", "Price/Sales (ttm)": "4.65", "Price/Book (mrq)": "3.23", "Enterprise Value/Revenue 3": "24.66", "Enterprise Value/EBITDA 7": "-93.96"}}}}, {"SDON": {"quote": {"05/12/2021": {"value": "0.0526", "Market Cap": "931,414", "Beta (5Y Monthly)": "1.20", "PE Ratio (TTM)": "N/A", "EPS (TTM)": "-0.0010", "Earnings Date": "N/A", "Forward Dividend & Yield": "N/A (N/A)", "Ex-Dividend Date": "N/A", "1y Target Est": "N/A"}}, "fin": {"TTM": {"Duration": "TTM", "Total Revenue": "0", "Cost of Revenue": "-", "Gross Profit": "-", "Operating Expense": "24.727", "Operating Income": "-24.727", "Other Income Expense": "-", "Pretax Income": "-24.727", "Tax Provision": "0", "Net Income Common Stockholders": "-24.727", "Diluted NI Available to Com Stockholders": "-24.727", "Basic EPS": "-", "Diluted EPS": "-", "Basic Average Shares": "-", "Diluted Average Shares": "-", "Total Operating Income as Reported": "-24.727", "Total Expenses": "24.727", "Net Income from Continuing & Discontinued Operation": "-24.727", "Normalized Income": "-24.727", "Net Interest Income": "-", "EBIT": "-24.727", "EBITDA": "-24.727", "Reconciled Cost of Revenue": "-", "Reconciled Depreciation": "-", "Net Income from Continuing Operation Net Minority Interest": "-24.727", "Total Unusual Items Excluding Goodwill": "-", "Total Unusual Items": "-", "Normalized EBITDA": "-24.727", "Tax Rate for Calcs": "0", "Tax Effect of Unusual Items": "0"}, "12/31/2020": {"Duration": "12/31/2020", "Total Revenue": "0", "Cost of Revenue": "-", "Gross Profit": "-", "Operating Expense": "24.73", "Operating Income": "-24.73", "Other Income Expense": "-", "Pretax Income": "-24.73", "Tax Provision": "0", "Net Income Common Stockholders": "-24.73", "Diluted NI Available to Com Stockholders": "-24.73", "Basic EPS": "-", "Diluted EPS": "-", "Basic Average Shares": "-", "Diluted Average Shares": "-", "Total Operating Income as Reported": "-24.73", "Total Expenses": "24.73", "Net Income from Continuing & Discontinued Operation": "-24.73", "Normalized Income": "-24.73", "Net Interest Income": "-", "EBIT": "-24.73", "EBITDA": "-", "Reconciled Cost of Revenue": "-", "Reconciled Depreciation": "-", "Net Income from Continuing Operation Net Minority Interest": "-24.73", "Total Unusual Items Excluding Goodwill": "-", "Total Unusual Items": "-", "Normalized EBITDA": "-24.73", "Tax Rate for Calcs": "0", "Tax Effect of Unusual Items": "0"}, "12/31/2019": {"Duration": "12/31/2019", "Total Revenue": "0", "Cost of Revenue": "-", "Gross Profit": "-", "Operating Expense": "20.42", "Operating Income": "-20.42", "Other Income Expense": "-", "Pretax Income": "-20.42", "Tax Provision": "0", "Net Income Common Stockholders": "-20.42", "Diluted NI Available to Com Stockholders": "-20.42", "Basic EPS": "-0.00", "Diluted EPS": "-0.00", "Basic Average Shares": "16,975", "Diluted Average Shares": "16,975", "Total Operating Income as Reported": "-20.42", "Total Expenses": "20.42", "Net Income from Continuing & Discontinued Operation": "-20.42", "Normalized Income": "-20.42", "Net Interest Income": "-", "EBIT": "-20.42", "EBITDA": "-", "Reconciled Cost of Revenue": "-", "Reconciled Depreciation": "-", "Net Income from Continuing Operation Net Minority Interest": "-20.42", "Total Unusual Items Excluding Goodwill": "-", "Total Unusual Items": "-", "Normalized EBITDA": "-20.42", "Tax Rate for Calcs": "0", "Tax Effect of Unusual Items": "0"}, "12/31/2018": {"Duration": "12/31/2018", "Total Revenue": "0", "Cost of Revenue": "-", "Gross Profit": "-", "Operating Expense": "19.874", "Operating Income": "-19.874", "Other Income Expense": "-", "Pretax Income": "-19.874", "Tax Provision": "0", "Net Income Common Stockholders": "-19.874", "Diluted NI Available to Com Stockholders": "-19.874", "Basic EPS": "-0.00", "Diluted EPS": "-0.00", "Basic Average Shares": "16,502", "Diluted Average Shares": "16,502", "Total Operating Income as Reported": "-19.874", "Total Expenses": "19.874", "Net Income from Continuing & Discontinued Operation": "-19.874", "Normalized Income": "-19.874", "Net Interest Income": "-", "EBIT": "-19.874", "EBITDA": "-", "Reconciled Cost of Revenue": "-", "Reconciled Depreciation": "-", "Net Income from Continuing Operation Net Minority Interest": "-19.874", "Total Unusual Items Excluding Goodwill": "-", "Total Unusual Items": "-", "Normalized EBITDA": "-19.874", "Tax Rate for Calcs": "0", "Tax Effect of Unusual Items": "0"}, "12/31/2017": {"Duration": "12/31/2017", "Total Revenue": "0", "Cost of Revenue": "-", "Gross Profit": "-", "Operating Expense": "18.578", "Operating Income": "-18.578", "Other Income Expense": "-", "Pretax Income": "-18.578", "Tax Provision": "0", "Net Income Common Stockholders": "-18.578", "Diluted NI Available to Com Stockholders": "-18.578", "Basic EPS": "-0.00", "Diluted EPS": "-0.00", "Basic Average Shares": "15,876", "Diluted Average Shares": "15,876", "Total Operating Income as Reported": "-18.578", "Total Expenses": "18.578", "Net Income from Continuing & Discontinued Operation": "-18.578", "Normalized Income": "-18.578", "Net Interest Income": "-", "EBIT": "-18.578", "EBITDA": "-", "Reconciled Cost of Revenue": "-", "Reconciled Depreciation": "-", "Net Income from Continuing Operation Net Minority Interest": "-18.578", "Total Unusual Items Excluding Goodwill": "-", "Total Unusual Items": "-", "Normalized EBITDA": "-18.578", "Tax Rate for Calcs": "0", "Tax Effect of Unusual Items": "0"}, "12/31/2016": {"Duration": "12/31/2016", "Total Revenue": "0", "Cost of Revenue": "-", "Gross Profit": "-", "Operating Expense": "20.967", "Operating Income": "-20.967", "Other Income Expense": "0", "Pretax Income": "-20.967", "Tax Provision": "0", "Net Income Common Stockholders": "-20.967", "Diluted NI Available to Com Stockholders": "-20.967", "Basic EPS": "-0.00", "Diluted EPS": "-0.00", "Basic Average Shares": "14,994", "Diluted Average Shares": "14,994", "Total Operating Income as Reported": "-20.967", "Total Expenses": "20.967", "Net Income from Continuing & Discontinued Operation": "-20.967", "Normalized Income": "-20.967", "Net Interest Income": "-", "EBIT": "-20.967", "EBITDA": "-", "Reconciled Cost of Revenue": "-", "Reconciled Depreciation": "-", "Net Income from Continuing Operation Net Minority Interest": "-20.967", "Total Unusual Items Excluding Goodwill": "-", "Total Unusual Items": "-", "Normalized EBITDA": "-20.967", "Tax Rate for Calcs": "0", "Tax Effect of Unusual Items": "0"}, "12/31/2015": {"Duration": "12/31/2015", "Total Revenue": "0", "Cost of Revenue": "-", "Gross Profit": "-", "Operating Expense": "16.926", "Operating Income": "-16.926", "Other Income Expense": "0", "Pretax Income": "-16.926", "Tax Provision": "0", "Net Income Common Stockholders": "-16.926", "Diluted NI Available to Com Stockholders": "-16.926", "Basic EPS": "-0.00", "Diluted EPS": "-0.00", "Basic Average Shares": "14,519", "Diluted Average Shares": "14,519", "Total Operating Income as Reported": "-16.926", "Total Expenses": "16.926", "Net Income from Continuing & Discontinued Operation": "-16.926", "Normalized Income": "-16.926", "Net Interest Income": "-", "EBIT": "-16.926", "EBITDA": "-", "Reconciled Cost of Revenue": "-", "Reconciled Depreciation": "-", "Net Income from Continuing Operation Net Minority Interest": "-16.926", "Total Unusual Items Excluding Goodwill": "-", "Total Unusual Items": "-", "Normalized EBITDA": "-16.926", "Tax Rate for Calcs": "0", "Tax Effect of Unusual Items": "0"}, "12/31/2014": {"Duration": "12/31/2014", "Total Revenue": "0", "Cost of Revenue": "0", "Gross Profit": "0", "Operating Expense": "20.904", "Operating Income": "-20.904", "Other Income Expense": "0", "Pretax Income": "-20.904", "Tax Provision": "0", "Net Income Common Stockholders": "-20.904", "Diluted NI Available to Com Stockholders": "-20.904", "Basic EPS": "0.00", "Diluted EPS": "0.00", "Basic Average Shares": "14,049", "Diluted Average Shares": "14,049", "Total Operating Income as Reported": "-20.904", "Total Expenses": "20.904", "Net Income from Continuing & Discontinued Operation": "-20.904", "Normalized Income": "-20.904", "Net Interest Income": "-", "EBIT": "-20.904", "EBITDA": "-", "Reconciled Cost of Revenue": "0", "Reconciled Depreciation": "-", "Net Income from Continuing Operation Net Minority Interest": "-20.904", "Total Unusual Items Excluding Goodwill": "-", "Total Unusual Items": "-", "Normalized EBITDA": "-20.904", "Tax Rate for Calcs": "0", "Tax Effect of Unusual Items": "0"}, "12/31/2013": {"Duration": "12/31/2013", "Total Revenue": "0", "Cost of Revenue": "0", "Gross Profit": "0", "Operating Expense": "35.151", "Operating Income": "-35.151", "Other Income Expense": "0", "Pretax Income": "-35.151", "Tax Provision": "0", "Net Income Common Stockholders": "-35.151", "Diluted NI Available to Com Stockholders": "-35.151", "Basic EPS": "0.00", "Diluted EPS": "0.00", "Basic Average Shares": "13,226", "Diluted Average Shares": "13,226", "Total Operating Income as Reported": "-35.151", "Total Expenses": "35.151", "Net Income from Continuing & Discontinued Operation": "-35.151", "Normalized Income": "-35.151", "Net Interest Income": "-", "EBIT": "-35.151", "EBITDA": "-", "Reconciled Cost of Revenue": "0", "Reconciled Depreciation": "-", "Net Income from Continuing Operation Net Minority Interest": "-35.151", "Total Unusual Items Excluding Goodwill": "-", "Total Unusual Items": "-", "Normalized EBITDA": "-35.151", "Tax Rate for Calcs": "0", "Tax Effect of Unusual Items": "0"}, "12/31/2012": {"Duration": "12/31/2012", "Total Revenue": "0", "Cost of Revenue": "0", "Gross Profit": "0", "Operating Expense": "16.316", "Operating Income": "-16.316", "Other Income Expense": "0", "Pretax Income": "-16.316", "Tax Provision": "0", "Net Income Common Stockholders": "-16.316", "Diluted NI Available to Com Stockholders": "-16.316", "Basic EPS": "0.00", "Diluted EPS": "0.00", "Basic Average Shares": "12,078", "Diluted Average Shares": "12,078", "Total Operating Income as Reported": "-16.316", "Total Expenses": "16.316", "Net Income from Continuing & Discontinued Operation": "-16.316", "Normalized Income": "-16.316", "Net Interest Income": "-", "EBIT": "-16.316", "EBITDA": "-", "Reconciled Cost of Revenue": "0", "Reconciled Depreciation": "-", "Net Income from Continuing Operation Net Minority Interest": "-16.316", "Total Unusual Items Excluding Goodwill": "-", "Total Unusual Items": "-", "Normalized EBITDA": "-16.316", "Tax Rate for Calcs": "0", "Tax Effect of Unusual Items": "0"}, "12/31/2011": {"Duration": "12/31/2011", "Total Revenue": "0", "Cost of Revenue": "0", "Gross Profit": "0", "Operating Expense": "23.85", "Operating Income": "-23.85", "Other Income Expense": "-", "Pretax Income": "-23.85", "Tax Provision": "0", "Net Income Common Stockholders": "-23.85", "Diluted NI Available to Com Stockholders": "-23.85", "Basic EPS": "0.00", "Diluted EPS": "-0.00", "Basic Average Shares": "11,346", "Diluted Average Shares": "11,346", "Total Operating Income as Reported": "-23.85", "Total Expenses": "23.85", "Net Income from Continuing & Discontinued Operation": "-23.85", "Normalized Income": "-23.85", "Net Interest Income": "-", "EBIT": "-23.85", "EBITDA": "-", "Reconciled Cost of Revenue": "0", "Reconciled Depreciation": "-", "Net Income from Continuing Operation Net Minority Interest": "-23.85", "Total Unusual Items Excluding Goodwill": "-", "Total Unusual Items": "-", "Normalized EBITDA": "-23.85", "Tax Rate for Calcs": "0", "Tax Effect of Unusual Items": "0"}, "12/31/2010": {"Duration": "12/31/2010", "Total Revenue": "0", "Cost of Revenue": "0", "Gross Profit": "0", "Operating Expense": "23.762", "Operating Income": "-23.762", "Other Income Expense": "-", "Pretax Income": "-", "Tax Provision": "-", "Net Income Common Stockholders": "-23.762", "Diluted NI Available to Com Stockholders": "-23.762", "Basic EPS": "0.00", "Diluted EPS": "0.00", "Basic Average Shares": "10,800", "Diluted Average Shares": "10,800", "Total Operating Income as Reported": "-23.762", "Total Expenses": "23.762", "Net Income from Continuing & Discontinued Operation": "-23.762", "Normalized Income": "-23.762", "Net Interest Income": "-", "EBIT": "-23.762", "EBITDA": "-", "Reconciled Cost of Revenue": "0", "Reconciled Depreciation": "-", "Net Income from Continuing Operation Net Minority Interest": "-23.762", "Total Unusual Items Excluding Goodwill": "-", "Total Unusual Items": "-", "Normalized EBITDA": "-23.762", "Tax Rate for Calcs": "0", "Tax Effect of Unusual Items": "0"}, "12/31/2009": {"Duration": "12/31/2009", "Total Revenue": "0", "Cost of Revenue": "0", "Gross Profit": "0", "Operating Expense": "22.92", "Operating Income": "-22.92", "Other Income Expense": "-", "Pretax Income": "-", "Tax Provision": "-", "Net Income Common Stockholders": "-22.92", "Diluted NI Available to Com Stockholders": "-22.92", "Basic EPS": "0.00", "Diluted EPS": "0.00", "Basic Average Shares": "10,797", "Diluted Average Shares": "10,797", "Total Operating Income as Reported": "-22.92", "Total Expenses": "22.92", "Net Income from Continuing & Discontinued Operation": "-22.92", "Normalized Income": "-22.92", "Net Interest Income": "-", "EBIT": "-22.92", "EBITDA": "-", "Reconciled Cost of Revenue": "0", "Reconciled Depreciation": "-", "Net Income from Continuing Operation Net Minority Interest": "-22.92", "Total Unusual Items Excluding Goodwill": "-", "Total Unusual Items": "-", "Normalized EBITDA": "-22.92", "Tax Rate for Calcs": "0", "Tax Effect of Unusual Items": "0"}, "12/31/2008": {"Duration": "12/31/2008", "Total Revenue": "0", "Cost of Revenue": "0", "Gross Profit": "0", "Operating Expense": "24.84", "Operating Income": "-24.84", "Other Income Expense": "0", "Pretax Income": "-24.84", "Tax Provision": "0", "Net Income Common Stockholders": "-24.84", "Diluted NI Available to Com Stockholders": "-24.84", "Basic EPS": "-0.00", "Diluted EPS": "-0.00", "Basic Average Shares": "10,797", "Diluted Average Shares": "10,797", "Total Operating Income as Reported": "-24.84", "Total Expenses": "24.84", "Net Income from Continuing & Discontinued Operation": "-24.84", "Normalized Income": "-24.84", "Net Interest Income": "-", "EBIT": "-24.84", "EBITDA": "-", "Reconciled Cost of Revenue": "0", "Reconciled Depreciation": "-", "Net Income from Continuing Operation Net Minority Interest": "-24.84", "Total Unusual Items Excluding Goodwill": "-", "Total Unusual Items": "-", "Normalized EBITDA": "-24.84", "Tax Rate for Calcs": "0", "Tax Effect of Unusual Items": "0"}, "12/31/2007": {"Duration": "12/31/2007", "Total Revenue": "-", "Cost of Revenue": "-", "Gross Profit": "-", "Operating Expense": "30.288", "Operating Income": "-30.288", "Other Income Expense": "-", "Pretax Income": "-", "Tax Provision": "-", "Net Income Common Stockholders": "-30.288", "Diluted NI Available to Com Stockholders": "-30.288", "Basic EPS": "-0.00", "Diluted EPS": "-0.00", "Basic Average Shares": "10,797", "Diluted Average Shares": "10,797", "Total Operating Income as Reported": "-30.288", "Total Expenses": "30.288", "Net Income from Continuing & Discontinued Operation": "-30.288", "Normalized Income": "-30.288", "Net Interest Income": "-", "EBIT": "-30.288", "EBITDA": "-", "Reconciled Cost of Revenue": "-", "Reconciled Depreciation": "-", "Net Income from Continuing Operation Net Minority Interest": "-30.288", "Total Unusual Items Excluding Goodwill": "-", "Total Unusual Items": "-", "Normalized EBITDA": "-30.288", "Tax Rate for Calcs": "0", "Tax Effect of Unusual Items": "0"}, "12/31/2006": {"Duration": "12/31/2006", "Total Revenue": "-", "Cost of Revenue": "-", "Gross Profit": "-", "Operating Expense": "14.003", "Operating Income": "-14.003", "Other Income Expense": "-", "Pretax Income": "-", "Tax Provision": "-", "Net Income Common Stockholders": "-14.003", "Diluted NI Available to Com Stockholders": "-14.003", "Basic EPS": "0.00", "Diluted EPS": "0.00", "Basic Average Shares": "8,463", "Diluted Average Shares": "8,463", "Total Operating Income as Reported": "-14.003", "Total Expenses": "14.003", "Net Income from Continuing & Discontinued Operation": "-14.003", "Normalized Income": "-14.003", "Net Interest Income": "-", "EBIT": "-14.003", "EBITDA": "-", "Reconciled Cost of Revenue": "-", "Reconciled Depreciation": "-", "Net Income from Continuing Operation Net Minority Interest": "-14.003", "Total Unusual Items Excluding Goodwill": "-", "Total Unusual Items": "-", "Normalized EBITDA": "-14.003", "Tax Rate for Calcs": "0", "Tax Effect of Unusual Items": "0"}, "12/31/2005": {"Duration": "12/31/2005", "Total Revenue": "-", "Cost of Revenue": "-", "Gross Profit": "-", "Operating Expense": "36.798", "Operating Income": "-36.798", "Other Income Expense": "0", "Pretax Income": "-36.798", "Tax Provision": "-", "Net Income Common Stockholders": "-36.798", "Diluted NI Available to Com Stockholders": "-36.798", "Basic EPS": "-0.01", "Diluted EPS": "-0.01", "Basic Average Shares": "8,397", "Diluted Average Shares": "8,397", "Total Operating Income as Reported": "-36.798", "Total Expenses": "36.798", "Net Income from Continuing & Discontinued Operation": "-36.798", "Normalized Income": "-36.798", "Net Interest Income": "-", "EBIT": "-36.798", "EBITDA": "-", "Reconciled Cost of Revenue": "-", "Reconciled Depreciation": "-", "Net Income from Continuing Operation Net Minority Interest": "-36.798", "Total Unusual Items Excluding Goodwill": "-", "Total Unusual Items": "-", "Normalized EBITDA": "-36.798", "Tax Rate for Calcs": "0", "Tax Effect of Unusual Items": "0"}, "12/31/2004": {"Duration": "12/31/2004", "Total Revenue": "-", "Cost of Revenue": "-", "Gross Profit": "-", "Operating Expense": "49.586", "Operating Income": "-49.586", "Other Income Expense": "0", "Pretax Income": "-49.586", "Tax Provision": "-", "Net Income Common Stockholders": "3,124", "Diluted NI Available to Com Stockholders": "3,124", "Basic EPS": "0.44", "Diluted EPS": "0.44", "Basic Average Shares": "7,100", "Diluted Average Shares": "7,100", "Total Operating Income as Reported": "-49.586", "Total Expenses": "49.586", "Net Income from Continuing & Discontinued Operation": "3,124", "Normalized Income": "-49.586", "Net Interest Income": "-", "EBIT": "-49.586", "EBITDA": "-", "Reconciled Cost of Revenue": "-", "Reconciled Depreciation": "-", "Net Income from Continuing Operation Net Minority Interest": "-49.586", "Total Unusual Items Excluding Goodwill": "-", "Total Unusual Items": "-", "Normalized EBITDA": "-49.586", "Tax Rate for Calcs": "0", "Tax Effect of Unusual Items": "0"}, "12/31/2003": {"Duration": "12/31/2003", "Total Revenue": "13,537", "Cost of Revenue": "10,391", "Gross Profit": "3,145", "Operating Expense": "4,740", "Operating Income": "-1,595", "Other Income Expense": "19", "Pretax Income": "-2,925", "Tax Provision": "-", "Net Income Common Stockholders": "-2,925", "Diluted NI Available to Com Stockholders": "-2,925", "Basic EPS": "-0.93", "Diluted EPS": "-0.93", "Basic Average Shares": "3,145", "Diluted Average Shares": "3,145", "Total Operating Income as Reported": "-1,595", "Total Expenses": "15,132", "Net Income from Continuing & Discontinued Operation": "-2,925", "Normalized Income": "-2,944", "Net Interest Income": "-1,349", "EBIT": "-1,595", "EBITDA": "-", "Reconciled Cost of Revenue": "10,391", "Reconciled Depreciation": "645.749", "Net Income from Continuing Operation Net Minority Interest": "-2,925", "Total Unusual Items Excluding Goodwill": "19", "Total Unusual Items": "19", "Normalized EBITDA": "-968.184", "Tax Rate for Calcs": "0", "Tax Effect of Unusual Items": "0"}, "12/31/2002": {"Duration": "12/31/2002", "Total Revenue": "14,867", "Cost of Revenue": "11,221", "Gross Profit": "3,647", "Operating Expense": "1,471", "Operating Income": "2,176", "Other Income Expense": "-9.101", "Pretax Income": "-3,113", "Tax Provision": "-", "Net Income Common Stockholders": "-3,113", "Diluted NI Available to Com Stockholders": "-3,113", "Basic EPS": "-1.00", "Diluted EPS": "-1.00", "Basic Average Shares": "3,113", "Diluted Average Shares": "3,113", "Total Operating Income as Reported": "2,176", "Total Expenses": "12,691", "Net Income from Continuing & Discontinued Operation": "-3,113", "Normalized Income": "-3,104", "Net Interest Income": "-928.046", "EBIT": "2,176", "EBITDA": "-", "Reconciled Cost of Revenue": "11,221", "Reconciled Depreciation": "915.696", "Net Income from Continuing Operation Net Minority Interest": "-3,113", "Total Unusual Items Excluding Goodwill": "-9.101", "Total Unusual Items": "-9.101", "Normalized EBITDA": "3,101", "Tax Rate for Calcs": "0", "Tax Effect of Unusual Items": "0"}, "12/31/2001": {"Duration": "12/31/2001", "Total Revenue": "17,542", "Cost of Revenue": "16,273", "Gross Profit": "1,269", "Operating Expense": "6,662", "Operating Income": "-5,394", "Other Income Expense": "-76.641", "Pretax Income": "-", "Tax Provision": "-", "Net Income Common Stockholders": "-7,058", "Diluted NI Available to Com Stockholders": "-7,058", "Basic EPS": "-2.30", "Diluted EPS": "-2.30", "Basic Average Shares": "3,069", "Diluted Average Shares": "3,069", "Total Operating Income as Reported": "-5,394", "Total Expenses": "22,935", "Net Income from Continuing & Discontinued Operation": "-7,058", "Normalized Income": "-7,012", "Net Interest Income": "-1,588", "EBIT": "-5,394", "EBITDA": "-", "Reconciled Cost of Revenue": "16,273", "Reconciled Depreciation": "2,066", "Net Income from Continuing Operation Net Minority Interest": "-7,058", "Total Unusual Items Excluding Goodwill": "-76.641", "Total Unusual Items": "-76.641", "Normalized EBITDA": "-3,251", "Tax Rate for Calcs": "0", "Tax Effect of Unusual Items": "-30.6564"}, "12/31/2000": {"Duration": "12/31/2000", "Total Revenue": "20,421", "Cost of Revenue": "13,504", "Gross Profit": "6,916", "Operating Expense": "9,013", "Operating Income": "-2,097", "Other Income Expense": "449.167", "Pretax Income": "-2,211", "Tax Provision": "-293.23", "Net Income Common Stockholders": "-1,917", "Diluted NI Available to Com Stockholders": "-1,917", "Basic EPS": "-0.75", "Diluted EPS": "-0.75", "Basic Average Shares": "2,556", "Diluted Average Shares": "2,556", "Total Operating Income as Reported": "-2,097", "Total Expenses": "22,518", "Net Income from Continuing & Discontinued Operation": "-1,917", "Normalized Income": "-2,307", "Net Interest Income": "-562.756", "EBIT": "-2,097", "EBITDA": "-", "Reconciled Cost of Revenue": "13,504", "Reconciled Depreciation": "1,885", "Net Income from Continuing Operation Net Minority Interest": "-1,917", "Total Unusual Items Excluding Goodwill": "449.167", "Total Unusual Items": "449.167", "Normalized EBITDA": "-661.445", "Tax Rate for Calcs": "0", "Tax Effect of Unusual Items": "59.5825"}, "12/31/1999": {"Duration": "12/31/1999", "Total Revenue": "29,800", "Cost of Revenue": "17,800", "Gross Profit": "12,000", "Operating Expense": "9,500", "Operating Income": "2,500", "Other Income Expense": "-", "Pretax Income": "-", "Tax Provision": "-", "Net Income Common Stockholders": "2,000", "Diluted NI Available to Com Stockholders": "2,000", "Basic EPS": "0.95", "Diluted EPS": "0.90", "Basic Average Shares": "2,105", "Diluted Average Shares": "2,222", "Total Operating Income as Reported": "2,500", "Total Expenses": "27,300", "Net Income from Continuing & Discontinued Operation": "2,000", "Normalized Income": "2,000", "Net Interest Income": "-", "EBIT": "2,500", "EBITDA": "-", "Reconciled Cost of Revenue": "17,800", "Reconciled Depreciation": "2,200", "Net Income from Continuing Operation Net Minority Interest": "2,000", "Total Unusual Items Excluding Goodwill": "-", "Total Unusual Items": "-", "Normalized EBITDA": "4,700", "Tax Rate for Calcs": "0", "Tax Effect of Unusual Items": "0"}, "9/30/1998": {"Duration": "9/30/1998", "Total Revenue": "16,829", "Cost of Revenue": "11,513", "Gross Profit": "5,316", "Operating Expense": "14,388", "Operating Income": "-9,071", "Other Income Expense": "-14.205", "Pretax Income": "-9,821", "Tax Provision": "-811", "Net Income Common Stockholders": "-9,010", "Diluted NI Available to Com Stockholders": "-9,010", "Basic EPS": "-8.45", "Diluted EPS": "-8.45", "Basic Average Shares": "1,069", "Diluted Average Shares": "1,069", "Total Operating Income as Reported": "-9,071", "Total Expenses": "25,901", "Net Income from Continuing & Discontinued Operation": "-9,010", "Normalized Income": "-8,997", "Net Interest Income": "-735.256", "EBIT": "-9,071", "EBITDA": "-", "Reconciled Cost of Revenue": "11,513", "Reconciled Depreciation": "3,944", "Net Income from Continuing Operation Net Minority Interest": "-9,010", "Total Unusual Items Excluding Goodwill": "-14.205", "Total Unusual Items": "-14.205", "Normalized EBITDA": "-5,113", "Tax Rate for Calcs": "0", "Tax Effect of Unusual Items": "-1.173"}, "9/30/1997": {"Duration": "9/30/1997", "Total Revenue": "20,875", "Cost of Revenue": "17,669", "Gross Profit": "3,207", "Operating Expense": "14,292", "Operating Income": "-11,085", "Other Income Expense": "-155.027", "Pretax Income": "-11,498", "Tax Provision": "0", "Net Income Common Stockholders": "-11,498", "Diluted NI Available to Com Stockholders": "-11,498", "Basic EPS": "-11.65", "Diluted EPS": "-11.65", "Basic Average Shares": "986.787", "Diluted Average Shares": "986.787", "Total Operating Income as Reported": "-11,085", "Total Expenses": "31,961", "Net Income from Continuing & Discontinued Operation": "-11,498", "Normalized Income": "-11,343", "Net Interest Income": "-", "EBIT": "-11,085", "EBITDA": "-", "Reconciled Cost of Revenue": "17,669", "Reconciled Depreciation": "6,180", "Net Income from Continuing Operation Net Minority Interest": "-11,498", "Total Unusual Items Excluding Goodwill": "-155.027", "Total Unusual Items": "-155.027", "Normalized EBITDA": "-4,750", "Tax Rate for Calcs": "0", "Tax Effect of Unusual Items": "0"}, "9/30/1996": {"Duration": "9/30/1996", "Total Revenue": "20,924", "Cost of Revenue": "12,191", "Gross Profit": "8,733", "Operating Expense": "7,828", "Operating Income": "904.596", "Other Income Expense": "-10.199", "Pretax Income": "451.69", "Tax Provision": "0", "Net Income Common Stockholders": "451.69", "Diluted NI Available to Com Stockholders": "451.69", "Basic EPS": "0.65", "Diluted EPS": "0.60", "Basic Average Shares": "716.011", "Diluted Average Shares": "759.498", "Total Operating Income as Reported": "904.596", "Total Expenses": "20,019", "Net Income from Continuing & Discontinued Operation": "451.69", "Normalized Income": "461.889", "Net Interest Income": "-442.707", "EBIT": "904.596", "EBITDA": "-", "Reconciled Cost of Revenue": "12,191", "Reconciled Depreciation": "837.666", "Net Income from Continuing Operation Net Minority Interest": "451.69", "Total Unusual Items Excluding Goodwill": "-10.199", "Total Unusual Items": "-10.199", "Normalized EBITDA": "1,752", "Tax Rate for Calcs": "0", "Tax Effect of Unusual Items": "0"}}, "bs": {"12/31/2020": {"Duration": "12/31/2020", "Total Assets": "0.203", "Total Liabilities Net Minority Interest": "13.682", "Total Equity Gross Minority Interest": "-13.479", "Total Capitalization": "-13.479", "Common Stock Equity": "-13.479", "Net Tangible Assets": "-13.479", "Working Capital": "-13.479", "Invested Capital": "-13.479", "Tangible Book Value": "-13.479", "Total Debt": "-", "Net Debt": "-", "Share Issued": "17,707", "Ordinary Shares Number": "17,707"}, "12/31/2019": {"Duration": "12/31/2019", "Total Assets": "0.197", "Total Liabilities Net Minority Interest": "23.926", "Total Equity Gross Minority Interest": "-23.729", "Total Capitalization": "-23.729", "Common Stock Equity": "-23.729", "Net Tangible Assets": "-23.729", "Working Capital": "-23.729", "Invested Capital": "-23.729", "Tangible Book Value": "-23.729", "Total Debt": "-", "Net Debt": "-", "Share Issued": "17,196", "Ordinary Shares Number": "17,196"}, "12/31/2018": {"Duration": "12/31/2018", "Total Assets": "0.209", "Total Liabilities Net Minority Interest": "23.507", "Total Equity Gross Minority Interest": "-23.298", "Total Capitalization": "-23.298", "Common Stock Equity": "-23.298", "Net Tangible Assets": "-23.298", "Working Capital": "-23.298", "Invested Capital": "-23.298", "Tangible Book Value": "-23.298", "Total Debt": "-", "Net Debt": "-", "Share Issued": "16,666", "Ordinary Shares Number": "16,666"}, "12/31/2017": {"Duration": "12/31/2017", "Total Assets": "0.27", "Total Liabilities Net Minority Interest": "21.826", "Total Equity Gross Minority Interest": "-21.556", "Total Capitalization": "-21.556", "Common Stock Equity": "-21.556", "Net Tangible Assets": "-21.556", "Working Capital": "-21.556", "Invested Capital": "-21.556", "Tangible Book Value": "-21.556", "Total Debt": "-", "Net Debt": "-", "Share Issued": "16,141", "Ordinary Shares Number": "16,141"}, "12/31/2016": {"Duration": "12/31/2016", "Total Assets": "0.303", "Total Liabilities Net Minority Interest": "24.543", "Total Equity Gross Minority Interest": "-24.24", "Total Capitalization": "-24.24", "Common Stock Equity": "-24.24", "Net Tangible Assets": "-24.24", "Working Capital": "-24.24", "Invested Capital": "-24.24", "Tangible Book Value": "-24.24", "Total Debt": "-", "Net Debt": "-", "Share Issued": "15,185", "Ordinary Shares Number": "15,185"}, "12/31/2015": {"Duration": "12/31/2015", "Total Assets": "0.872", "Total Liabilities Net Minority Interest": "22.78", "Total Equity Gross Minority Interest": "-21.908", "Total Capitalization": "-21.908", "Common Stock Equity": "-21.908", "Net Tangible Assets": "-21.908", "Working Capital": "-21.908", "Invested Capital": "-21.908", "Tangible Book Value": "-21.908", "Total Debt": "-", "Net Debt": "-", "Share Issued": "14,662", "Ordinary Shares Number": "14,662"}, "12/31/2014": {"Duration": "12/31/2014", "Total Assets": "2.356", "Total Liabilities Net Minority Interest": "23.118", "Total Equity Gross Minority Interest": "-20.762", "Total Capitalization": "-20.762", "Common Stock Equity": "-20.762", "Net Tangible Assets": "-20.762", "Working Capital": "-20.762", "Invested Capital": "-20.762", "Tangible Book Value": "-20.762", "Total Debt": "-", "Net Debt": "-", "Share Issued": "14,267", "Ordinary Shares Number": "14,267"}, "12/31/2013": {"Duration": "12/31/2013", "Total Assets": "4.807", "Total Liabilities Net Minority Interest": "26.468", "Total Equity Gross Minority Interest": "-21.661", "Total Capitalization": "-21.661", "Common Stock Equity": "-21.661", "Net Tangible Assets": "-21.661", "Working Capital": "-21.661", "Invested Capital": "-21.661", "Tangible Book Value": "-21.661", "Total Debt": "-", "Net Debt": "-", "Share Issued": "13,534", "Ordinary Shares Number": "13,534"}, "12/31/2012": {"Duration": "12/31/2012", "Total Assets": "8.116", "Total Liabilities Net Minority Interest": "5.479", "Total Equity Gross Minority Interest": "2.637", "Total Capitalization": "2.637", "Common Stock Equity": "2.637", "Net Tangible Assets": "2.637", "Working Capital": "2.637", "Invested Capital": "2.637", "Tangible Book Value": "2.637", "Total Debt": "-", "Net Debt": "-", "Share Issued": "13,172", "Ordinary Shares Number": "13,172"}, "12/31/2011": {"Duration": "12/31/2011", "Total Assets": "13.247", "Total Liabilities Net Minority Interest": "9.294", "Total Equity Gross Minority Interest": "3.953", "Total Capitalization": "3.953", "Common Stock Equity": "3.953", "Net Tangible Assets": "3.953", "Working Capital": "3.953", "Invested Capital": "3.953", "Tangible Book Value": "3.953", "Total Debt": "-", "Net Debt": "-", "Share Issued": "11,672", "Ordinary Shares Number": "11,672"}, "12/31/2010": {"Duration": "12/31/2010", "Total Assets": "17.274", "Total Liabilities Net Minority Interest": "4.471", "Total Equity Gross Minority Interest": "12.803", "Total Capitalization": "12.803", "Common Stock Equity": "12.803", "Net Tangible Assets": "12.803", "Working Capital": "12.803", "Invested Capital": "12.803", "Tangible Book Value": "12.803", "Total Debt": "-", "Net Debt": "-", "Share Issued": "11,297", "Ordinary Shares Number": "11,297"}, "12/31/2009": {"Duration": "12/31/2009", "Total Assets": "22.156", "Total Liabilities Net Minority Interest": "0.591", "Total Equity Gross Minority Interest": "21.565", "Total Capitalization": "21.565", "Common Stock Equity": "21.565", "Net Tangible Assets": "21.565", "Working Capital": "21.565", "Invested Capital": "21.565", "Tangible Book Value": "21.565", "Total Debt": "-", "Net Debt": "-", "Share Issued": "10,797", "Ordinary Shares Number": "10,797"}, "12/31/2008": {"Duration": "12/31/2008", "Total Assets": "46.873", "Total Liabilities Net Minority Interest": "2.388", "Total Equity Gross Minority Interest": "44.485", "Total Capitalization": "44.485", "Common Stock Equity": "44.485", "Net Tangible Assets": "44.485", "Working Capital": "44.485", "Invested Capital": "44.485", "Tangible Book Value": "44.485", "Total Debt": "-", "Net Debt": "-", "Share Issued": "10,797", "Ordinary Shares Number": "10,797"}, "12/31/2007": {"Duration": "12/31/2007", "Total Assets": "70.862", "Total Liabilities Net Minority Interest": "1.537", "Total Equity Gross Minority Interest": "69.325", "Total Capitalization": "69.325", "Common Stock Equity": "69.325", "Net Tangible Assets": "69.325", "Working Capital": "69.325", "Invested Capital": "69.325", "Tangible Book Value": "69.325", "Total Debt": "-", "Net Debt": "-", "Share Issued": "10,797", "Ordinary Shares Number": "10,797"}, "12/31/2006": {"Duration": "12/31/2006", "Total Assets": "100.259", "Total Liabilities Net Minority Interest": "0.646", "Total Equity Gross Minority Interest": "99.613", "Total Capitalization": "99.613", "Common Stock Equity": "99.613", "Net Tangible Assets": "99.613", "Working Capital": "99.613", "Invested Capital": "99.613", "Tangible Book Value": "99.613", "Total Debt": "-", "Net Debt": "-", "Share Issued": "10,797", "Ordinary Shares Number": "10,797"}, "12/31/2005": {"Duration": "12/31/2005", "Total Assets": "10.654", "Total Liabilities Net Minority Interest": "17.038", "Total Equity Gross Minority Interest": "-6.384", "Total Capitalization": "-6.384", "Common Stock Equity": "-6.384", "Net Tangible Assets": "-6.384", "Working Capital": "-6.384", "Invested Capital": "-6.384", "Tangible Book Value": "-6.384", "Total Debt": "-", "Net Debt": "-", "Share Issued": "8,397", "Ordinary Shares Number": "8,397"}, "12/31/2004": {"Duration": "12/31/2004", "Total Assets": "42.286", "Total Liabilities Net Minority Interest": "11.872", "Total Equity Gross Minority Interest": "30.414", "Total Capitalization": "30.414", "Common Stock Equity": "30.414", "Net Tangible Assets": "30.414", "Working Capital": "30.414", "Invested Capital": "30.414", "Tangible Book Value": "30.414", "Total Debt": "-", "Net Debt": "-", "Share Issued": "8,397", "Ordinary Shares Number": "8,397"}, "12/31/2003": {"Duration": "12/31/2003", "Total Assets": "10,130", "Total Liabilities Net Minority Interest": "13,338", "Total Equity Gross Minority Interest": "-3,208", "Total Capitalization": "-875.616", "Common Stock Equity": "-3,208", "Net Tangible Assets": "-6,348", "Working Capital": "-6,061", "Invested Capital": "5,826", "Tangible Book Value": "-6,348", "Total Debt": "9,034", "Net Debt": "8,827", "Share Issued": "3,149", "Ordinary Shares Number": "3,149"}, "12/31/2002": {"Duration": "12/31/2002", "Total Assets": "10,024", "Total Liabilities Net Minority Interest": "10,600", "Total Equity Gross Minority Interest": "-576.188", "Total Capitalization": "1,947", "Common Stock Equity": "-576.188", "Net Tangible Assets": "-3,902", "Working Capital": "-3,805", "Invested Capital": "6,692", "Tangible Book Value": "-3,902", "Total Debt": "7,268", "Net Debt": "7,165", "Share Issued": "3,149", "Ordinary Shares Number": "3,149"}, "12/31/2001": {"Duration": "12/31/2001", "Total Assets": "12,396", "Total Liabilities Net Minority Interest": "10,059", "Total Equity Gross Minority Interest": "2,337", "Total Capitalization": "2,366", "Common Stock Equity": "2,337", "Net Tangible Assets": "-1,300", "Working Capital": "-4,347", "Invested Capital": "9,091", "Tangible Book Value": "-1,300", "Total Debt": "6,754", "Net Debt": "6,462", "Share Issued": "3,149", "Ordinary Shares Number": "3,149"}, "12/31/2000": {"Duration": "12/31/2000", "Total Assets": "16,880", "Total Liabilities Net Minority Interest": "9,667", "Total Equity Gross Minority Interest": "7,213", "Total Capitalization": "7,213", "Common Stock Equity": "7,213", "Net Tangible Assets": "4,001", "Working Capital": "-1,913", "Invested Capital": "13,226", "Tangible Book Value": "4,001", "Total Debt": "6,013", "Net Debt": "5,939", "Share Issued": "2,642", "Ordinary Shares Number": "2,642"}, "12/31/1999": {"Duration": "12/31/1999", "Total Assets": "14,100", "Total Liabilities Net Minority Interest": "7,100", "Total Equity Gross Minority Interest": "7,000", "Total Capitalization": "9,700", "Common Stock Equity": "7,000", "Net Tangible Assets": "6,100", "Working Capital": "2,900", "Invested Capital": "9,900", "Tangible Book Value": "6,100", "Total Debt": "2,900", "Net Debt": "2,500", "Share Issued": "2,521", "Ordinary Shares Number": "2,521"}, "9/30/1998": {"Duration": "9/30/1998", "Total Assets": "13,840", "Total Liabilities Net Minority Interest": "12,447", "Total Equity Gross Minority Interest": "1,393", "Total Capitalization": "3,477", "Common Stock Equity": "1,393", "Net Tangible Assets": "390.899", "Working Capital": "-4,902", "Invested Capital": "8,824", "Tangible Book Value": "390.899", "Total Debt": "7,431", "Net Debt": "7,073", "Share Issued": "1,071", "Ordinary Shares Number": "1,071"}, "9/30/1997": {"Duration": "9/30/1997", "Total Assets": "20,274", "Total Liabilities Net Minority Interest": "9,948", "Total Equity Gross Minority Interest": "10,326", "Total Capitalization": "13,921", "Common Stock Equity": "10,326", "Net Tangible Assets": "4,593", "Working Capital": "4,924", "Invested Capital": "15,744", "Tangible Book Value": "4,593", "Total Debt": "5,418", "Net Debt": "4,275", "Share Issued": "1,068", "Ordinary Shares Number": "1,068"}, "9/30/1996": {"Duration": "9/30/1996", "Total Assets": "24,214", "Total Liabilities Net Minority Interest": "6,484", "Total Equity Gross Minority Interest": "17,730", "Total Capitalization": "21,723", "Common Stock Equity": "17,730", "Net Tangible Assets": "12,104", "Working Capital": "12,713", "Invested Capital": "21,882", "Tangible Book Value": "12,104", "Total Debt": "4,152", "Net Debt": "208.686", "Share Issued": "912.938", "Ordinary Shares Number": "912.938"}}, "cf": {"TTM": {"Duration": "TTM", "Operating Cash Flow": "-21.474", "Investing Cash Flow": "-", "Financing Cash Flow": "21.48", "End Cash Position": "-", "Income Tax Paid Supplemental Data": "0", "Interest Paid Supplemental Data": "0", "Capital Expenditure": "-", "Issuance of Capital Stock": "21.48", "Issuance of Debt": "-", "Repayment of Debt": "-", "Free Cash Flow": "-21.474", "Foreign Sales": "-"}, "12/31/2020": {"Duration": "12/31/2020", "Operating Cash Flow": "-34.974", "Investing Cash Flow": "-", "Financing Cash Flow": "34.98", "End Cash Position": "0.203", "Income Tax Paid Supplemental Data": "0", "Interest Paid Supplemental Data": "0", "Capital Expenditure": "-", "Issuance of Capital Stock": "34.98", "Issuance of Debt": "-", "Repayment of Debt": "-", "Free Cash Flow": "-34.974", "Foreign Sales": "-"}, "12/31/2019": {"Duration": "12/31/2019", "Operating Cash Flow": "-20.001", "Investing Cash Flow": "-", "Financing Cash Flow": "19.989", "End Cash Position": "0.197", "Income Tax Paid Supplemental Data": "0", "Interest Paid Supplemental Data": "0", "Capital Expenditure": "-", "Issuance of Capital Stock": "19.989", "Issuance of Debt": "-", "Repayment of Debt": "-", "Free Cash Flow": "-20.001", "Foreign Sales": "-"}, "12/31/2018": {"Duration": "12/31/2018", "Operating Cash Flow": "-18.193", "Investing Cash Flow": "-", "Financing Cash Flow": "18.132", "End Cash Position": "0.209", "Income Tax Paid Supplemental Data": "0", "Interest Paid Supplemental Data": "0", "Capital Expenditure": "-", "Issuance of Capital Stock": "18.132", "Issuance of Debt": "-", "Repayment of Debt": "-", "Free Cash Flow": "-18.193", "Foreign Sales": "-"}, "12/31/2017": {"Duration": "12/31/2017", "Operating Cash Flow": "-21.295", "Investing Cash Flow": "-", "Financing Cash Flow": "21.262", "End Cash Position": "0.27", "Income Tax Paid Supplemental Data": "0", "Interest Paid Supplemental Data": "0", "Capital Expenditure": "-", "Issuance of Capital Stock": "21.262", "Issuance of Debt": "-", "Repayment of Debt": "-", "Free Cash Flow": "-21.295", "Foreign Sales": "-"}, "12/31/2016": {"Duration": "12/31/2016", "Operating Cash Flow": "-19.204", "Investing Cash Flow": "-", "Financing Cash Flow": "18.635", "End Cash Position": "0.303", "Income Tax Paid Supplemental Data": "0", "Interest Paid Supplemental Data": "0", "Capital Expenditure": "-", "Issuance of Capital Stock": "18.635", "Issuance of Debt": "-", "Repayment of Debt": "-", "Free Cash Flow": "-19.204", "Foreign Sales": "-"}, "12/31/2015": {"Duration": "12/31/2015", "Operating Cash Flow": "-17.264", "Investing Cash Flow": "-", "Financing Cash Flow": "15.78", "End Cash Position": "0.872", "Income Tax Paid Supplemental Data": "0", "Interest Paid Supplemental Data": "0", "Capital Expenditure": "-", "Issuance of Capital Stock": "15.78", "Issuance of Debt": "-", "Repayment of Debt": "-", "Free Cash Flow": "-17.264", "Foreign Sales": "-"}, "12/31/2014": {"Duration": "12/31/2014", "Operating Cash Flow": "-24.254", "Investing Cash Flow": "0", "Financing Cash Flow": "21.803", "End Cash Position": "2.356", "Income Tax Paid Supplemental Data": "0", "Interest Paid Supplemental Data": "0", "Capital Expenditure": "-", "Issuance of Capital Stock": "21.803", "Issuance of Debt": "-", "Repayment of Debt": "-", "Free Cash Flow": "-24.254", "Foreign Sales": "-"}, "12/31/2013": {"Duration": "12/31/2013", "Operating Cash Flow": "-14.162", "Investing Cash Flow": "0", "Financing Cash Flow": "10.853", "End Cash Position": "4.807", "Income Tax Paid Supplemental Data": "-", "Interest Paid Supplemental Data": "-", "Capital Expenditure": "-", "Issuance of Capital Stock": "10.853", "Issuance of Debt": "-", "Repayment of Debt": "-", "Free Cash Flow": "-14.162", "Foreign Sales": "-"}, "12/31/2012": {"Duration": "12/31/2012", "Operating Cash Flow": "-18.331", "Investing Cash Flow": "0", "Financing Cash Flow": "15", "End Cash Position": "8.116", "Income Tax Paid Supplemental Data": "0", "Interest Paid Supplemental Data": "0", "Capital Expenditure": "-", "Issuance of Capital Stock": "15", "Issuance of Debt": "-", "Repayment of Debt": "-", "Free Cash Flow": "-18.331", "Foreign Sales": "-"}, "12/31/2011": {"Duration": "12/31/2011", "Operating Cash Flow": "-19.027", "Investing Cash Flow": "-", "Financing Cash Flow": "15", "End Cash Position": "11.447", "Income Tax Paid Supplemental Data": "0", "Interest Paid Supplemental Data": "0", "Capital Expenditure": "-", "Issuance of Capital Stock": "15", "Issuance of Debt": "-", "Repayment of Debt": "-", "Free Cash Flow": "-19.027", "Foreign Sales": "-"}, "12/31/2010": {"Duration": "12/31/2010", "Operating Cash Flow": "-19.882", "Investing Cash Flow": "-", "Financing Cash Flow": "15", "End Cash Position": "15.474", "Income Tax Paid Supplemental Data": "-", "Interest Paid Supplemental Data": "-", "Capital Expenditure": "-", "Issuance of Capital Stock": "15", "Issuance of Debt": "-", "Repayment of Debt": "-", "Free Cash Flow": "-19.882", "Foreign Sales": "-"}, "12/31/2009": {"Duration": "12/31/2009", "Operating Cash Flow": "-24.717", "Investing Cash Flow": "-", "Financing Cash Flow": "-", "End Cash Position": "20.356", "Income Tax Paid Supplemental Data": "-", "Interest Paid Supplemental Data": "-", "Capital Expenditure": "-", "Issuance of Capital Stock": "-", "Issuance of Debt": "-", "Repayment of Debt": "-", "Free Cash Flow": "-24.717", "Foreign Sales": "-"}, "12/31/2008": {"Duration": "12/31/2008", "Operating Cash Flow": "-23.989", "Investing Cash Flow": "-", "Financing Cash Flow": "-", "End Cash Position": "45.073", "Income Tax Paid Supplemental Data": "0", "Interest Paid Supplemental Data": "0", "Capital Expenditure": "-", "Issuance of Capital Stock": "-", "Issuance of Debt": "-", "Repayment of Debt": "-", "Free Cash Flow": "-23.989", "Foreign Sales": "-"}, "12/31/2007": {"Duration": "12/31/2007", "Operating Cash Flow": "-29.397", "Investing Cash Flow": "0", "Financing Cash Flow": "0", "End Cash Position": "69.062", "Income Tax Paid Supplemental Data": "-", "Interest Paid Supplemental Data": "-", "Capital Expenditure": "-", "Issuance of Capital Stock": "-", "Issuance of Debt": "-", "Repayment of Debt": "-", "Free Cash Flow": "-29.397", "Foreign Sales": "-"}, "12/31/2006": {"Duration": "12/31/2006", "Operating Cash Flow": "-32.195", "Investing Cash Flow": "0", "Financing Cash Flow": "120", "End Cash Position": "98.459", "Income Tax Paid Supplemental Data": "-", "Interest Paid Supplemental Data": "-", "Capital Expenditure": "-", "Issuance of Capital Stock": "105", "Issuance of Debt": "-", "Repayment of Debt": "-", "Free Cash Flow": "-32.195", "Foreign Sales": "-"}, "12/31/2005": {"Duration": "12/31/2005", "Operating Cash Flow": "-31.632", "Investing Cash Flow": "0", "Financing Cash Flow": "0", "End Cash Position": "10.654", "Income Tax Paid Supplemental Data": "-", "Interest Paid Supplemental Data": "-", "Capital Expenditure": "-", "Issuance of Capital Stock": "-", "Issuance of Debt": "-", "Repayment of Debt": "-", "Free Cash Flow": "-31.632", "Foreign Sales": "-"}, "12/31/2004": {"Duration": "12/31/2004", "Operating Cash Flow": "-160.265", "Investing Cash Flow": "-230.23", "Financing Cash Flow": "238.934", "End Cash Position": "42.286", "Income Tax Paid Supplemental Data": "-", "Interest Paid Supplemental Data": "-", "Capital Expenditure": "-", "Issuance of Capital Stock": "50", "Issuance of Debt": "-", "Repayment of Debt": "-", "Free Cash Flow": "-160.265", "Foreign Sales": "892.55"}, "12/31/2003": {"Duration": "12/31/2003", "Operating Cash Flow": "-1,550", "Investing Cash Flow": "-22.259", "Financing Cash Flow": "1,766", "End Cash Position": "207.139", "Income Tax Paid Supplemental Data": "-", "Interest Paid Supplemental Data": "-", "Capital Expenditure": "-30.267", "Issuance of Capital Stock": "-", "Issuance of Debt": "-", "Repayment of Debt": "-", "Free Cash Flow": "-1,580", "Foreign Sales": "3,148"}, "12/31/2002": {"Duration": "12/31/2002", "Operating Cash Flow": "-585.661", "Investing Cash Flow": "-90.885", "Financing Cash Flow": "481.073", "End Cash Position": "103.802", "Income Tax Paid Supplemental Data": "-", "Interest Paid Supplemental Data": "-", "Capital Expenditure": "-92.138", "Issuance of Capital Stock": "-", "Issuance of Debt": "-", "Repayment of Debt": "-", "Free Cash Flow": "-677.799", "Foreign Sales": "3,472"}, "12/31/2001": {"Duration": "12/31/2001", "Operating Cash Flow": "852.142", "Investing Cash Flow": "-883.572", "Financing Cash Flow": "228.742", "End Cash Position": "291.726", "Income Tax Paid Supplemental Data": "-", "Interest Paid Supplemental Data": "-", "Capital Expenditure": "-118.663", "Issuance of Capital Stock": "278", "Issuance of Debt": "-", "Repayment of Debt": "-", "Free Cash Flow": "733.479", "Foreign Sales": "2,037"}, "12/31/2000": {"Duration": "12/31/2000", "Operating Cash Flow": "1,012", "Investing Cash Flow": "-3,676", "Financing Cash Flow": "2,385", "End Cash Position": "74.712", "Income Tax Paid Supplemental Data": "-", "Interest Paid Supplemental Data": "-", "Capital Expenditure": "-160.267", "Issuance of Capital Stock": "914.251", "Issuance of Debt": "-", "Repayment of Debt": "-", "Free Cash Flow": "851.413", "Foreign Sales": "5,339"}, "12/31/1999": {"Duration": "12/31/1999", "Operating Cash Flow": "2,800", "Investing Cash Flow": "-800", "Financing Cash Flow": "-1,800", "End Cash Position": "400", "Income Tax Paid Supplemental Data": "-", "Interest Paid Supplemental Data": "-", "Capital Expenditure": "-200", "Issuance of Capital Stock": "3,000", "Issuance of Debt": "-", "Repayment of Debt": "-", "Free Cash Flow": "2,600", "Foreign Sales": "-"}, "9/30/1998": {"Duration": "9/30/1998", "Operating Cash Flow": "-63.652", "Investing Cash Flow": "-2,228", "Financing Cash Flow": "1,504", "End Cash Position": "357.724", "Income Tax Paid Supplemental Data": "-", "Interest Paid Supplemental Data": "-", "Capital Expenditure": "-2,288", "Issuance of Capital Stock": "75.396", "Issuance of Debt": "0", "Repayment of Debt": "-943.969", "Free Cash Flow": "-2,352", "Foreign Sales": "-"}, "9/30/1997": {"Duration": "9/30/1997", "Operating Cash Flow": "-595.39", "Investing Cash Flow": "-3,153", "Financing Cash Flow": "945.027", "End Cash Position": "1,143", "Income Tax Paid Supplemental Data": "-", "Interest Paid Supplemental Data": "-", "Capital Expenditure": "-3,340", "Issuance of Capital Stock": "307.588", "Issuance of Debt": "1,800", "Repayment of Debt": "-2,264", "Free Cash Flow": "-3,935", "Foreign Sales": "-"}, "9/30/1996": {"Duration": "9/30/1996", "Operating Cash Flow": "-3,878", "Investing Cash Flow": "-2,102", "Financing Cash Flow": "9,879", "End Cash Position": "3,943", "Income Tax Paid Supplemental Data": "-", "Interest Paid Supplemental Data": "-", "Capital Expenditure": "-2,102", "Issuance of Capital Stock": "10,777", "Issuance of Debt": "2,266", "Repayment of Debt": "-2,990", "Free Cash Flow": "-5,980", "Foreign Sales": "-"}}, "ks": {"Current": {"Duration": "Current", "Market Cap (intraday) 5": "931.41k", "Enterprise Value 3": "931.21k", "Trailing P/E ": "78.12", "Forward P/E 1": "N/A", "PEG Ratio (5 yr expected) 1": "N/A", "Price/Sales (ttm)": "N/A", "Price/Book (mrq)": "N/A", "Enterprise Value/Revenue 3": "N/A", "Enterprise Value/EBITDA 7": "-37.66"}, "3/31/2021": {"Duration": "3/31/2021", "Market Cap (intraday) 5": "875.93k", "Enterprise Value 3": "875.73k", "Trailing P/E ": "N/A", "Forward P/E 1": "N/A", "PEG Ratio (5 yr expected) 1": "N/A", "Price/Sales (ttm)": "N/A", "Price/Book (mrq)": "N/A", "Enterprise Value/Revenue 3": "N/A", "Enterprise Value/EBITDA 7": "-74.36"}, "12/31/2020": {"Duration": "12/31/2020", "Market Cap (intraday) 5": "1.40M", "Enterprise Value 3": "1.40M", "Trailing P/E ": "N/A", "Forward P/E 1": "N/A", "PEG Ratio (5 yr expected) 1": "N/A", "Price/Sales (ttm)": "N/A", "Price/Book (mrq)": "N/A", "Enterprise Value/Revenue 3": "N/A", "Enterprise Value/EBITDA 7": "-288.57"}, "9/30/2020": {"Duration": "9/30/2020", "Market Cap (intraday) 5": "872.58k", "Enterprise Value 3": "872.38k", "Trailing P/E ": "N/A", "Forward P/E 1": "N/A", "PEG Ratio (5 yr expected) 1": "N/A", "Price/Sales (ttm)": "N/A", "Price/Book (mrq)": "N/A", "Enterprise Value/Revenue 3": "N/A", "Enterprise Value/EBITDA 7": "-228.85"}, "6/30/2020": {"Duration": "6/30/2020", "Market Cap (intraday) 5": "1.31M", "Enterprise Value 3": "1.31M", "Trailing P/E ": "N/A", "Forward P/E 1": "N/A", "PEG Ratio (5 yr expected) 1": "N/A", "Price/Sales (ttm)": "N/A", "Price/Book (mrq)": "N/A", "Enterprise Value/Revenue 3": "N/A", "Enterprise Value/EBITDA 7": "-305.08"}, "3/31/2020": {"Duration": "3/31/2020", "Market Cap (intraday) 5": "681.25k", "Enterprise Value 3": "681.05k", "Trailing P/E ": "N/A", "Forward P/E 1": "N/A", "PEG Ratio (5 yr expected) 1": "N/A", "Price/Sales (ttm)": "N/A", "Price/Book (mrq)": "N/A", "Enterprise Value/Revenue 3": "N/A", "Enterprise Value/EBITDA 7": "-57.81"}, "12/31/2019": {"Duration": "12/31/2019", "Market Cap (intraday) 5": "1.19M", "Enterprise Value 3": "1.19M", "Trailing P/E ": "N/A", "Forward P/E 1": "N/A", "PEG Ratio (5 yr expected) 1": "N/A", "Price/Sales (ttm)": "N/A", "Price/Book (mrq)": "N/A", "Enterprise Value/Revenue 3": "N/A", "Enterprise Value/EBITDA 7": "-390.81"}, "9/30/2019": {"Duration": "9/30/2019", "Market Cap (intraday) 5": "681.25k", "Enterprise Value 3": "681.05k", "Trailing P/E ": "N/A", "Forward P/E 1": "N/A", "PEG Ratio (5 yr expected) 1": "N/A", "Price/Sales (ttm)": "N/A", "Price/Book (mrq)": "N/A", "Enterprise Value/Revenue 3": "N/A", "Enterprise Value/EBITDA 7": "-223.81"}, "6/30/2019": {"Duration": "6/30/2019", "Market Cap (intraday) 5": "509.40k", "Enterprise Value 3": "509.20k", "Trailing P/E ": "N/A", "Forward P/E 1": "N/A", "PEG Ratio (5 yr expected) 1": "N/A", "Price/Sales (ttm)": "N/A", "Price/Book (mrq)": "N/A", "Enterprise Value/Revenue 3": "N/A", "Enterprise Value/EBITDA 7": "-166.19"}, "3/31/2019": {"Duration": "3/31/2019", "Market Cap (intraday) 5": "663.46k", "Enterprise Value 3": "663.25k", "Trailing P/E ": "N/A", "Forward P/E 1": "N/A", "PEG Ratio (5 yr expected) 1": "N/A", "Price/Sales (ttm)": "N/A", "Price/Book (mrq)": "N/A", "Enterprise Value/Revenue 3": "N/A", "Enterprise Value/EBITDA 7": "-58.89"}, "12/31/2018": {"Duration": "12/31/2018", "Market Cap (intraday) 5": "829.33k", "Enterprise Value 3": "829.11k", "Trailing P/E ": "N/A", "Forward P/E 1": "N/A", "PEG Ratio (5 yr expected) 1": "N/A", "Price/Sales (ttm)": "N/A", "Price/Book (mrq)": "N/A", "Enterprise Value/Revenue 3": "N/A", "Enterprise Value/EBITDA 7": "-284.43"}, "9/30/2018": {"Duration": "9/30/2018", "Market Cap (intraday) 5": "829.33k", "Enterprise Value 3": "829.10k", "Trailing P/E ": "N/A", "Forward P/E 1": "N/A", "PEG Ratio (5 yr expected) 1": "N/A", "Price/Sales (ttm)": "N/A", "Price/Book (mrq)": "N/A", "Enterprise Value/Revenue 3": "N/A", "Enterprise Value/EBITDA 7": "-282.87"}, "6/30/2018": {"Duration": "6/30/2018", "Market Cap (intraday) 5": "1.32M", "Enterprise Value 3": "1.32M", "Trailing P/E ": "N/A", "Forward P/E 1": "N/A", "PEG Ratio (5 yr expected) 1": "N/A", "Price/Sales (ttm)": "N/A", "Price/Book (mrq)": "N/A", "Enterprise Value/Revenue 3": "N/A", "Enterprise Value/EBITDA 7": "-452.57"}, "3/31/2018": {"Duration": "3/31/2018", "Market Cap (intraday) 5": "807.07k", "Enterprise Value 3": "806.79k", "Trailing P/E ": "N/A", "Forward P/E 1": "N/A", "PEG Ratio (5 yr expected) 1": "N/A", "Price/Sales (ttm)": "N/A", "Price/Book (mrq)": "N/A", "Enterprise Value/Revenue 3": "N/A", "Enterprise Value/EBITDA 7": "-72.61"}, "12/31/2017": {"Duration": "12/31/2017", "Market Cap (intraday) 5": "483.32k", "Enterprise Value 3": "483.03k", "Trailing P/E ": "N/A", "Forward P/E 1": "N/A", "PEG Ratio (5 yr expected) 1": "N/A", "Price/Sales (ttm)": "N/A", "Price/Book (mrq)": "N/A", "Enterprise Value/Revenue 3": "N/A", "Enterprise Value/EBITDA 7": "-171.41"}, "9/30/2017": {"Duration": "9/30/2017", "Market Cap (intraday) 5": "302.98k", "Enterprise Value 3": "302.68k", "Trailing P/E ": "N/A", "Forward P/E 1": "N/A", "PEG Ratio (5 yr expected) 1": "N/A", "Price/Sales (ttm)": "N/A", "Price/Book (mrq)": "N/A", "Enterprise Value/Revenue 3": "N/A", "Enterprise Value/EBITDA 7": "-108.49"}, "6/30/2017": {"Duration": "6/30/2017", "Market Cap (intraday) 5": "252.80k", "Enterprise Value 3": "252.50k", "Trailing P/E ": "N/A", "Forward P/E 1": "N/A", "PEG Ratio (5 yr expected) 1": "N/A", "Price/Sales (ttm)": "N/A", "Price/Book (mrq)": "N/A", "Enterprise Value/Revenue 3": "N/A", "Enterprise Value/EBITDA 7": "-89.13"}, "3/31/2017": {"Duration": "3/31/2017", "Market Cap (intraday) 5": "252.80k", "Enterprise Value 3": "252.49k", "Trailing P/E ": "N/A", "Forward P/E 1": "N/A", "PEG Ratio (5 yr expected) 1": "N/A", "Price/Sales (ttm)": "N/A", "Price/Book (mrq)": "N/A", "Enterprise Value/Revenue 3": "N/A", "Enterprise Value/EBITDA 7": "-24.91"}, "12/31/2016": {"Duration": "12/31/2016", "Market Cap (intraday) 5": "154.47k", "Enterprise Value 3": "154.16k", "Trailing P/E ": "N/A", "Forward P/E 1": "N/A", "PEG Ratio (5 yr expected) 1": "N/A", "Price/Sales (ttm)": "N/A", "Price/Book (mrq)": "N/A", "Enterprise Value/Revenue 3": "N/A", "Enterprise Value/EBITDA 7": "-53.23"}, "9/30/2016": {"Duration": "9/30/2016", "Market Cap (intraday) 5": "681.48k", "Enterprise Value 3": "681.15k", "Trailing P/E ": "N/A", "Forward P/E 1": "N/A", "PEG Ratio (5 yr expected) 1": "N/A", "Price/Sales (ttm)": "N/A", "Price/Book (mrq)": "N/A", "Enterprise Value/Revenue 3": "N/A", "Enterprise Value/EBITDA 7": "-201.64"}, "6/30/2016": {"Duration": "6/30/2016", "Market Cap (intraday) 5": "578.51k", "Enterprise Value 3": "577.67k", "Trailing P/E ": "N/A", "Forward P/E 1": "N/A", "PEG Ratio (5 yr expected) 1": "N/A", "Price/Sales (ttm)": "N/A", "Price/Book (mrq)": "N/A", "Enterprise Value/Revenue 3": "N/A", "Enterprise Value/EBITDA 7": "-131.32"}, "3/31/2016": {"Duration": "3/31/2016", "Market Cap (intraday) 5": "568.09k", "Enterprise Value 3": "567.21k", "Trailing P/E ": "N/A", "Forward P/E 1": "N/A", "PEG Ratio (5 yr expected) 1": "N/A", "Price/Sales (ttm)": "N/A", "Price/Book (mrq)": "N/A", "Enterprise Value/Revenue 3": "N/A", "Enterprise Value/EBITDA 7": "-55.10"}, "12/31/2015": {"Duration": "12/31/2015", "Market Cap (intraday) 5": "557.14k", "Enterprise Value 3": "556.26k", "Trailing P/E ": "118.75", "Forward P/E 1": "N/A", "PEG Ratio (5 yr expected) 1": "N/A", "Price/Sales (ttm)": "N/A", "Price/Book (mrq)": "N/A", "Enterprise Value/Revenue 3": "N/A", "Enterprise Value/EBITDA 7": "-204.66"}, "9/30/2015": {"Duration": "9/30/2015", "Market Cap (intraday) 5": "569.80k", "Enterprise Value 3": "568.91k", "Trailing P/E ": "242.24", "Forward P/E 1": "N/A", "PEG Ratio (5 yr expected) 1": "N/A", "Price/Sales (ttm)": "N/A", "Price/Book (mrq)": "N/A", "Enterprise Value/Revenue 3": "N/A", "Enterprise Value/EBITDA 7": "-160.66"}, "6/30/2015": {"Duration": "6/30/2015", "Market Cap (intraday) 5": "537.84k", "Enterprise Value 3": "536.94k", "Trailing P/E ": "N/A", "Forward P/E 1": "N/A", "PEG Ratio (5 yr expected) 1": "N/A", "Price/Sales (ttm)": "N/A", "Price/Book (mrq)": "N/A", "Enterprise Value/Revenue 3": "N/A", "Enterprise Value/EBITDA 7": "-320.95"}, "3/31/2015": {"Duration": "3/31/2015", "Market Cap (intraday) 5": "508.77k", "Enterprise Value 3": "506.41k", "Trailing P/E ": "N/A", "Forward P/E 1": "N/A", "PEG Ratio (5 yr expected) 1": "N/A", "Price/Sales (ttm)": "N/A", "Price/Book (mrq)": "N/A", "Enterprise Value/Revenue 3": "N/A", "Enterprise Value/EBITDA 7": "-56.29"}, "12/31/2014": {"Duration": "12/31/2014", "Market Cap (intraday) 5": "499.35k", "Enterprise Value 3": "495.37k", "Trailing P/E ": "N/A", "Forward P/E 1": "N/A", "PEG Ratio (5 yr expected) 1": "N/A", "Price/Sales (ttm)": "N/A", "Price/Book (mrq)": "N/A", "Enterprise Value/Revenue 3": "N/A", "Enterprise Value/EBITDA 7": "-182.06"}, "9/30/2014": {"Duration": "9/30/2014", "Market Cap (intraday) 5": "572.11k", "Enterprise Value 3": "566.94k", "Trailing P/E ": "N/A", "Forward P/E 1": "N/A", "PEG Ratio (5 yr expected) 1": "N/A", "Price/Sales (ttm)": "N/A", "Price/Book (mrq)": "N/A", "Enterprise Value/Revenue 3": "N/A", "Enterprise Value/EBITDA 7": "-99.69"}, "6/30/2014": {"Duration": "6/30/2014", "Market Cap (intraday) 5": "351.33k", "Enterprise Value 3": "346.14k", "Trailing P/E ": "N/A", "Forward P/E 1": "N/A", "PEG Ratio (5 yr expected) 1": "N/A", "Price/Sales (ttm)": "N/A", "Price/Book (mrq)": "N/A", "Enterprise Value/Revenue 3": "N/A", "Enterprise Value/EBITDA 7": "-243.25"}, "3/31/2014": {"Duration": "3/31/2014", "Market Cap (intraday) 5": "491.87k", "Enterprise Value 3": "487.06k", "Trailing P/E ": "N/A", "Forward P/E 1": "N/A", "PEG Ratio (5 yr expected) 1": "N/A", "Price/Sales (ttm)": "N/A", "Price/Book (mrq)": "N/A", "Enterprise Value/Revenue 3": "N/A", "Enterprise Value/EBITDA 7": "-43.99"}, "12/31/2013": {"Duration": "12/31/2013", "Market Cap (intraday) 5": "270.67k", "Enterprise Value 3": "265.00k", "Trailing P/E ": "N/A", "Forward P/E 1": "N/A", "PEG Ratio (5 yr expected) 1": "N/A", "Price/Sales (ttm)": "N/A", "Price/Book (mrq)": "N/A", "Enterprise Value/Revenue 3": "N/A", "Enterprise Value/EBITDA 7": "-18.02"}, "9/30/2013": {"Duration": "9/30/2013", "Market Cap (intraday) 5": "329.30k", "Enterprise Value 3": "323.62k", "Trailing P/E ": "N/A", "Forward P/E 1": "N/A", "PEG Ratio (5 yr expected) 1": "N/A", "Price/Sales (ttm)": "N/A", "Price/Book (mrq)": "N/A", "Enterprise Value/Revenue 3": "N/A", "Enterprise Value/EBITDA 7": "-69.09"}, "6/30/2013": {"Duration": "6/30/2013", "Market Cap (intraday) 5": "92.20k", "Enterprise Value 3": "84.49k", "Trailing P/E ": "N/A", "Forward P/E 1": "N/A", "PEG Ratio (5 yr expected) 1": "N/A", "Price/Sales (ttm)": "N/A", "Price/Book (mrq)": "N/A", "Enterprise Value/Revenue 3": "N/A", "Enterprise Value/EBITDA 7": "-60.44"}, "3/31/2013": {"Duration": "3/31/2013", "Market Cap (intraday) 5": "92.20k", "Enterprise Value 3": "84.09k", "Trailing P/E ": "N/A", "Forward P/E 1": "N/A", "PEG Ratio (5 yr expected) 1": "N/A", "Price/Sales (ttm)": "N/A", "Price/Book (mrq)": "34.97", "Enterprise Value/Revenue 3": "N/A", "Enterprise Value/EBITDA 7": "-5.85"}, "12/31/2012": {"Duration": "12/31/2012", "Market Cap (intraday) 5": "32.93k", "Enterprise Value 3": "24.81k", "Trailing P/E ": "N/A", "Forward P/E 1": "N/A", "PEG Ratio (5 yr expected) 1": "N/A", "Price/Sales (ttm)": "N/A", "Price/Book (mrq)": "12.49", "Enterprise Value/Revenue 3": "N/A", "Enterprise Value/EBITDA 7": "-6.64"}, "9/30/2012": {"Duration": "9/30/2012", "Market Cap (intraday) 5": "245.11k", "Enterprise Value 3": "237.01k", "Trailing P/E ": "N/A", "Forward P/E 1": "N/A", "PEG Ratio (5 yr expected) 1": "N/A", "Price/Sales (ttm)": "N/A", "Price/Book (mrq)": "N/A", "Enterprise Value/Revenue 3": "N/A", "Enterprise Value/EBITDA 7": "-415.07"}, "6/30/2012": {"Duration": "6/30/2012", "Market Cap (intraday) 5": "350.16k", "Enterprise Value 3": "340.32k", "Trailing P/E ": "N/A", "Forward P/E 1": "N/A", "PEG Ratio (5 yr expected) 1": "N/A", "Price/Sales (ttm)": "N/A", "Price/Book (mrq)": "N/A", "Enterprise Value/Revenue 3": "N/A", "Enterprise Value/EBITDA 7": "-100.12"}, "3/31/2012": {"Duration": "3/31/2012", "Market Cap (intraday) 5": "583.60k", "Enterprise Value 3": "572.15k", "Trailing P/E ": "N/A", "Forward P/E 1": "N/A", "PEG Ratio (5 yr expected) 1": "N/A", "Price/Sales (ttm)": "N/A", "Price/Book (mrq)": "147.63", "Enterprise Value/Revenue 3": "N/A", "Enterprise Value/EBITDA 7": "-66.47"}, "12/31/2011": {"Duration": "12/31/2011", "Market Cap (intraday) 5": "225.94k", "Enterprise Value 3": "223.83k", "Trailing P/E ": "N/A", "Forward P/E 1": "N/A", "PEG Ratio (5 yr expected) 1": "N/A", "Price/Sales (ttm)": "N/A", "Price/Book (mrq)": "N/A", "Enterprise Value/Revenue 3": "N/A", "Enterprise Value/EBITDA 7": "-39.30"}, "9/30/2011": {"Duration": "9/30/2011", "Market Cap (intraday) 5": "564.85k", "Enterprise Value 3": "562.74k", "Trailing P/E ": "N/A", "Forward P/E 1": "N/A", "PEG Ratio (5 yr expected) 1": "N/A", "Price/Sales (ttm)": "N/A", "Price/Book (mrq)": "N/A", "Enterprise Value/Revenue 3": "N/A", "Enterprise Value/EBITDA 7": "-102.71"}, "6/30/2011": {"Duration": "6/30/2011", "Market Cap (intraday) 5": "429.29k", "Enterprise Value 3": "427.18k", "Trailing P/E ": "N/A", "Forward P/E 1": "N/A", "PEG Ratio (5 yr expected) 1": "N/A", "Price/Sales (ttm)": "N/A", "Price/Book (mrq)": "3.38k", "Enterprise Value/Revenue 3": "N/A", "Enterprise Value/EBITDA 7": "-183.65"}, "3/31/2011": {"Duration": "3/31/2011", "Market Cap (intraday) 5": "316.31k", "Enterprise Value 3": "302.84k", "Trailing P/E ": "N/A", "Forward P/E 1": "N/A", "PEG Ratio (5 yr expected) 1": "N/A", "Price/Sales (ttm)": "N/A", "Price/Book (mrq)": "128.95", "Enterprise Value/Revenue 3": "N/A", "Enterprise Value/EBITDA 7": "-29.26"}, "12/31/2010": {"Duration": "12/31/2010", "Market Cap (intraday) 5": "338.91k", "Enterprise Value 3": "323.44k", "Trailing P/E ": "N/A", "Forward P/E 1": "N/A", "PEG Ratio (5 yr expected) 1": "N/A", "Price/Sales (ttm)": "N/A", "Price/Book (mrq)": "26.47", "Enterprise Value/Revenue 3": "N/A", "Enterprise Value/EBITDA 7": "-75.06"}, "9/30/2010": {"Duration": "9/30/2010", "Market Cap (intraday) 5": "485.86k", "Enterprise Value 3": "481.80k", "Trailing P/E ": "N/A", "Forward P/E 1": "N/A", "PEG Ratio (5 yr expected) 1": "N/A", "Price/Sales (ttm)": "N/A", "Price/Book (mrq)": "230.05", "Enterprise Value/Revenue 3": "N/A", "Enterprise Value/EBITDA 7": "-121.02"}, "6/30/2010": {"Duration": "6/30/2010", "Market Cap (intraday) 5": "345.50k", "Enterprise Value 3": "337.90k", "Trailing P/E ": "N/A", "Forward P/E 1": "N/A", "PEG Ratio (5 yr expected) 1": "N/A", "Price/Sales (ttm)": "N/A", "Price/Book (mrq)": "56.70", "Enterprise Value/Revenue 3": "N/A", "Enterprise Value/EBITDA 7": "-62.02"}, "3/31/2010": {"Duration": "3/31/2010", "Market Cap (intraday) 5": "345.50k", "Enterprise Value 3": "327.05k", "Trailing P/E ": "N/A", "Forward P/E 1": "N/A", "PEG Ratio (5 yr expected) 1": "N/A", "Price/Sales (ttm)": "N/A", "Price/Book (mrq)": "29.94", "Enterprise Value/Revenue 3": "N/A", "Enterprise Value/EBITDA 7": "-32.62"}, "12/31/2009": {"Duration": "12/31/2009", "Market Cap (intraday) 5": "345.50k", "Enterprise Value 3": "325.15k", "Trailing P/E ": "N/A", "Forward P/E 1": "N/A", "PEG Ratio (5 yr expected) 1": "N/A", "Price/Sales (ttm)": "N/A", "Price/Book (mrq)": "16.02", "Enterprise Value/Revenue 3": "N/A", "Enterprise Value/EBITDA 7": "-95.60"}, "9/30/2009": {"Duration": "9/30/2009", "Market Cap (intraday) 5": "539.85k", "Enterprise Value 3": "511.77k", "Trailing P/E ": "N/A", "Forward P/E 1": "N/A", "PEG Ratio (5 yr expected) 1": "N/A", "Price/Sales (ttm)": "N/A", "Price/Book (mrq)": "21.62", "Enterprise Value/Revenue 3": "N/A", "Enterprise Value/EBITDA 7": "-115.19"}, "6/30/2009": {"Duration": "6/30/2009", "Market Cap (intraday) 5": "647.82k", "Enterprise Value 3": "618.26k", "Trailing P/E ": "N/A", "Forward P/E 1": "N/A", "PEG Ratio (5 yr expected) 1": "N/A", "Price/Sales (ttm)": "N/A", "Price/Book (mrq)": "22.03", "Enterprise Value/Revenue 3": "N/A", "Enterprise Value/EBITDA 7": "-130.27"}, "3/31/2009": {"Duration": "3/31/2009", "Market Cap (intraday) 5": "539.85k", "Enterprise Value 3": "496.25k", "Trailing P/E ": "N/A", "Forward P/E 1": "N/A", "PEG Ratio (5 yr expected) 1": "N/A", "Price/Sales (ttm)": "N/A", "Price/Book (mrq)": "15.81", "Enterprise Value/Revenue 3": "N/A", "Enterprise Value/EBITDA 7": "-48.04"}, "12/31/2008": {"Duration": "12/31/2008", "Market Cap (intraday) 5": "431.88k", "Enterprise Value 3": "386.81k", "Trailing P/E ": "N/A", "Forward P/E 1": "N/A", "PEG Ratio (5 yr expected) 1": "N/A", "Price/Sales (ttm)": "N/A", "Price/Book (mrq)": "9.71", "Enterprise Value/Revenue 3": "N/A", "Enterprise Value/EBITDA 7": "-92.63"}, "9/30/2008": {"Duration": "9/30/2008", "Market Cap (intraday) 5": "809.77k", "Enterprise Value 3": "758.86k", "Trailing P/E ": "N/A", "Forward P/E 1": "N/A", "PEG Ratio (5 yr expected) 1": "N/A", "Price/Sales (ttm)": "N/A", "Price/Book (mrq)": "16.64", "Enterprise Value/Revenue 3": "N/A", "Enterprise Value/EBITDA 7": "-152.47"}, "6/30/2008": {"Duration": "6/30/2008", "Market Cap (intraday) 5": "971.73k", "Enterprise Value 3": "916.78k", "Trailing P/E ": "N/A", "Forward P/E 1": "N/A", "PEG Ratio (5 yr expected) 1": "N/A", "Price/Sales (ttm)": "N/A", "Price/Book (mrq)": "18.12", "Enterprise Value/Revenue 3": "N/A", "Enterprise Value/EBITDA 7": "-179.80"}, "3/31/2008": {"Duration": "3/31/2008", "Market Cap (intraday) 5": "1.19M", "Enterprise Value 3": "1.12M", "Trailing P/E ": "N/A", "Forward P/E 1": "N/A", "PEG Ratio (5 yr expected) 1": "N/A", "Price/Sales (ttm)": "N/A", "Price/Book (mrq)": "20.22", "Enterprise Value/Revenue 3": "N/A", "Enterprise Value/EBITDA 7": "-106.04"}, "12/31/2007": {"Duration": "12/31/2007", "Market Cap (intraday) 5": "1.30M", "Enterprise Value 3": "1.23M", "Trailing P/E ": "N/A", "Forward P/E 1": "N/A", "PEG Ratio (5 yr expected) 1": "N/A", "Price/Sales (ttm)": "N/A", "Price/Book (mrq)": "18.69", "Enterprise Value/Revenue 3": "N/A", "Enterprise Value/EBITDA 7": "-249.91"}, "9/30/2007": {"Duration": "9/30/2007", "Market Cap (intraday) 5": "1.31M", "Enterprise Value 3": "1.22M", "Trailing P/E ": "N/A", "Forward P/E 1": "N/A", "PEG Ratio (5 yr expected) 1": "N/A", "Price/Sales (ttm)": "N/A", "Price/Book (mrq)": "16.63", "Enterprise Value/Revenue 3": "N/A", "Enterprise Value/EBITDA 7": "-283.59"}, "6/30/2007": {"Duration": "6/30/2007", "Market Cap (intraday) 5": "1.30M", "Enterprise Value 3": "1.21M", "Trailing P/E ": "N/A", "Forward P/E 1": "N/A", "PEG Ratio (5 yr expected) 1": "N/A", "Price/Sales (ttm)": "N/A", "Price/Book (mrq)": "14.99", "Enterprise Value/Revenue 3": "N/A", "Enterprise Value/EBITDA 7": "-152.91"}, "3/31/2007": {"Duration": "3/31/2007", "Market Cap (intraday) 5": "1.08M", "Enterprise Value 3": "981.24k", "Trailing P/E ": "N/A", "Forward P/E 1": "N/A", "PEG Ratio (5 yr expected) 1": "N/A", "Price/Sales (ttm)": "N/A", "Price/Book (mrq)": "10.84", "Enterprise Value/Revenue 3": "N/A", "Enterprise Value/EBITDA 7": "-74.57"}, "12/31/2006": {"Duration": "12/31/2006", "Market Cap (intraday) 5": "1.51M", "Enterprise Value 3": "1.51M", "Trailing P/E ": "N/A", "Forward P/E 1": "N/A", "PEG Ratio (5 yr expected) 1": "N/A", "Price/Sales (ttm)": "N/A", "Price/Book (mrq)": "N/A", "Enterprise Value/Revenue 3": "N/A", "Enterprise Value/EBITDA 7": "383.17"}, "9/30/2006": {"Duration": "9/30/2006", "Market Cap (intraday) 5": "335.88k", "Enterprise Value 3": "328.44k", "Trailing P/E ": "N/A", "Forward P/E 1": "N/A", "PEG Ratio (5 yr expected) 1": "N/A", "Price/Sales (ttm)": "N/A", "Price/Book (mrq)": "N/A", "Enterprise Value/Revenue 3": "N/A", "Enterprise Value/EBITDA 7": "-89.32"}, "6/30/2006": {"Duration": "6/30/2006", "Market Cap (intraday) 5": "419.85k", "Enterprise Value 3": "412.41k", "Trailing P/E ": "N/A", "Forward P/E 1": "N/A", "PEG Ratio (5 yr expected) 1": "N/A", "Price/Sales (ttm)": "N/A", "Price/Book (mrq)": "N/A", "Enterprise Value/Revenue 3": "N/A", "Enterprise Value/EBITDA 7": "-176.55"}, "3/31/2006": {"Duration": "3/31/2006", "Market Cap (intraday) 5": "461.83k", "Enterprise Value 3": "457.75k", "Trailing P/E ": "N/A", "Forward P/E 1": "N/A", "PEG Ratio (5 yr expected) 1": "N/A", "Price/Sales (ttm)": "0.03", "Price/Book (mrq)": "N/A", "Enterprise Value/Revenue 3": "N/A", "Enterprise Value/EBITDA 7": "-38.37"}, "12/31/2005": {"Duration": "12/31/2005", "Market Cap (intraday) 5": "419.85k", "Enterprise Value 3": "403.99k", "Trailing P/E ": "N/A", "Forward P/E 1": "N/A", "PEG Ratio (5 yr expected) 1": "N/A", "Price/Sales (ttm)": "0.03", "Price/Book (mrq)": "253.69", "Enterprise Value/Revenue 3": "N/A", "Enterprise Value/EBITDA 7": "-50.25"}, "9/30/2005": {"Duration": "9/30/2005", "Market Cap (intraday) 5": "461.83k", "Enterprise Value 3": "445.97k", "Trailing P/E ": "N/A", "Forward P/E 1": "N/A", "PEG Ratio (5 yr expected) 1": "N/A", "Price/Sales (ttm)": "0.03", "Price/Book (mrq)": "279.05", "Enterprise Value/Revenue 3": "N/A", "Enterprise Value/EBITDA 7": "-69.98"}, "6/30/2005": {"Duration": "6/30/2005", "Market Cap (intraday) 5": "1.18M", "Enterprise Value 3": "1.15M", "Trailing P/E ": "N/A", "Forward P/E 1": "N/A", "PEG Ratio (5 yr expected) 1": "N/A", "Price/Sales (ttm)": "0.09", "Price/Book (mrq)": "146.43", "Enterprise Value/Revenue 3": "N/A", "Enterprise Value/EBITDA 7": "-291.61"}, "3/31/2005": {"Duration": "3/31/2005", "Market Cap (intraday) 5": "1.18M", "Enterprise Value 3": "1.13M", "Trailing P/E ": "N/A", "Forward P/E 1": "N/A", "PEG Ratio (5 yr expected) 1": "N/A", "Price/Sales (ttm)": "0.09", "Price/Book (mrq)": "98.14", "Enterprise Value/Revenue 3": "N/A", "Enterprise Value/EBITDA 7": "-61.56"}, "12/31/2004": {"Duration": "12/31/2004", "Market Cap (intraday) 5": "839.72k", "Enterprise Value 3": "797.43k", "Trailing P/E ": "N/A", "Forward P/E 1": "N/A", "PEG Ratio (5 yr expected) 1": "N/A", "Price/Sales (ttm)": "0.05", "Price/Book (mrq)": "27.61", "Enterprise Value/Revenue 3": "N/A", "Enterprise Value/EBITDA 7": "-87.07"}, "9/30/2004": {"Duration": "9/30/2004", "Market Cap (intraday) 5": "1.01M", "Enterprise Value 3": "957.46k", "Trailing P/E ": "N/A", "Forward P/E 1": "N/A", "PEG Ratio (5 yr expected) 1": "N/A", "Price/Sales (ttm)": "0.07", "Price/Book (mrq)": "25.46", "Enterprise Value/Revenue 3": "N/A", "Enterprise Value/EBITDA 7": "-117.16"}, "6/30/2004": {"Duration": "6/30/2004", "Market Cap (intraday) 5": "1.76M", "Enterprise Value 3": "1.70M", "Trailing P/E ": "N/A", "Forward P/E 1": "N/A", "PEG Ratio (5 yr expected) 1": "N/A", "Price/Sales (ttm)": "0.13", "Price/Book (mrq)": "36.52", "Enterprise Value/Revenue 3": "N/A", "Enterprise Value/EBITDA 7": "-53.65"}, "3/31/2004": {"Duration": "3/31/2004", "Market Cap (intraday) 5": "1.43M", "Enterprise Value 3": "1.40M", "Trailing P/E ": "N/A", "Forward P/E 1": "N/A", "PEG Ratio (5 yr expected) 1": "N/A", "Price/Sales (ttm)": "0.10", "Price/Book (mrq)": "47.76", "Enterprise Value/Revenue 3": "0.40", "Enterprise Value/EBITDA 7": "0.40"}, "12/31/2003": {"Duration": "12/31/2003", "Market Cap (intraday) 5": "4.57M", "Enterprise Value 3": "13.39M", "Trailing P/E ": "N/A", "Forward P/E 1": "N/A", "PEG Ratio (5 yr expected) 1": "N/A", "Price/Sales (ttm)": "0.34", "Price/Book (mrq)": "N/A", "Enterprise Value/Revenue 3": "3.56", "Enterprise Value/EBITDA 7": "1.02k"}, "9/30/2003": {"Duration": "9/30/2003", "Market Cap (intraday) 5": "4.25M", "Enterprise Value 3": "12.82M", "Trailing P/E ": "N/A", "Forward P/E 1": "N/A", "PEG Ratio (5 yr expected) 1": "N/A", "Price/Sales (ttm)": "0.33", "Price/Book (mrq)": "N/A", "Enterprise Value/Revenue 3": "3.83", "Enterprise Value/EBITDA 7": "-50.06"}, "6/30/2003": {"Duration": "6/30/2003", "Market Cap (intraday) 5": "4.25M", "Enterprise Value 3": "12.54M", "Trailing P/E ": "N/A", "Forward P/E 1": "N/A", "PEG Ratio (5 yr expected) 1": "N/A", "Price/Sales (ttm)": "0.32", "Price/Book (mrq)": "N/A", "Enterprise Value/Revenue 3": "4.06", "Enterprise Value/EBITDA 7": "-48.28"}, "3/31/2003": {"Duration": "3/31/2003", "Market Cap (intraday) 5": "787.22k", "Enterprise Value 3": "8.57M", "Trailing P/E ": "N/A", "Forward P/E 1": "N/A", "PEG Ratio (5 yr expected) 1": "N/A", "Price/Sales (ttm)": "0.06", "Price/Book (mrq)": "N/A", "Enterprise Value/Revenue 3": "2.57", "Enterprise Value/EBITDA 7": "-19.19"}, "12/31/2002": {"Duration": "12/31/2002", "Market Cap (intraday) 5": "1.57M", "Enterprise Value 3": "8.74M", "Trailing P/E ": "N/A", "Forward P/E 1": "N/A", "PEG Ratio (5 yr expected) 1": "N/A", "Price/Sales (ttm)": "0.11", "Price/Book (mrq)": "N/A", "Enterprise Value/Revenue 3": "2.66", "Enterprise Value/EBITDA 7": "2.38"}, "9/30/2002": {"Duration": "9/30/2002", "Market Cap (intraday) 5": "1.57M", "Enterprise Value 3": "8.66M", "Trailing P/E ": "N/A", "Forward P/E 1": "N/A", "PEG Ratio (5 yr expected) 1": "N/A", "Price/Sales (ttm)": "0.10", "Price/Book (mrq)": "2.82", "Enterprise Value/Revenue 3": "2.51", "Enterprise Value/EBITDA 7": "-23.11"}, "6/30/2002": {"Duration": "6/30/2002", "Market Cap (intraday) 5": "2.99M", "Enterprise Value 3": "9.83M", "Trailing P/E ": "N/A", "Forward P/E 1": "N/A", "PEG Ratio (5 yr expected) 1": "N/A", "Price/Sales (ttm)": "0.17", "Price/Book (mrq)": "1.40", "Enterprise Value/Revenue 3": "2.72", "Enterprise Value/EBITDA 7": "-24.33"}, "3/31/2002": {"Duration": "3/31/2002", "Market Cap (intraday) 5": "5.98M", "Enterprise Value 3": "12.45M", "Trailing P/E ": "N/A", "Forward P/E 1": "N/A", "PEG Ratio (5 yr expected) 1": "N/A", "Price/Sales (ttm)": "0.33", "Price/Book (mrq)": "2.56", "Enterprise Value/Revenue 3": "2.75", "Enterprise Value/EBITDA 7": "61.47"}, "12/31/2001": {"Duration": "12/31/2001", "Market Cap (intraday) 5": "2.83M", "Enterprise Value 3": "9.30M", "Trailing P/E ": "N/A", "Forward P/E 1": "N/A", "PEG Ratio (5 yr expected) 1": "N/A", "Price/Sales (ttm)": "0.16", "Price/Book (mrq)": "1.21", "Enterprise Value/Revenue 3": "2.56", "Enterprise Value/EBITDA 7": "-3.74"}, "9/30/2001": {"Duration": "9/30/2001", "Market Cap (intraday) 5": "5.98M", "Enterprise Value 3": "12.68M", "Trailing P/E ": "N/A", "Forward P/E 1": "N/A", "PEG Ratio (5 yr expected) 1": "N/A", "Price/Sales (ttm)": "0.25", "Price/Book (mrq)": "0.91", "Enterprise Value/Revenue 3": "2.91", "Enterprise Value/EBITDA 7": "-69.31"}, "6/30/2001": {"Duration": "6/30/2001", "Market Cap (intraday) 5": "7.95M", "Enterprise Value 3": "14.73M", "Trailing P/E ": "N/A", "Forward P/E 1": "N/A", "PEG Ratio (5 yr expected) 1": "N/A", "Price/Sales (ttm)": "0.36", "Price/Book (mrq)": "1.06", "Enterprise Value/Revenue 3": "3.09", "Enterprise Value/EBITDA 7": "-45.52"}, "3/31/2001": {"Duration": "3/31/2001", "Market Cap (intraday) 5": "11.87M", "Enterprise Value 3": "17.81M", "Trailing P/E ": "N/A", "Forward P/E 1": "N/A", "PEG Ratio (5 yr expected) 1": "N/A", "Price/Sales (ttm)": "0.53", "Price/Book (mrq)": "1.65", "Enterprise Value/Revenue 3": "3.72", "Enterprise Value/EBITDA 7": "-52.57"}, "12/31/2000": {"Duration": "12/31/2000", "Market Cap (intraday) 5": "7.44M", "Enterprise Value 3": "14.35M", "Trailing P/E ": "N/A", "Forward P/E 1": "N/A", "PEG Ratio (5 yr expected) 1": "N/A", "Price/Sales (ttm)": "0.31", "Price/Book (mrq)": "1.05", "Enterprise Value/Revenue 3": "2.83", "Enterprise Value/EBITDA 7": "-31.07"}, "9/30/2000": {"Duration": "9/30/2000", "Market Cap (intraday) 5": "23.95M", "Enterprise Value 3": "30.48M", "Trailing P/E ": "25.90", "Forward P/E 1": "N/A", "PEG Ratio (5 yr expected) 1": "N/A", "Price/Sales (ttm)": "0.85", "Price/Book (mrq)": "3.18", "Enterprise Value/Revenue 3": "4.88", "Enterprise Value/EBITDA 7": "112.02"}, "6/30/2000": {"Duration": "6/30/2000", "Market Cap (intraday) 5": "24.43M", "Enterprise Value 3": "30.96M", "Trailing P/E ": "27.69", "Forward P/E 1": "N/A", "PEG Ratio (5 yr expected) 1": "N/A", "Price/Sales (ttm)": "0.90", "Price/Book (mrq)": "3.24", "Enterprise Value/Revenue 3": "8.03", "Enterprise Value/EBITDA 7": "-122.04"}, "3/31/2000": {"Duration": "3/31/2000", "Market Cap (intraday) 5": "33.09M", "Enterprise Value 3": "34.90M", "Trailing P/E ": "16.41", "Forward P/E 1": "N/A", "PEG Ratio (5 yr expected) 1": "N/A", "Price/Sales (ttm)": "1.12", "Price/Book (mrq)": "4.69", "Enterprise Value/Revenue 3": "6.66", "Enterprise Value/EBITDA 7": "151.02"}, "9/30/1999": {"Duration": "9/30/1999", "Market Cap (intraday) 5": "23.59M", "Enterprise Value 3": "24.89M", "Trailing P/E ": "N/A", "Forward P/E 1": "N/A", "PEG Ratio (5 yr expected) 1": "N/A", "Price/Sales (ttm)": "4.12", "Price/Book (mrq)": "3.63", "Enterprise Value/Revenue 3": "2.37", "Enterprise Value/EBITDA 7": "13.83"}, "6/30/1999": {"Duration": "6/30/1999", "Market Cap (intraday) 5": "15.72M", "Enterprise Value 3": "19.22M", "Trailing P/E ": "N/A", "Forward P/E 1": "N/A", "PEG Ratio (5 yr expected) 1": "N/A", "Price/Sales (ttm)": "2.75", "Price/Book (mrq)": "2.91", "Enterprise Value/Revenue 3": "3.26", "Enterprise Value/EBITDA 7": "21.36"}, "3/31/1999": {"Duration": "3/31/1999", "Market Cap (intraday) 5": "10.54M", "Enterprise Value 3": "17.04M", "Trailing P/E ": "N/A", "Forward P/E 1": "N/A", "PEG Ratio (5 yr expected) 1": "N/A", "Price/Sales (ttm)": "1.84", "Price/Book (mrq)": "8.10", "Enterprise Value/Revenue 3": "2.94", "Enterprise Value/EBITDA 7": "17.04"}}}}, {"SMCI": {"ks": {"Current": {"Duration": "Current", "Market Cap (intraday) 5": "1.79B", "Enterprise Value 3": "1.72B", "Trailing P/E ": "21.26", "Forward P/E 1": "N/A", "PEG Ratio (5 yr expected) 1": "N/A", "Price/Sales (ttm)": "0.57", "Price/Book (mrq)": "1.70", "Enterprise Value/Revenue 3": "0.51", "Enterprise Value/EBITDA 7": "14.24"}, "3/31/2021": {"Duration": "3/31/2021", "Market Cap (intraday) 5": "1.95B", "Enterprise Value 3": "1.71B", "Trailing P/E ": "23.96", "Forward P/E 1": "N/A", "PEG Ratio (5 yr expected) 1": "N/A", "Price/Sales (ttm)": "0.65", "Price/Book (mrq)": "1.84", "Enterprise Value/Revenue 3": "1.91", "Enterprise Value/EBITDA 7": "65.84"}, "12/31/2020": {"Duration": "12/31/2020", "Market Cap (intraday) 5": "1.56B", "Enterprise Value 3": "1.32B", "Trailing P/E ": "20.04", "Forward P/E 1": "N/A", "PEG Ratio (5 yr expected) 1": "N/A", "Price/Sales (ttm)": "0.51", "Price/Book (mrq)": "1.46", "Enterprise Value/Revenue 3": "1.59", "Enterprise Value/EBITDA 7": "31.68"}, "9/30/2020": {"Duration": "9/30/2020", "Market Cap (intraday) 5": "1.37B", "Enterprise Value 3": "1.21B", "Trailing P/E ": "16.50", "Forward P/E 1": "N/A", "PEG Ratio (5 yr expected) 1": "N/A", "Price/Sales (ttm)": "0.42", "Price/Book (mrq)": "1.28", "Enterprise Value/Revenue 3": "1.59", "Enterprise Value/EBITDA 7": "32.59"}, "6/30/2020": {"Duration": "6/30/2020", "Market Cap (intraday) 5": "1.49B", "Enterprise Value 3": "1.25B", "Trailing P/E ": "16.60", "Forward P/E 1": "N/A", "PEG Ratio (5 yr expected) 1": "N/A", "Price/Sales (ttm)": "0.45", "Price/Book (mrq)": "1.43", "Enterprise Value/Revenue 3": "1.39", "Enterprise Value/EBITDA 7": "76.77"}, "3/31/2020": {"Duration": "3/31/2020", "Market Cap (intraday) 5": "1.10B", "Enterprise Value 3": "832.00M", "Trailing P/E ": "13.06", "Forward P/E 1": "N/A", "PEG Ratio (5 yr expected) 1": "N/A", "Price/Sales (ttm)": "0.34", "Price/Book (mrq)": "1.10", "Enterprise Value/Revenue 3": "1.08", "Enterprise Value/EBITDA 7": "35.30"}, "12/31/2019": {"Duration": "12/31/2019", "Market Cap (intraday) 5": "1.22B", "Enterprise Value 3": "1.01B", "Trailing P/E ": "15.70", "Forward P/E 1": "N/A", "PEG Ratio (5 yr expected) 1": "N/A", "Price/Sales (ttm)": "0.37", "Price/Book (mrq)": "1.25", "Enterprise Value/Revenue 3": "1.16", "Enterprise Value/EBITDA 7": "29.37"}, "9/30/2019": {"Duration": "9/30/2019", "Market Cap (intraday) 5": "960.49M", "Enterprise Value 3": "1.01B", "Trailing P/E ": "14.88", "Forward P/E 1": "N/A", "PEG Ratio (5 yr expected) 1": "N/A", "Price/Sales (ttm)": "0.40", "Price/Book (mrq)": "1.24", "Enterprise Value/Revenue 3": "1.26", "Enterprise Value/EBITDA 7": "24.50"}, "6/30/2019": {"Duration": "6/30/2019", "Market Cap (intraday) 5": "965.22M", "Enterprise Value 3": "1.02B", "Trailing P/E ": "15.00", "Forward P/E 1": "N/A", "PEG Ratio (5 yr expected) 1": "N/A", "Price/Sales (ttm)": "0.40", "Price/Book (mrq)": "1.25", "Enterprise Value/Revenue 3": "1.19", "Enterprise Value/EBITDA 7": "29.51"}, "3/31/2019": {"Duration": "3/31/2019", "Market Cap (intraday) 5": "1.05B", "Enterprise Value 3": "1.10B", "Trailing P/E ": "15.77", "Forward P/E 1": "N/A", "PEG Ratio (5 yr expected) 1": "N/A", "Price/Sales (ttm)": "0.43", "Price/Book (mrq)": "1.32", "Enterprise Value/Revenue 3": "1.48", "Enterprise Value/EBITDA 7": "58.38"}, "12/31/2018": {"Duration": "12/31/2018", "Market Cap (intraday) 5": "687.28M", "Enterprise Value 3": "735.53M", "Trailing P/E ": "10.30", "Forward P/E 1": "N/A", "PEG Ratio (5 yr expected) 1": "N/A", "Price/Sales (ttm)": "0.28", "Price/Book (mrq)": "0.86", "Enterprise Value/Revenue 3": "0.79", "Enterprise Value/EBITDA 7": "22.61"}, "9/30/2018": {"Duration": "9/30/2018", "Market Cap (intraday) 5": "1.01B", "Enterprise Value 3": "1.06B", "Trailing P/E ": "15.38", "Forward P/E 1": "N/A", "PEG Ratio (5 yr expected) 1": "N/A", "Price/Sales (ttm)": "0.42", "Price/Book (mrq)": "1.28", "Enterprise Value/Revenue 3": "1.09", "Enterprise Value/EBITDA 7": "30.54"}, "6/30/2018": {"Duration": "6/30/2018", "Market Cap (intraday) 5": "1.16B", "Enterprise Value 3": "1.21B", "Trailing P/E ": "17.65", "Forward P/E 1": "9.78", "PEG Ratio (5 yr expected) 1": "0.98", "Price/Sales (ttm)": "0.48", "Price/Book (mrq)": "1.45", "Enterprise Value/Revenue 3": "1.23", "Enterprise Value/EBITDA 7": "25.13"}, "3/31/2018": {"Duration": "3/31/2018", "Market Cap (intraday) 5": "831.99M", "Enterprise Value 3": "880.24M", "Trailing P/E ": "12.69", "Forward P/E 1": "7.91", "PEG Ratio (5 yr expected) 1": "0.66", "Price/Sales (ttm)": "0.35", "Price/Book (mrq)": "1.04", "Enterprise Value/Revenue 3": "1.05", "Enterprise Value/EBITDA 7": "32.87"}, "12/31/2017": {"Duration": "12/31/2017", "Market Cap (intraday) 5": "1.02B", "Enterprise Value 3": "1.07B", "Trailing P/E ": "15.62", "Forward P/E 1": "12.45", "PEG Ratio (5 yr expected) 1": "0.96", "Price/Sales (ttm)": "0.43", "Price/Book (mrq)": "1.28", "Enterprise Value/Revenue 3": "1.30", "Enterprise Value/EBITDA 7": "38.43"}, "9/30/2017": {"Duration": "9/30/2017", "Market Cap (intraday) 5": "1.08B", "Enterprise Value 3": "1.13B", "Trailing P/E ": "16.49", "Forward P/E 1": "10.92", "PEG Ratio (5 yr expected) 1": "0.78", "Price/Sales (ttm)": "0.45", "Price/Book (mrq)": "1.35", "Enterprise Value/Revenue 3": "1.58", "Enterprise Value/EBITDA 7": "86.08"}, "6/30/2017": {"Duration": "6/30/2017", "Market Cap (intraday) 5": "1.21B", "Enterprise Value 3": "1.24B", "Trailing P/E ": "22.21", "Forward P/E 1": "11.90", "PEG Ratio (5 yr expected) 1": "0.85", "Price/Sales (ttm)": "0.55", "Price/Book (mrq)": "1.55", "Enterprise Value/Revenue 3": "1.85", "Enterprise Value/EBITDA 7": "52.33"}, "3/31/2017": {"Duration": "3/31/2017", "Market Cap (intraday) 5": "1.23B", "Enterprise Value 3": "1.23B", "Trailing P/E ": "23.05", "Forward P/E 1": "12.14", "PEG Ratio (5 yr expected) 1": "0.87", "Price/Sales (ttm)": "0.59", "Price/Book (mrq)": "1.64", "Enterprise Value/Revenue 3": "1.95", "Enterprise Value/EBITDA 7": "46.56"}, "12/31/2016": {"Duration": "12/31/2016", "Market Cap (intraday) 5": "1.35B", "Enterprise Value 3": "1.30B", "Trailing P/E ": "21.41", "Forward P/E 1": "18.83", "PEG Ratio (5 yr expected) 1": "1.45", "Price/Sales (ttm)": "0.66", "Price/Book (mrq)": "1.87", "Enterprise Value/Revenue 3": "1.99", "Enterprise Value/EBITDA 7": "36.32"}, "9/30/2016": {"Duration": "9/30/2016", "Market Cap (intraday) 5": "1.12B", "Enterprise Value 3": "1.03B", "Trailing P/E ": "16.81", "Forward P/E 1": "17.06", "PEG Ratio (5 yr expected) 1": "1.14", "Price/Sales (ttm)": "0.55", "Price/Book (mrq)": "1.55", "Enterprise Value/Revenue 3": "1.95", "Enterprise Value/EBITDA 7": "43.02"}, "6/30/2016": {"Duration": "6/30/2016", "Market Cap (intraday) 5": "1.21B", "Enterprise Value 3": "1.12B", "Trailing P/E ": "13.65", "Forward P/E 1": "10.33", "PEG Ratio (5 yr expected) 1": "0.69", "Price/Sales (ttm)": "0.55", "Price/Book (mrq)": "1.70", "Enterprise Value/Revenue 3": "2.14", "Enterprise Value/EBITDA 7": "71.94"}, "3/31/2016": {"Duration": "3/31/2016", "Market Cap (intraday) 5": "1.65B", "Enterprise Value 3": "1.57B", "Trailing P/E ": "17.57", "Forward P/E 1": "12.20", "PEG Ratio (5 yr expected) 1": "0.81", "Price/Sales (ttm)": "0.78", "Price/Book (mrq)": "2.43", "Enterprise Value/Revenue 3": "2.95", "Enterprise Value/EBITDA 7": "56.10"}, "12/31/2015": {"Duration": "12/31/2015", "Market Cap (intraday) 5": "1.17B", "Enterprise Value 3": "1.15B", "Trailing P/E ": "13.04", "Forward P/E 1": "10.36", "PEG Ratio (5 yr expected) 1": "0.69", "Price/Sales (ttm)": "0.60", "Price/Book (mrq)": "1.83", "Enterprise Value/Revenue 3": "1.81", "Enterprise Value/EBITDA 7": "22.04"}, "9/30/2015": {"Duration": "9/30/2015", "Market Cap (intraday) 5": "1.30B", "Enterprise Value 3": "1.30B", "Trailing P/E ": "13.43", "Forward P/E 1": "11.24", "PEG Ratio (5 yr expected) 1": "0.75", "Price/Sales (ttm)": "0.69", "Price/Book (mrq)": "2.10", "Enterprise Value/Revenue 3": "2.49", "Enterprise Value/EBITDA 7": "53.57"}, "6/30/2015": {"Duration": "6/30/2015", "Market Cap (intraday) 5": "1.40B", "Enterprise Value 3": "1.34B", "Trailing P/E ": "16.34", "Forward P/E 1": "12.17", "PEG Ratio (5 yr expected) 1": "0.81", "Price/Sales (ttm)": "0.81", "Price/Book (mrq)": "2.40", "Enterprise Value/Revenue 3": "2.34", "Enterprise Value/EBITDA 7": "31.16"}, "3/31/2015": {"Duration": "3/31/2015", "Market Cap (intraday) 5": "1.57B", "Enterprise Value 3": "1.52B", "Trailing P/E ": "19.31", "Forward P/E 1": "13.61", "PEG Ratio (5 yr expected) 1": "0.91", "Price/Sales (ttm)": "0.94", "Price/Book (mrq)": "2.88", "Enterprise Value/Revenue 3": "3.23", "Enterprise Value/EBITDA 7": "45.34"}, "12/31/2014": {"Duration": "12/31/2014", "Market Cap (intraday) 5": "1.62B", "Enterprise Value 3": "1.54B", "Trailing P/E ": "24.74", "Forward P/E 1": "18.80", "PEG Ratio (5 yr expected) 1": "1.04", "Price/Sales (ttm)": "1.04", "Price/Book (mrq)": "3.25", "Enterprise Value/Revenue 3": "3.06", "Enterprise Value/EBITDA 7": "34.29"}, "9/30/2014": {"Duration": "9/30/2014", "Market Cap (intraday) 5": "1.34B", "Enterprise Value 3": "1.29B", "Trailing P/E ": "25.36", "Forward P/E 1": "17.01", "PEG Ratio (5 yr expected) 1": "0.94", "Price/Sales (ttm)": "0.93", "Price/Book (mrq)": "2.87", "Enterprise Value/Revenue 3": "2.92", "Enterprise Value/EBITDA 7": "38.60"}, "6/30/2014": {"Duration": "6/30/2014", "Market Cap (intraday) 5": "1.14B", "Enterprise Value 3": "1.09B", "Trailing P/E ": "25.02", "Forward P/E 1": "17.12", "PEG Ratio (5 yr expected) 1": "1.43", "Price/Sales (ttm)": "0.84", "Price/Book (mrq)": "2.59", "Enterprise Value/Revenue 3": "2.55", "Enterprise Value/EBITDA 7": "38.45"}, "3/31/2014": {"Duration": "3/31/2014", "Market Cap (intraday) 5": "773.53M", "Enterprise Value 3": "725.99M", "Trailing P/E ": "21.18", "Forward P/E 1": "12.18", "PEG Ratio (5 yr expected) 1": "1.02", "Price/Sales (ttm)": "0.61", "Price/Book (mrq)": "1.91", "Enterprise Value/Revenue 3": "1.94", "Enterprise Value/EBITDA 7": "31.36"}, "12/31/2013": {"Duration": "12/31/2013", "Market Cap (intraday) 5": "747.98M", "Enterprise Value 3": "671.27M", "Trailing P/E ": "27.24", "Forward P/E 1": "16.56", "PEG Ratio (5 yr expected) 1": "1.38", "Price/Sales (ttm)": "0.63", "Price/Book (mrq)": "1.94", "Enterprise Value/Revenue 3": "1.88", "Enterprise Value/EBITDA 7": "30.82"}, "9/30/2013": {"Duration": "9/30/2013", "Market Cap (intraday) 5": "578.24M", "Enterprise Value 3": "520.38M", "Trailing P/E ": "28.21", "Forward P/E 1": "15.70", "PEG Ratio (5 yr expected) 1": "1.31", "Price/Sales (ttm)": "0.51", "Price/Book (mrq)": "1.55", "Enterprise Value/Revenue 3": "1.68", "Enterprise Value/EBITDA 7": "38.68"}, "6/30/2013": {"Duration": "6/30/2013", "Market Cap (intraday) 5": "449.43M", "Enterprise Value 3": "391.43M", "Trailing P/E ": "25.95", "Forward P/E 1": "14.99", "PEG Ratio (5 yr expected) 1": "1.25", "Price/Sales (ttm)": "0.42", "Price/Book (mrq)": "1.24", "Enterprise Value/Revenue 3": "1.21", "Enterprise Value/EBITDA 7": "27.21"}, "3/31/2013": {"Duration": "3/31/2013", "Market Cap (intraday) 5": "475.09M", "Enterprise Value 3": "423.82M", "Trailing P/E ": "27.54", "Forward P/E 1": "11.26", "PEG Ratio (5 yr expected) 1": "0.94", "Price/Sales (ttm)": "0.46", "Price/Book (mrq)": "1.36", "Enterprise Value/Revenue 3": "1.52", "Enterprise Value/EBITDA 7": "57.52"}, "12/31/2012": {"Duration": "12/31/2012", "Market Cap (intraday) 5": "429.11M", "Enterprise Value 3": "377.84M", "Trailing P/E ": "24.88", "Forward P/E 1": "11.65", "PEG Ratio (5 yr expected) 1": "0.97", "Price/Sales (ttm)": "0.42", "Price/Book (mrq)": "1.22", "Enterprise Value/Revenue 3": "1.30", "Enterprise Value/EBITDA 7": "39.22"}, "9/30/2012": {"Duration": "9/30/2012", "Market Cap (intraday) 5": "501.10M", "Enterprise Value 3": "453.03M", "Trailing P/E ": "17.96", "Forward P/E 1": "11.93", "PEG Ratio (5 yr expected) 1": "0.99", "Price/Sales (ttm)": "0.52", "Price/Book (mrq)": "1.49", "Enterprise Value/Revenue 3": "1.67", "Enterprise Value/EBITDA 7": "124.05"}, "6/30/2012": {"Duration": "6/30/2012", "Market Cap (intraday) 5": "657.98M", "Enterprise Value 3": "605.23M", "Trailing P/E ": "20.08", "Forward P/E 1": "12.18", "PEG Ratio (5 yr expected) 1": "1.02", "Price/Sales (ttm)": "0.70", "Price/Book (mrq)": "2.01", "Enterprise Value/Revenue 3": "2.19", "Enterprise Value/EBITDA 7": "54.25"}, "3/31/2012": {"Duration": "3/31/2012", "Market Cap (intraday) 5": "710.24M", "Enterprise Value 3": "642.52M", "Trailing P/E ": "20.07", "Forward P/E 1": "13.40", "PEG Ratio (5 yr expected) 1": "1.03", "Price/Sales (ttm)": "0.76", "Price/Book (mrq)": "2.32", "Enterprise Value/Revenue 3": "2.68", "Enterprise Value/EBITDA 7": "55.55"}, "12/31/2011": {"Duration": "12/31/2011", "Market Cap (intraday) 5": "643.08M", "Enterprise Value 3": "581.40M", "Trailing P/E ": "16.51", "Forward P/E 1": "11.04", "PEG Ratio (5 yr expected) 1": "0.71", "Price/Sales (ttm)": "0.68", "Price/Book (mrq)": "2.13", "Enterprise Value/Revenue 3": "2.33", "Enterprise Value/EBITDA 7": "37.88"}, "9/30/2011": {"Duration": "9/30/2011", "Market Cap (intraday) 5": "506.90M", "Enterprise Value 3": "445.22M", "Trailing P/E ": "13.19", "Forward P/E 1": "9.02", "PEG Ratio (5 yr expected) 1": "0.58", "Price/Sales (ttm)": "0.55", "Price/Book (mrq)": "1.70", "Enterprise Value/Revenue 3": "1.80", "Enterprise Value/EBITDA 7": "29.55"}, "6/30/2011": {"Duration": "6/30/2011", "Market Cap (intraday) 5": "648.15M", "Enterprise Value 3": "606.38M", "Trailing P/E ": "17.30", "Forward P/E 1": "11.99", "PEG Ratio (5 yr expected) 1": "0.65", "Price/Sales (ttm)": "0.72", "Price/Book (mrq)": "2.26", "Enterprise Value/Revenue 3": "2.33", "Enterprise Value/EBITDA 7": "37.72"}, "3/31/2011": {"Duration": "3/31/2011", "Market Cap (intraday) 5": "622.29M", "Enterprise Value 3": "582.34M", "Trailing P/E ": "18.44", "Forward P/E 1": "11.88", "PEG Ratio (5 yr expected) 1": "0.88", "Price/Sales (ttm)": "0.76", "Price/Book (mrq)": "2.31", "Enterprise Value/Revenue 3": "2.49", "Enterprise Value/EBITDA 7": "35.16"}, "12/31/2010": {"Duration": "12/31/2010", "Market Cap (intraday) 5": "434.86M", "Enterprise Value 3": "366.23M", "Trailing P/E ": "14.07", "Forward P/E 1": "9.33", "PEG Ratio (5 yr expected) 1": "0.67", "Price/Sales (ttm)": "0.58", "Price/Book (mrq)": "1.75", "Enterprise Value/Revenue 3": "1.52", "Enterprise Value/EBITDA 7": "20.06"}, "9/30/2010": {"Duration": "9/30/2010", "Market Cap (intraday) 5": "388.96M", "Enterprise Value 3": "324.02M", "Trailing P/E ": "14.43", "Forward P/E 1": "N/A", "PEG Ratio (5 yr expected) 1": "N/A", "Price/Sales (ttm)": "0.55", "Price/Book (mrq)": "1.66", "Enterprise Value/Revenue 3": "1.56", "Enterprise Value/EBITDA 7": "24.34"}, "6/30/2010": {"Duration": "6/30/2010", "Market Cap (intraday) 5": "500.15M", "Enterprise Value 3": "445.33M", "Trailing P/E ": "20.77", "Forward P/E 1": "N/A", "PEG Ratio (5 yr expected) 1": "N/A", "Price/Sales (ttm)": "0.76", "Price/Book (mrq)": "2.23", "Enterprise Value/Revenue 3": "2.21", "Enterprise Value/EBITDA 7": "35.31"}, "3/31/2010": {"Duration": "3/31/2010", "Market Cap (intraday) 5": "632.38M", "Enterprise Value 3": "565.28M", "Trailing P/E ": "32.60", "Forward P/E 1": "N/A", "PEG Ratio (5 yr expected) 1": "N/A", "Price/Sales (ttm)": "1.08", "Price/Book (mrq)": "2.98", "Enterprise Value/Revenue 3": "2.99", "Enterprise Value/EBITDA 7": "48.19"}, "12/31/2009": {"Duration": "12/31/2009", "Market Cap (intraday) 5": "398.85M", "Enterprise Value 3": "314.68M", "Trailing P/E ": "30.05", "Forward P/E 1": "N/A", "PEG Ratio (5 yr expected) 1": "N/A", "Price/Sales (ttm)": "0.78", "Price/Book (mrq)": "2.01", "Enterprise Value/Revenue 3": "1.73", "Enterprise Value/EBITDA 7": "23.29"}, "9/30/2009": {"Duration": "9/30/2009", "Market Cap (intraday) 5": "298.18M", "Enterprise Value 3": "224.23M", "Trailing P/E ": "25.64", "Forward P/E 1": "N/A", "PEG Ratio (5 yr expected) 1": "N/A", "Price/Sales (ttm)": "0.65", "Price/Book (mrq)": "1.60", "Enterprise Value/Revenue 3": "1.51", "Enterprise Value/EBITDA 7": "29.45"}, "6/30/2009": {"Duration": "6/30/2009", "Market Cap (intraday) 5": "269.77M", "Enterprise Value 3": "209.23M", "Trailing P/E ": "18.68", "Forward P/E 1": "N/A", "PEG Ratio (5 yr expected) 1": "N/A", "Price/Sales (ttm)": "0.59", "Price/Book (mrq)": "1.51", "Enterprise Value/Revenue 3": "1.69", "Enterprise Value/EBITDA 7": "43.70"}, "3/31/2009": {"Duration": "3/31/2009", "Market Cap (intraday) 5": "170.64M", "Enterprise Value 3": "118.09M", "Trailing P/E ": "9.46", "Forward P/E 1": "N/A", "PEG Ratio (5 yr expected) 1": "N/A", "Price/Sales (ttm)": "0.36", "Price/Book (mrq)": "0.98", "Enterprise Value/Revenue 3": "1.08", "Enterprise Value/EBITDA 7": "83.16"}, "12/31/2008": {"Duration": "12/31/2008", "Market Cap (intraday) 5": "219.34M", "Enterprise Value 3": "169.27M", "Trailing P/E ": "10.21", "Forward P/E 1": "N/A", "PEG Ratio (5 yr expected) 1": "N/A", "Price/Sales (ttm)": "0.44", "Price/Book (mrq)": "1.28", "Enterprise Value/Revenue 3": "1.32", "Enterprise Value/EBITDA 7": "20.77"}, "9/30/2008": {"Duration": "9/30/2008", "Market Cap (intraday) 5": "301.22M", "Enterprise Value 3": "246.75M", "Trailing P/E ": "13.25", "Forward P/E 1": "N/A", "PEG Ratio (5 yr expected) 1": "N/A", "Price/Sales (ttm)": "0.62", "Price/Book (mrq)": "1.84", "Enterprise Value/Revenue 3": "1.71", "Enterprise Value/EBITDA 7": "19.50"}, "6/30/2008": {"Duration": "6/30/2008", "Market Cap (intraday) 5": "241.10M", "Enterprise Value 3": "200.02M", "Trailing P/E ": "11.35", "Forward P/E 1": "N/A", "PEG Ratio (5 yr expected) 1": "N/A", "Price/Sales (ttm)": "0.53", "Price/Book (mrq)": "1.59", "Enterprise Value/Revenue 3": "1.34", "Enterprise Value/EBITDA 7": "17.67"}, "3/31/2008": {"Duration": "3/31/2008", "Market Cap (intraday) 5": "269.66M", "Enterprise Value 3": "238.30M", "Trailing P/E ": "13.47", "Forward P/E 1": "14.51", "PEG Ratio (5 yr expected) 1": "1.21", "Price/Sales (ttm)": "0.64", "Price/Book (mrq)": "1.88", "Enterprise Value/Revenue 3": "1.74", "Enterprise Value/EBITDA 7": "26.32"}, "12/31/2007": {"Duration": "12/31/2007", "Market Cap (intraday) 5": "239.57M", "Enterprise Value 3": "185.38M", "Trailing P/E ": "12.37", "Forward P/E 1": "N/A", "PEG Ratio (5 yr expected) 1": "N/A", "Price/Sales (ttm)": "0.60", "Price/Book (mrq)": "1.79", "Enterprise Value/Revenue 3": "1.35", "Enterprise Value/EBITDA 7": "14.44"}, "9/30/2007": {"Duration": "9/30/2007", "Market Cap (intraday) 5": "296.49M", "Enterprise Value 3": "242.28M", "Trailing P/E ": "17.12", "Forward P/E 1": "N/A", "PEG Ratio (5 yr expected) 1": "N/A", "Price/Sales (ttm)": "0.79", "Price/Book (mrq)": "2.56", "Enterprise Value/Revenue 3": "2.05", "Enterprise Value/EBITDA 7": "24.92"}, "6/30/2007": {"Duration": "6/30/2007", "Market Cap (intraday) 5": "303.14M", "Enterprise Value 3": "301.29M", "Trailing P/E ": "17.26", "Forward P/E 1": "N/A", "PEG Ratio (5 yr expected) 1": "N/A", "Price/Sales (ttm)": "0.82", "Price/Book (mrq)": "4.70", "Enterprise Value/Revenue 3": "2.72", "Enterprise Value/EBITDA 7": "35.14"}, "3/31/2007": {"Duration": "3/31/2007", "Market Cap (intraday) 5": "271.12M", "Enterprise Value 3": "268.62M", "Trailing P/E ": "14.98", "Forward P/E 1": "N/A", "PEG Ratio (5 yr expected) 1": "N/A", "Price/Sales (ttm)": "0.80", "Price/Book (mrq)": "4.62", "Enterprise Value/Revenue 3": "2.54", "Enterprise Value/EBITDA 7": "40.74"}}, "fin": {"TTM": {"Duration": "TTM", "Total Revenue": "3,384,563", "Cost of Revenue": "2,872,019", "Gross Profit": "512,544", "Operating Expense": "418,250", "Operating Income": "94,294", "Net Non Operating Interest Income Expense": "-2,456", "Other Income Expense": "-2,063", "Pretax Income": "89,775", "Tax Provision": "1,681", "Earnings from Equity Interest Net of Tax": "3,059", "Net Income Common Stockholders": "91,153", "Average Dilution Earnings": "-", "Diluted NI Available to Com Stockholders": "91,153", "Basic EPS": "-", "Diluted EPS": "-", "Basic Average Shares": "-", "Diluted Average Shares": "-", "Total Operating Income as Reported": "94,294", "Total Expenses": "3,290,269", "Net Income from Continuing & Discontinued Operation": "91,153", "Normalized Income": "91,153", "Interest Income": "-", "Interest Expense": "2,456", "Net Interest Income": "-2,456", "EBIT": "92,231", "EBITDA": "121,035", "Reconciled Cost of Revenue": "2,872,019", "Reconciled Depreciation": "28,804", "Net Income from Continuing Operation Net Minority Interest": "91,153", "Total Unusual Items Excluding Goodwill": "-", "Total Unusual Items": "-", "Normalized EBITDA": "121,035", "Tax Rate for Calcs": "0", "Tax Effect of Unusual Items": "0"}, "6/30/2020": {"Duration": "6/30/2020", "Total Revenue": "3,339,281", "Cost of Revenue": "2,813,071", "Gross Profit": "526,210", "Operating Expense": "440,556", "Operating Income": "85,654", "Net Non Operating Interest Income Expense": "-2,236", "Other Income Expense": "1,410", "Pretax Income": "84,828", "Tax Provision": "2,922", "Earnings from Equity Interest Net of Tax": "2,402", "Net Income Common Stockholders": "84,308", "Average Dilution Earnings": "-", "Diluted NI Available to Com Stockholders": "84,308", "Basic EPS": "1.65", "Diluted EPS": "1.60", "Basic Average Shares": "50,987", "Diluted Average Shares": "52,838", "Total Operating Income as Reported": "85,654", "Total Expenses": "3,253,627", "Net Income from Continuing & Discontinued Operation": "84,308", "Normalized Income": "84,308", "Interest Income": "-", "Interest Expense": "2,236", "Net Interest Income": "-2,236", "EBIT": "87,064", "EBITDA": "-", "Reconciled Cost of Revenue": "2,813,071", "Reconciled Depreciation": "28,472", "Net Income from Continuing Operation Net Minority Interest": "84,308", "Total Unusual Items Excluding Goodwill": "-", "Total Unusual Items": "-", "Normalized EBITDA": "115,536", "Tax Rate for Calcs": "0", "Tax Effect of Unusual Items": "0"}, "6/30/2019": {"Duration": "6/30/2019", "Total Revenue": "3,500,360", "Cost of Revenue": "3,004,838", "Gross Profit": "495,522", "Operating Expense": "398,289", "Operating Income": "97,233", "Net Non Operating Interest Income Expense": "-6,690", "Other Income Expense": "-1,020", "Pretax Income": "89,523", "Tax Provision": "14,884", "Earnings from Equity Interest Net of Tax": "-2,721", "Net Income Common Stockholders": "71,918", "Average Dilution Earnings": "-", "Diluted NI Available to Com Stockholders": "71,918", "Basic EPS": "1.44", "Diluted EPS": "1.39", "Basic Average Shares": "49,917", "Diluted Average Shares": "51,716", "Total Operating Income as Reported": "97,233", "Total Expenses": "3,403,127", "Net Income from Continuing & Discontinued Operation": "71,918", "Normalized Income": "71,918", "Interest Income": "-", "Interest Expense": "6,690", "Net Interest Income": "-6,690", "EBIT": "96,213", "EBITDA": "-", "Reconciled Cost of Revenue": "3,004,838", "Reconciled Depreciation": "24,202", "Net Income from Continuing Operation Net Minority Interest": "71,918", "Total Unusual Items Excluding Goodwill": "-", "Total Unusual Items": "-", "Normalized EBITDA": "120,415", "Tax Rate for Calcs": "0", "Tax Effect of Unusual Items": "0"}, "6/30/2018": {"Duration": "6/30/2018", "Total Revenue": "3,360,492", "Cost of Revenue": "2,930,498", "Gross Profit": "429,994", "Operating Expense": "335,280", "Operating Income": "94,714", "Net Non Operating Interest Income Expense": "-5,726", "Other Income Expense": "-773", "Pretax Income": "88,215", "Tax Provision": "38,443", "Earnings from Equity Interest Net of Tax": "-3,607", "Net Income Common Stockholders": "46,165", "Average Dilution Earnings": "-", "Diluted NI Available to Com Stockholders": "46,165", "Basic EPS": "0.94", "Diluted EPS": "0.89", "Basic Average Shares": "49,345", "Diluted Average Shares": "52,151", "Total Operating Income as Reported": "94,714", "Total Expenses": "3,265,778", "Net Income from Continuing & Discontinued Operation": "46,165", "Normalized Income": "46,165", "Interest Income": "-", "Interest Expense": "5,726", "Net Interest Income": "-5,726", "EBIT": "93,941", "EBITDA": "-", "Reconciled Cost of Revenue": "2,930,498", "Reconciled Depreciation": "21,846", "Net Income from Continuing Operation Net Minority Interest": "46,165", "Total Unusual Items Excluding Goodwill": "-", "Total Unusual Items": "-", "Normalized EBITDA": "115,787", "Tax Rate for Calcs": "0", "Tax Effect of Unusual Items": "0"}, "6/30/2017": {"Duration": "6/30/2017", "Total Revenue": "2,484,929", "Cost of Revenue": "2,134,971", "Gross Profit": "349,958", "Operating Expense": "255,083", "Operating Income": "94,875", "Net Non Operating Interest Income Expense": "-2,300", "Other Income Expense": "-1,287", "Pretax Income": "91,288", "Tax Provision": "24,434", "Earnings from Equity Interest Net of Tax": "-", "Net Income Common Stockholders": "66,854", "Average Dilution Earnings": "-", "Diluted NI Available to Com Stockholders": "66,854", "Basic EPS": "1.43", "Diluted EPS": "1.34", "Basic Average Shares": "48,383", "Diluted Average Shares": "51,679", "Total Operating Income as Reported": "94,875", "Total Expenses": "2,390,054", "Net Income from Continuing & Discontinued Operation": "66,854", "Normalized Income": "66,854", "Interest Income": "9", "Interest Expense": "2,300", "Net Interest Income": "-2,300", "EBIT": "93,588", "EBITDA": "-", "Reconciled Cost of Revenue": "2,134,971", "Reconciled Depreciation": "16,357", "Net Income from Continuing Operation Net Minority Interest": "66,854", "Total Unusual Items Excluding Goodwill": "-", "Total Unusual Items": "-", "Normalized EBITDA": "109,945", "Tax Rate for Calcs": "0", "Tax Effect of Unusual Items": "0"}, "6/30/2016": {"Duration": "6/30/2016", "Total Revenue": "2,215,573", "Cost of Revenue": "1,884,048", "Gross Profit": "331,525", "Operating Expense": "224,675", "Operating Income": "106,850", "Net Non Operating Interest Income Expense": "-1,423", "Other Income Expense": "-", "Pretax Income": "105,427", "Tax Provision": "33,406", "Earnings from Equity Interest Net of Tax": "-", "Net Income Common Stockholders": "72,021", "Average Dilution Earnings": "-", "Diluted NI Available to Com Stockholders": "72,021", "Basic EPS": "1.50", "Diluted EPS": "1.39", "Basic Average Shares": "47,917", "Diluted Average Shares": "51,836", "Total Operating Income as Reported": "106,850", "Total Expenses": "2,108,723", "Net Income from Continuing & Discontinued Operation": "72,021", "Normalized Income": "72,021", "Interest Income": "171", "Interest Expense": "1,594", "Net Interest Income": "-1,423", "EBIT": "107,021", "EBITDA": "-", "Reconciled Cost of Revenue": "1,884,048", "Reconciled Depreciation": "13,282", "Net Income from Continuing Operation Net Minority Interest": "72,021", "Total Unusual Items Excluding Goodwill": "-", "Total Unusual Items": "-", "Normalized EBITDA": "120,303", "Tax Rate for Calcs": "0", "Tax Effect of Unusual Items": "0"}, "6/30/2015": {"Duration": "6/30/2015", "Total Revenue": "1,991,155", "Cost of Revenue": "1,670,924", "Gross Profit": "320,231", "Operating Expense": "173,485", "Operating Income": "146,746", "Net Non Operating Interest Income Expense": "-850", "Other Income Expense": "-", "Pretax Income": "145,896", "Tax Provision": "44,033", "Earnings from Equity Interest Net of Tax": "-", "Net Income Common Stockholders": "101,863", "Average Dilution Earnings": "-", "Diluted NI Available to Com Stockholders": "101,863", "Basic EPS": "2.19", "Diluted EPS": "2.03", "Basic Average Shares": "46,434", "Diluted Average Shares": "50,094", "Total Operating Income as Reported": "146,746", "Total Expenses": "1,844,409", "Net Income from Continuing & Discontinued Operation": "101,863", "Normalized Income": "101,863", "Interest Income": "115", "Interest Expense": "965", "Net Interest Income": "-850", "EBIT": "146,861", "EBITDA": "-", "Reconciled Cost of Revenue": "1,670,924", "Reconciled Depreciation": "8,133", "Net Income from Continuing Operation Net Minority Interest": "101,863", "Total Unusual Items Excluding Goodwill": "-", "Total Unusual Items": "-", "Normalized EBITDA": "154,994", "Tax Rate for Calcs": "0", "Tax Effect of Unusual Items": "0"}, "6/30/2014": {"Duration": "6/30/2014", "Total Revenue": "1,467,202", "Cost of Revenue": "1,241,657", "Gross Profit": "225,545", "Operating Expense": "145,286", "Operating Income": "80,259", "Net Non Operating Interest Income Expense": "-665", "Other Income Expense": "-", "Pretax Income": "79,594", "Tax Provision": "25,437", "Earnings from Equity Interest Net of Tax": "-", "Net Income Common Stockholders": "54,121", "Average Dilution Earnings": "2", "Diluted NI Available to Com Stockholders": "54,123", "Basic EPS": "1.24", "Diluted EPS": "1.16", "Basic Average Shares": "43,599", "Diluted Average Shares": "46,512", "Total Operating Income as Reported": "80,259", "Total Expenses": "1,386,943", "Net Income from Continuing & Discontinued Operation": "54,157", "Normalized Income": "54,157", "Interest Income": "92", "Interest Expense": "757", "Net Interest Income": "-665", "EBIT": "80,351", "EBITDA": "-", "Reconciled Cost of Revenue": "1,241,657", "Reconciled Depreciation": "6,364", "Net Income from Continuing Operation Net Minority Interest": "54,157", "Total Unusual Items Excluding Goodwill": "-", "Total Unusual Items": "-", "Normalized EBITDA": "86,715", "Tax Rate for Calcs": "0", "Tax Effect of Unusual Items": "0"}, "6/30/2013": {"Duration": "6/30/2013", "Total Revenue": "1,162,561", "Cost of Revenue": "1,002,508", "Gross Profit": "160,053", "Operating Expense": "132,895", "Operating Income": "27,158", "Net Non Operating Interest Income Expense": "-562", "Other Income Expense": "-", "Pretax Income": "26,596", "Tax Provision": "5,317", "Earnings from Equity Interest Net of Tax": "-", "Net Income Common Stockholders": "21,173", "Average Dilution Earnings": "5", "Diluted NI Available to Com Stockholders": "21,178", "Basic EPS": "0.50", "Diluted EPS": "0.48", "Basic Average Shares": "41,992", "Diluted Average Shares": "43,907", "Total Operating Income as Reported": "27,158", "Total Expenses": "1,135,403", "Net Income from Continuing & Discontinued Operation": "21,279", "Normalized Income": "21,279", "Interest Income": "48", "Interest Expense": "610", "Net Interest Income": "-562", "EBIT": "27,206", "EBITDA": "-", "Reconciled Cost of Revenue": "1,002,508", "Reconciled Depreciation": "7,835", "Net Income from Continuing Operation Net Minority Interest": "21,279", "Total Unusual Items Excluding Goodwill": "-", "Total Unusual Items": "-", "Normalized EBITDA": "35,041", "Tax Rate for Calcs": "0", "Tax Effect of Unusual Items": "0"}, "6/30/2012": {"Duration": "6/30/2012", "Total Revenue": "1,013,874", "Cost of Revenue": "848,457", "Gross Profit": "165,417", "Operating Expense": "119,403", "Operating Income": "46,014", "Net Non Operating Interest Income Expense": "-663", "Other Income Expense": "-", "Pretax Income": "45,351", "Tax Provision": "15,498", "Earnings from Equity Interest Net of Tax": "-", "Net Income Common Stockholders": "29,853", "Average Dilution Earnings": "-", "Diluted NI Available to Com Stockholders": "29,853", "Basic EPS": "0.72", "Diluted EPS": "0.67", "Basic Average Shares": "40,890", "Diluted Average Shares": "44,152", "Total Operating Income as Reported": "46,014", "Total Expenses": "967,860", "Net Income from Continuing & Discontinued Operation": "29,853", "Normalized Income": "29,853", "Interest Income": "54", "Interest Expense": "717", "Net Interest Income": "-663", "EBIT": "46,068", "EBITDA": "-", "Reconciled Cost of Revenue": "848,457", "Reconciled Depreciation": "7,071", "Net Income from Continuing Operation Net Minority Interest": "29,853", "Total Unusual Items Excluding Goodwill": "-", "Total Unusual Items": "-", "Normalized EBITDA": "53,139", "Tax Rate for Calcs": "0", "Tax Effect of Unusual Items": "0"}, "6/30/2011": {"Duration": "6/30/2011", "Total Revenue": "942,582", "Cost of Revenue": "791,478", "Gross Profit": "151,104", "Operating Expense": "92,411", "Operating Income": "58,693", "Net Non Operating Interest Income Expense": "-620", "Other Income Expense": "-", "Pretax Income": "58,073", "Tax Provision": "17,860", "Earnings from Equity Interest Net of Tax": "-", "Net Income Common Stockholders": "40,213", "Average Dilution Earnings": "-", "Diluted NI Available to Com Stockholders": "40,213", "Basic EPS": "1.04", "Diluted EPS": "0.93", "Basic Average Shares": "38,132", "Diluted Average Shares": "42,396", "Total Operating Income as Reported": "58,693", "Total Expenses": "883,889", "Net Income from Continuing & Discontinued Operation": "40,213", "Normalized Income": "40,213", "Interest Income": "66", "Interest Expense": "686", "Net Interest Income": "-620", "EBIT": "58,759", "EBITDA": "-", "Reconciled Cost of Revenue": "791,478", "Reconciled Depreciation": "5,453", "Net Income from Continuing Operation Net Minority Interest": "40,213", "Total Unusual Items Excluding Goodwill": "-", "Total Unusual Items": "-", "Normalized EBITDA": "64,212", "Tax Rate for Calcs": "0", "Tax Effect of Unusual Items": "0"}, "6/30/2010": {"Duration": "6/30/2010", "Total Revenue": "721,438", "Cost of Revenue": "606,446", "Gross Profit": "114,992", "Operating Expense": "74,247", "Operating Income": "40,745", "Net Non Operating Interest Income Expense": "-280", "Other Income Expense": "5", "Pretax Income": "40,465", "Tax Provision": "13,550", "Earnings from Equity Interest Net of Tax": "-", "Net Income Common Stockholders": "26,915", "Average Dilution Earnings": "-", "Diluted NI Available to Com Stockholders": "26,915", "Basic EPS": "0.73", "Diluted EPS": "0.65", "Basic Average Shares": "35,884", "Diluted Average Shares": "40,735", "Total Operating Income as Reported": "40,745", "Total Expenses": "680,693", "Net Income from Continuing & Discontinued Operation": "26,915", "Normalized Income": "26,915", "Interest Income": "103", "Interest Expense": "383", "Net Interest Income": "-280", "EBIT": "40,848", "EBITDA": "-", "Reconciled Cost of Revenue": "606,446", "Reconciled Depreciation": "4,619", "Net Income from Continuing Operation Net Minority Interest": "26,915", "Total Unusual Items Excluding Goodwill": "5", "Total Unusual Items": "5", "Normalized EBITDA": "45,467", "Tax Rate for Calcs": "0", "Tax Effect of Unusual Items": "0"}, "6/30/2009": {"Duration": "6/30/2009", "Total Revenue": "505,609", "Cost of Revenue": "416,899", "Gross Profit": "88,710", "Operating Expense": "65,457", "Operating Income": "23,253", "Net Non Operating Interest Income Expense": "-454", "Other Income Expense": "-", "Pretax Income": "22,799", "Tax Provision": "6,692", "Earnings from Equity Interest Net of Tax": "-", "Net Income Common Stockholders": "16,107", "Average Dilution Earnings": "-", "Diluted NI Available to Com Stockholders": "16,107", "Basic EPS": "0.47", "Diluted EPS": "0.41", "Basic Average Shares": "34,218", "Diluted Average Shares": "39,156", "Total Operating Income as Reported": "23,253", "Total Expenses": "482,356", "Net Income from Continuing & Discontinued Operation": "16,107", "Normalized Income": "16,107", "Interest Income": "476", "Interest Expense": "930", "Net Interest Income": "-454", "EBIT": "23,729", "EBITDA": "-", "Reconciled Cost of Revenue": "416,899", "Reconciled Depreciation": "3,653", "Net Income from Continuing Operation Net Minority Interest": "16,107", "Total Unusual Items Excluding Goodwill": "-", "Total Unusual Items": "-", "Normalized EBITDA": "27,382", "Tax Rate for Calcs": "0", "Tax Effect of Unusual Items": "0"}, "6/30/2008": {"Duration": "6/30/2008", "Total Revenue": "540,503", "Cost of Revenue": "436,950", "Gross Profit": "103,553", "Operating Expense": "63,282", "Operating Income": "40,271", "Net Non Operating Interest Income Expense": "-", "Other Income Expense": "-", "Pretax Income": "40,804", "Tax Provision": "15,385", "Earnings from Equity Interest Net of Tax": "-", "Net Income Common Stockholders": "25,419", "Average Dilution Earnings": "-", "Diluted NI Available to Com Stockholders": "25,419", "Basic EPS": "0.81", "Diluted EPS": "0.65", "Basic Average Shares": "31,355", "Diluted Average Shares": "38,843", "Total Operating Income as Reported": "40,271", "Total Expenses": "500,232", "Net Income from Continuing & Discontinued Operation": "25,419", "Normalized Income": "25,419", "Interest Income": "-", "Interest Expense": "-", "Net Interest Income": "-", "EBIT": "40,271", "EBITDA": "-", "Reconciled Cost of Revenue": "436,950", "Reconciled Depreciation": "2,664", "Net Income from Continuing Operation Net Minority Interest": "25,419", "Total Unusual Items Excluding Goodwill": "-", "Total Unusual Items": "-", "Normalized EBITDA": "42,935", "Tax Rate for Calcs": "0", "Tax Effect of Unusual Items": "0"}, "6/30/2007": {"Duration": "6/30/2007", "Total Revenue": "420,393", "Cost of Revenue": "345,384", "Gross Profit": "75,009", "Operating Expense": "45,104", "Operating Income": "29,905", "Net Non Operating Interest Income Expense": "-", "Other Income Expense": "120", "Pretax Income": "29,338", "Tax Provision": "9,999", "Earnings from Equity Interest Net of Tax": "-", "Net Income Common Stockholders": "19,339", "Average Dilution Earnings": "-", "Diluted NI Available to Com Stockholders": "19,339", "Basic EPS": "0.80", "Diluted EPS": "0.57", "Basic Average Shares": "24,153", "Diluted Average Shares": "33,946", "Total Operating Income as Reported": "29,905", "Total Expenses": "390,488", "Net Income from Continuing & Discontinued Operation": "19,339", "Normalized Income": "19,260", "Interest Income": "-", "Interest Expense": "-", "Net Interest Income": "-", "EBIT": "29,905", "EBITDA": "-", "Reconciled Cost of Revenue": "345,384", "Reconciled Depreciation": "1,640", "Net Income from Continuing Operation Net Minority Interest": "19,339", "Total Unusual Items Excluding Goodwill": "120", "Total Unusual Items": "120", "Normalized EBITDA": "31,425", "Tax Rate for Calcs": "0", "Tax Effect of Unusual Items": "40.8985"}, "6/30/2006": {"Duration": "6/30/2006", "Total Revenue": "302,541", "Cost of Revenue": "242,235", "Gross Profit": "60,306", "Operating Expense": "32,683", "Operating Income": "27,623", "Net Non Operating Interest Income Expense": "-", "Other Income Expense": "-573", "Pretax Income": "26,622", "Tax Provision": "9,675", "Earnings from Equity Interest Net of Tax": "-", "Net Income Common Stockholders": "16,947", "Average Dilution Earnings": "-", "Diluted NI Available to Com Stockholders": "16,947", "Basic EPS": "0.77", "Diluted EPS": "0.53", "Basic Average Shares": "22,011", "Diluted Average Shares": "31,847", "Total Operating Income as Reported": "27,623", "Total Expenses": "274,918", "Net Income from Continuing & Discontinued Operation": "16,947", "Normalized Income": "17,312", "Interest Income": "-", "Interest Expense": "-", "Net Interest Income": "-", "EBIT": "27,623", "EBITDA": "-", "Reconciled Cost of Revenue": "242,235", "Reconciled Depreciation": "1,214", "Net Income from Continuing Operation Net Minority Interest": "16,947", "Total Unusual Items Excluding Goodwill": "-573", "Total Unusual Items": "-573", "Normalized EBITDA": "29,410", "Tax Rate for Calcs": "0", "Tax Effect of Unusual Items": "-208.2404"}, "6/30/2005": {"Duration": "6/30/2005", "Total Revenue": "211,763", "Cost of Revenue": "178,293", "Gross Profit": "33,470", "Operating Expense": "22,008", "Operating Income": "11,462", "Net Non Operating Interest Income Expense": "-", "Other Income Expense": "1,195", "Pretax Income": "10,729", "Tax Provision": "3,639", "Earnings from Equity Interest Net of Tax": "-", "Net Income Common Stockholders": "7,090", "Average Dilution Earnings": "-", "Diluted NI Available to Com Stockholders": "7,090", "Basic EPS": "0.32", "Diluted EPS": "0.24", "Basic Average Shares": "21,915", "Diluted Average Shares": "29,442", "Total Operating Income as Reported": "11,462", "Total Expenses": "200,301", "Net Income from Continuing & Discontinued Operation": "7,090", "Normalized Income": "6,300", "Interest Income": "-", "Interest Expense": "-", "Net Interest Income": "-", "EBIT": "11,462", "EBITDA": "-", "Reconciled Cost of Revenue": "178,293", "Reconciled Depreciation": "922", "Net Income from Continuing Operation Net Minority Interest": "7,090", "Total Unusual Items Excluding Goodwill": "1,195", "Total Unusual Items": "1,195", "Normalized EBITDA": "11,189", "Tax Rate for Calcs": "0", "Tax Effect of Unusual Items": "405.3132"}, "6/30/2004": {"Duration": "6/30/2004", "Total Revenue": "167,065", "Cost of Revenue": "-", "Gross Profit": "-", "Operating Expense": "-", "Operating Income": "167,065", "Net Non Operating Interest Income Expense": "-", "Other Income Expense": "-", "Pretax Income": "-", "Tax Provision": "-", "Earnings from Equity Interest Net of Tax": "-", "Net Income Common Stockholders": "4,854", "Average Dilution Earnings": "-", "Diluted NI Available to Com Stockholders": "4,854", "Basic EPS": "0.22", "Diluted EPS": "0.17", "Basic Average Shares": "21,897", "Diluted Average Shares": "28,062", "Total Operating Income as Reported": "-", "Total Expenses": "-", "Net Income from Continuing & Discontinued Operation": "4,854", "Normalized Income": "4,854", "Interest Income": "-", "Interest Expense": "-", "Net Interest Income": "-", "EBIT": "167,065", "EBITDA": "-", "Reconciled Cost of Revenue": "-", "Reconciled Depreciation": "-", "Net Income from Continuing Operation Net Minority Interest": "4,854", "Total Unusual Items Excluding Goodwill": "-", "Total Unusual Items": "-", "Normalized EBITDA": "167,065", "Tax Rate for Calcs": "0", "Tax Effect of Unusual Items": "0"}, "6/30/2003": {"Duration": "6/30/2003", "Total Revenue": "137,161", "Cost of Revenue": "113,853", "Gross Profit": "23,308", "Operating Expense": "17,258", "Operating Income": "6,050", "Net Non Operating Interest Income Expense": "-", "Other Income Expense": "95", "Pretax Income": "5,373", "Tax Provision": "-1,856", "Earnings from Equity Interest Net of Tax": "-", "Net Income Common Stockholders": "3,517", "Average Dilution Earnings": "-", "Diluted NI Available to Com Stockholders": "3,517", "Basic EPS": "0.16", "Diluted EPS": "0.14", "Basic Average Shares": "21,714", "Diluted Average Shares": "25,726", "Total Operating Income as Reported": "6,050", "Total Expenses": "131,111", "Net Income from Continuing & Discontinued Operation": "3,517", "Normalized Income": "3,460", "Interest Income": "-", "Interest Expense": "-", "Net Interest Income": "-", "EBIT": "6,050", "EBITDA": "-", "Reconciled Cost of Revenue": "113,853", "Reconciled Depreciation": "-", "Net Income from Continuing Operation Net Minority Interest": "3,517", "Total Unusual Items Excluding Goodwill": "95", "Total Unusual Items": "95", "Normalized EBITDA": "5,955", "Tax Rate for Calcs": "0", "Tax Effect of Unusual Items": "38"}, "6/30/2002": {"Duration": "6/30/2002", "Total Revenue": "89,339", "Cost of Revenue": "75,354", "Gross Profit": "13,985", "Operating Expense": "10,956", "Operating Income": "3,029", "Net Non Operating Interest Income Expense": "-", "Other Income Expense": "220", "Pretax Income": "2,630", "Tax Provision": "-428", "Earnings from Equity Interest Net of Tax": "-", "Net Income Common Stockholders": "2,202", "Average Dilution Earnings": "-", "Diluted NI Available to Com Stockholders": "2,202", "Basic EPS": "0.10", "Diluted EPS": "0.09", "Basic Average Shares": "21,324", "Diluted Average Shares": "24,962", "Total Operating Income as Reported": "3,029", "Total Expenses": "86,310", "Net Income from Continuing & Discontinued Operation": "2,202", "Normalized Income": "2,070", "Interest Income": "-", "Interest Expense": "-", "Net Interest Income": "-", "EBIT": "3,029", "EBITDA": "-", "Reconciled Cost of Revenue": "75,354", "Reconciled Depreciation": "-", "Net Income from Continuing Operation Net Minority Interest": "2,202", "Total Unusual Items Excluding Goodwill": "220", "Total Unusual Items": "220", "Normalized EBITDA": "2,809", "Tax Rate for Calcs": "0", "Tax Effect of Unusual Items": "88"}}, "bs": {"6/30/2020": {"Duration": "6/30/2020", "Total Assets": "1,918,646", "Total Liabilities Net Minority Interest": "852,939", "Total Equity Gross Minority Interest": "1,065,707", "Total Capitalization": "1,071,237", "Common Stock Equity": "1,065,540", "Capital Lease Obligations": "24,412", "Net Tangible Assets": "1,065,540", "Working Capital": "885,126", "Invested Capital": "1,094,941", "Tangible Book Value": "1,065,540", "Total Debt": "53,813", "Net Debt": "-", "Share Issued": "53,742", "Ordinary Shares Number": "52,409", "Treasury Shares Number": "1,333"}, "6/30/2019": {"Duration": "6/30/2019", "Total Assets": "1,682,594", "Total Liabilities Net Minority Interest": "741,418", "Total Equity Gross Minority Interest": "941,176", "Total Capitalization": "941,015", "Common Stock Equity": "941,015", "Capital Lease Obligations": "-", "Net Tangible Assets": "941,015", "Working Capital": "815,802", "Invested Capital": "964,662", "Tangible Book Value": "941,015", "Total Debt": "23,647", "Net Debt": "-", "Share Issued": "51,289", "Ordinary Shares Number": "49,956", "Treasury Shares Number": "1,333"}, "6/30/2018": {"Duration": "6/30/2018", "Total Assets": "1,769,505", "Total Liabilities Net Minority Interest": "925,853", "Total Equity Gross Minority Interest": "843,652", "Total Capitalization": "843,495", "Common Stock Equity": "843,495", "Capital Lease Obligations": "-", "Net Tangible Assets": "843,495", "Working Capital": "719,321", "Invested Capital": "959,676", "Tangible Book Value": "843,495", "Total Debt": "116,181", "Net Debt": "804", "Share Issued": "49,705", "Ordinary Shares Number": "49,705", "Treasury Shares Number": "-"}, "6/30/2017": {"Duration": "6/30/2017", "Total Assets": "1,515,130", "Total Liabilities Net Minority Interest": "741,284", "Total Equity Gross Minority Interest": "773,846", "Total Capitalization": "773,676", "Common Stock Equity": "773,676", "Capital Lease Obligations": "-", "Net Tangible Assets": "773,676", "Working Capital": "588,636", "Invested Capital": "935,123", "Tangible Book Value": "773,676", "Total Debt": "161,447", "Net Debt": "50,841", "Share Issued": "50,274", "Ordinary Shares Number": "48,940", "Treasury Shares Number": "1,333"}, "6/30/2016": {"Duration": "6/30/2016", "Total Assets": "1,165,600", "Total Liabilities Net Minority Interest": "444,221", "Total Equity Gross Minority Interest": "721,379", "Total Capitalization": "761,195", "Common Stock Equity": "721,195", "Capital Lease Obligations": "-", "Net Tangible Assets": "721,195", "Working Capital": "574,384", "Invested Capital": "814,784", "Tangible Book Value": "721,195", "Total Debt": "93,589", "Net Debt": "-", "Share Issued": "49,000", "Ordinary Shares Number": "48,555", "Treasury Shares Number": "445.028"}, "6/30/2015": {"Duration": "6/30/2015", "Total Assets": "1,089,809", "Total Liabilities Net Minority Interest": "470,724", "Total Equity Gross Minority Interest": "619,085", "Total Capitalization": "619,854", "Common Stock Equity": "618,921", "Capital Lease Obligations": "-", "Net Tangible Assets": "618,921", "Working Capital": "460,308", "Invested Capital": "713,333", "Tangible Book Value": "618,921", "Total Debt": "94,412", "Net Debt": "-", "Share Issued": "47,874", "Ordinary Shares Number": "47,429", "Treasury Shares Number": "445.028"}, "6/30/2014": {"Duration": "6/30/2014", "Total Assets": "796,325", "Total Liabilities Net Minority Interest": "327,094", "Total Equity Gross Minority Interest": "469,231", "Total Capitalization": "472,789", "Common Stock Equity": "469,056", "Capital Lease Obligations": "-", "Net Tangible Assets": "469,056", "Working Capital": "343,195", "Invested Capital": "515,343", "Tangible Book Value": "469,056", "Total Debt": "46,287", "Net Debt": "-", "Share Issued": "45,740", "Ordinary Shares Number": "45,295", "Treasury Shares Number": "445.028"}, "6/30/2013": {"Duration": "6/30/2013", "Total Assets": "632,257", "Total Liabilities Net Minority Interest": "258,533", "Total Equity Gross Minority Interest": "373,724", "Total Capitalization": "380,076", "Common Stock Equity": "373,543", "Capital Lease Obligations": "-", "Net Tangible Assets": "373,543", "Working Capital": "281,528", "Invested Capital": "408,714", "Tangible Book Value": "373,543", "Total Debt": "35,171", "Net Debt": "-", "Share Issued": "42,745", "Ordinary Shares Number": "42,299", "Treasury Shares Number": "445.028"}, "6/30/2012": {"Duration": "6/30/2012", "Total Assets": "589,103", "Total Liabilities Net Minority Interest": "250,752", "Total Equity Gross Minority Interest": "338,351", "Total Capitalization": "357,746", "Common Stock Equity": "338,351", "Capital Lease Obligations": "-", "Net Tangible Assets": "338,351", "Working Capital": "261,404", "Invested Capital": "371,108", "Tangible Book Value": "338,351", "Total Debt": "32,757", "Net Debt": "-", "Share Issued": "42,034", "Ordinary Shares Number": "41,589", "Treasury Shares Number": "445.028"}, "6/30/2011": {"Duration": "6/30/2011", "Total Assets": "464,620", "Total Liabilities Net Minority Interest": "177,363", "Total Equity Gross Minority Interest": "287,257", "Total Capitalization": "314,853", "Common Stock Equity": "287,257", "Capital Lease Obligations": "86", "Net Tangible Assets": "287,257", "Working Capital": "228,975", "Invested Capital": "315,408", "Tangible Book Value": "287,257", "Total Debt": "28,237", "Net Debt": "-", "Share Issued": "40,728", "Ordinary Shares Number": "40,283", "Treasury Shares Number": "445.028"}, "6/30/2010": {"Duration": "6/30/2010", "Total Assets": "370,762", "Total Liabilities Net Minority Interest": "146,061", "Total Equity Gross Minority Interest": "224,701", "Total Capitalization": "224,701", "Common Stock Equity": "224,701", "Capital Lease Obligations": "108", "Net Tangible Assets": "224,701", "Working Capital": "158,982", "Invested Capital": "243,254", "Tangible Book Value": "224,701", "Total Debt": "18,661", "Net Debt": "-", "Share Issued": "37,494", "Ordinary Shares Number": "37,049", "Treasury Shares Number": "445.028"}, "6/30/2009": {"Duration": "6/30/2009", "Total Assets": "283,135", "Total Liabilities Net Minority Interest": "104,513", "Total Equity Gross Minority Interest": "178,622", "Total Capitalization": "188,297", "Common Stock Equity": "178,622", "Capital Lease Obligations": "108", "Net Tangible Assets": "178,622", "Working Capital": "130,987", "Invested Capital": "188,616", "Tangible Book Value": "178,622", "Total Debt": "10,102", "Net Debt": "-", "Share Issued": "35,663", "Ordinary Shares Number": "35,218", "Treasury Shares Number": "445.028"}, "6/30/2008": {"Duration": "6/30/2008", "Total Assets": "264,385", "Total Liabilities Net Minority Interest": "112,514", "Total Equity Gross Minority Interest": "151,871", "Total Capitalization": "161,852", "Common Stock Equity": "151,871", "Capital Lease Obligations": "108", "Net Tangible Assets": "151,871", "Working Capital": "102,392", "Invested Capital": "162,229", "Tangible Book Value": "151,871", "Total Debt": "10,466", "Net Debt": "-", "Share Issued": "32,669", "Ordinary Shares Number": "32,669", "Treasury Shares Number": "-"}, "6/30/2007": {"Duration": "6/30/2007", "Total Assets": "205,583", "Total Liabilities Net Minority Interest": "89,711", "Total Equity Gross Minority Interest": "115,872", "Total Capitalization": "127,123", "Common Stock Equity": "115,872", "Capital Lease Obligations": "40", "Net Tangible Assets": "115,872", "Working Capital": "95,086", "Invested Capital": "127,545", "Tangible Book Value": "115,872", "Total Debt": "11,713", "Net Debt": "-", "Share Issued": "30,283", "Ordinary Shares Number": "30,283", "Treasury Shares Number": "-"}, "6/30/2006": {"Duration": "6/30/2006", "Total Assets": "131,001", "Total Liabilities Net Minority Interest": "83,234", "Total Equity Gross Minority Interest": "47,767", "Total Capitalization": "66,388", "Common Stock Equity": "47,767", "Capital Lease Obligations": "64", "Net Tangible Assets": "47,767", "Working Capital": "37,026", "Invested Capital": "67,169", "Tangible Book Value": "47,767", "Total Debt": "19,466", "Net Debt": "2,893", "Share Issued": "30,157", "Ordinary Shares Number": "30,157", "Treasury Shares Number": "-"}, "6/30/2005": {"Duration": "6/30/2005", "Total Assets": "89,662", "Total Liabilities Net Minority Interest": "60,535", "Total Equity Gross Minority Interest": "29,127", "Total Capitalization": "41,642", "Common Stock Equity": "29,127", "Capital Lease Obligations": "57", "Net Tangible Assets": "29,127", "Working Capital": "22,922", "Invested Capital": "42,146", "Tangible Book Value": "29,127", "Total Debt": "13,076", "Net Debt": "1,849", "Share Issued": "30,157", "Ordinary Shares Number": "30,157", "Treasury Shares Number": "-"}, "6/30/2003": {"Duration": "6/30/2003", "Total Assets": "50,796", "Total Liabilities Net Minority Interest": "34,378", "Total Equity Gross Minority Interest": "16,418", "Total Capitalization": "25,526", "Common Stock Equity": "16,418", "Capital Lease Obligations": "-", "Net Tangible Assets": "16,418", "Working Capital": "-", "Invested Capital": "25,526", "Tangible Book Value": "16,418", "Total Debt": "9,108", "Net Debt": "2,751", "Share Issued": "30,157", "Ordinary Shares Number": "30,157", "Treasury Shares Number": "-"}, "6/30/2002": {"Duration": "6/30/2002", "Total Assets": "40,136", "Total Liabilities Net Minority Interest": "27,282", "Total Equity Gross Minority Interest": "12,854", "Total Capitalization": "22,360", "Common Stock Equity": "12,854", "Capital Lease Obligations": "-", "Net Tangible Assets": "12,854", "Working Capital": "-", "Invested Capital": "22,360", "Tangible Book Value": "12,854", "Total Debt": "9,506", "Net Debt": "5,536", "Share Issued": "30,157", "Ordinary Shares Number": "30,157", "Treasury Shares Number": "-"}}, "cf": {"TTM": {"Duration": "TTM", "Operating Cash Flow": "-36,658", "Investing Cash Flow": "-54,079", "Financing Cash Flow": "-50,030", "End Cash Position": "178,497", "Income Tax Paid Supplemental Data": "43,317", "Interest Paid Supplemental Data": "1,921", "Capital Expenditure": "-54,079", "Issuance of Capital Stock": "-", "Issuance of Debt": "217,050", "Repayment of Debt": "-166,507", "Repurchase of Capital Stock": "-", "Free Cash Flow": "-90,737"}, "6/30/2020": {"Duration": "6/30/2020", "Operating Cash Flow": "-30,334", "Investing Cash Flow": "-43,588", "Financing Cash Flow": "23,796", "End Cash Position": "212,390", "Income Tax Paid Supplemental Data": "43,317", "Interest Paid Supplemental Data": "2,172", "Capital Expenditure": "-44,338", "Issuance of Capital Stock": "-", "Issuance of Debt": "164,791", "Repayment of Debt": "-160,445", "Repurchase of Capital Stock": "-", "Free Cash Flow": "-74,672"}, "6/30/2019": {"Duration": "6/30/2019", "Operating Cash Flow": "262,554", "Investing Cash Flow": "-24,849", "Financing Cash Flow": "-95,828", "End Cash Position": "262,140", "Income Tax Paid Supplemental Data": "23,604", "Interest Paid Supplemental Data": "3,861", "Capital Expenditure": "-24,849", "Issuance of Capital Stock": "-", "Issuance of Debt": "41,760", "Repayment of Debt": "-133,912", "Repurchase of Capital Stock": "0", "Free Cash Flow": "237,705"}, "6/30/2018": {"Duration": "6/30/2018", "Operating Cash Flow": "84,347", "Investing Cash Flow": "-25,924", "Financing Cash Flow": "-50,832", "End Cash Position": "120,382", "Income Tax Paid Supplemental Data": "14,734", "Interest Paid Supplemental Data": "4,541", "Capital Expenditure": "-24,824", "Issuance of Capital Stock": "-", "Issuance of Debt": "171,563", "Repayment of Debt": "-220,552", "Repurchase of Capital Stock": "0", "Free Cash Flow": "59,523"}, "6/30/2017": {"Duration": "6/30/2017", "Operating Cash Flow": "-96,188", "Investing Cash Flow": "-29,705", "Financing Cash Flow": "57,724", "End Cash Position": "110,606", "Income Tax Paid Supplemental Data": "30,809", "Interest Paid Supplemental Data": "2,082", "Capital Expenditure": "-29,365", "Issuance of Capital Stock": "-", "Issuance of Debt": "207,029", "Repayment of Debt": "-140,705", "Repurchase of Capital Stock": "-18,461", "Free Cash Flow": "-125,553"}, "6/30/2016": {"Duration": "6/30/2016", "Operating Cash Flow": "107,509", "Investing Cash Flow": "-35,128", "Financing Cash Flow": "13,145", "End Cash Position": "180,964", "Income Tax Paid Supplemental Data": "36,951", "Interest Paid Supplemental Data": "1,632", "Capital Expenditure": "-34,108", "Issuance of Capital Stock": "-", "Issuance of Debt": "34,200", "Repayment of Debt": "-34,289", "Repurchase of Capital Stock": "-", "Free Cash Flow": "73,401"}, "6/30/2015": {"Duration": "6/30/2015", "Operating Cash Flow": "-44,636", "Investing Cash Flow": "-36,177", "Financing Cash Flow": "80,051", "End Cash Position": "95,442", "Income Tax Paid Supplemental Data": "30,671", "Interest Paid Supplemental Data": "933", "Capital Expenditure": "-35,100", "Issuance of Capital Stock": "-", "Issuance of Debt": "84,900", "Repayment of Debt": "-36,134", "Repurchase of Capital Stock": "-", "Free Cash Flow": "-79,736"}, "6/30/2014": {"Duration": "6/30/2014", "Operating Cash Flow": "6,538", "Investing Cash Flow": "-40,161", "Financing Cash Flow": "37,222", "End Cash Position": "96,872", "Income Tax Paid Supplemental Data": "13,096", "Interest Paid Supplemental Data": "757", "Capital Expenditure": "-40,567", "Issuance of Capital Stock": "-", "Issuance of Debt": "17,354", "Repayment of Debt": "-6,367", "Repurchase of Capital Stock": "-", "Free Cash Flow": "-34,029"}, "6/30/2013": {"Duration": "6/30/2013", "Operating Cash Flow": "13,583", "Investing Cash Flow": "-5,113", "Financing Cash Flow": "3,762", "End Cash Position": "93,038", "Income Tax Paid Supplemental Data": "8,074", "Interest Paid Supplemental Data": "718", "Capital Expenditure": "-5,001", "Issuance of Capital Stock": "-", "Issuance of Debt": "20,641", "Repayment of Debt": "-18,113", "Repurchase of Capital Stock": "-", "Free Cash Flow": "8,582"}, "6/30/2012": {"Duration": "6/30/2012", "Operating Cash Flow": "16,467", "Investing Cash Flow": "-19,719", "Financing Cash Flow": "13,817", "End Cash Position": "80,826", "Income Tax Paid Supplemental Data": "8,455", "Interest Paid Supplemental Data": "621", "Capital Expenditure": "-24,862", "Issuance of Capital Stock": "-", "Issuance of Debt": "33,696", "Repayment of Debt": "-28,984", "Repurchase of Capital Stock": "-", "Free Cash Flow": "-8,395"}, "6/30/2011": {"Duration": "6/30/2011", "Operating Cash Flow": "8,480", "Investing Cash Flow": "-24,770", "Financing Cash Flow": "13,589", "End Cash Position": "69,943", "Income Tax Paid Supplemental Data": "9,813", "Interest Paid Supplemental Data": "649", "Capital Expenditure": "-25,397", "Issuance of Capital Stock": "-", "Issuance of Debt": "23,730", "Repayment of Debt": "-14,196", "Repurchase of Capital Stock": "0", "Free Cash Flow": "-16,917"}, "6/30/2010": {"Duration": "6/30/2010", "Operating Cash Flow": "-2,174", "Investing Cash Flow": "-11,802", "Financing Cash Flow": "16,325", "End Cash Position": "72,644", "Income Tax Paid Supplemental Data": "6,542", "Interest Paid Supplemental Data": "371", "Capital Expenditure": "-22,223", "Issuance of Capital Stock": "-", "Issuance of Debt": "18,553", "Repayment of Debt": "-10,036", "Repurchase of Capital Stock": "0", "Free Cash Flow": "-24,397"}, "6/30/2009": {"Duration": "6/30/2009", "Operating Cash Flow": "21,819", "Investing Cash Flow": "-2,715", "Financing Cash Flow": "-290", "End Cash Position": "70,295", "Income Tax Paid Supplemental Data": "3,648", "Interest Paid Supplemental Data": "930", "Capital Expenditure": "-3,561", "Issuance of Capital Stock": "0", "Issuance of Debt": "47", "Repayment of Debt": "-364", "Repurchase of Capital Stock": "-2,030", "Free Cash Flow": "18,258"}, "6/30/2008": {"Duration": "6/30/2008", "Operating Cash Flow": "18,502", "Investing Cash Flow": "-19,608", "Financing Cash Flow": "1,723", "End Cash Position": "51,481", "Income Tax Paid Supplemental Data": "-", "Interest Paid Supplemental Data": "-", "Capital Expenditure": "-16,085", "Issuance of Capital Stock": "2,932", "Issuance of Debt": "-", "Repayment of Debt": "-", "Repurchase of Capital Stock": "-", "Free Cash Flow": "2,417"}, "6/30/2007": {"Duration": "6/30/2007", "Operating Cash Flow": "14,989", "Investing Cash Flow": "-18,108", "Financing Cash Flow": "37,474", "End Cash Position": "50,864", "Income Tax Paid Supplemental Data": "-", "Interest Paid Supplemental Data": "-", "Capital Expenditure": "-3,042", "Issuance of Capital Stock": "45,184", "Issuance of Debt": "-", "Repayment of Debt": "-", "Repurchase of Capital Stock": "-", "Free Cash Flow": "11,947"}, "6/30/2006": {"Duration": "6/30/2006", "Operating Cash Flow": "8,206", "Investing Cash Flow": "-9,792", "Financing Cash Flow": "6,925", "End Cash Position": "16,509", "Income Tax Paid Supplemental Data": "-", "Interest Paid Supplemental Data": "-", "Capital Expenditure": "-11,452", "Issuance of Capital Stock": "377", "Issuance of Debt": "-", "Repayment of Debt": "-", "Repurchase of Capital Stock": "-", "Free Cash Flow": "-3,246"}, "6/30/2005": {"Duration": "6/30/2005", "Operating Cash Flow": "4,742", "Investing Cash Flow": "-864", "Financing Cash Flow": "-67", "End Cash Position": "11,170", "Income Tax Paid Supplemental Data": "-", "Interest Paid Supplemental Data": "-", "Capital Expenditure": "-1,050", "Issuance of Capital Stock": "44", "Issuance of Debt": "-", "Repayment of Debt": "-", "Repurchase of Capital Stock": "-", "Free Cash Flow": "3,692"}}, "inside": {"Date": ["INSIDER NAME", "TITLE", "DATE", "TRANSATION", "SHARE", "PRICE", "AMOUNT"], "2021-05-18 17:14:40": ["CLEGG DON W", "SVP, WORLDWIDE SALES", "2021-05-16", "OPTION EXERCISE", "375", "0.00", "0"], "2021-05-18 17:12:08": ["WEIGAND DAVID E", "SVP, CHIEF FINANCIAL OFFICER", "2021-05-16", "OPTION EXERCISE", "625", "0.00", "0"], "2021-05-17 16:56:07": ["FAIRFAX DANIEL W", "DIRECTIOR", "2021-05-13", "SELL", "4,428", "34.03", "150,664"], "2021-05-12 18:21:07": ["LIU LIANG CHIU-CHU SARA", "DIRECTIOR 10% OWNER", "2021-05-10", "OPTION EXERCISE", "196", "0.00", "0"], "2021-05-12 18:18:11": ["TUAN SHERMAN", "DIRECTIOR", "2021-05-10", "OPTION EXERCISE", "21,600", "0.00", "0"], "2021-05-12 18:16:45": ["MCANDREWS MICHAEL S", "DIRECTIOR", "2021-05-10", "OPTION EXERCISE", "21,600", "0.00", "0"], "2021-05-12 18:11:40": ["LIU TALLY C", "DIRECTIOR", "2021-05-10", "OPTION EXERCISE", "15,300", "0.00", "0"], "2021-05-12 18:10:21": ["KAO GEORGE", "SVP, OPERATIONS", "2021-05-10", "OPTION EXERCISE", "2,112", "0.00", "0"], "2021-05-12 18:08:34": ["TSAI HWEI-MING FRED", "DIRECTIOR", "2021-05-10", "OPTION EXERCISE", "21,600", "0.00", "0"], "2021-05-12 18:07:09": ["WEIGAND DAVID E", "SVP, CHIEF FINANCIAL OFFICER", "2021-05-10", "OPTION EXERCISE", "900", "0.00", "0"], "2021-05-12 18:05:51": ["TSENG SARIA", "DIRECTIOR", "2021-05-10", "OPTION EXERCISE", "21,600", "0.00", "0"], "2021-04-23 18:11:25": ["LIU LIANG CHIU-CHU SARA", "DIRECTIOR 10% OWNER", "2021-04-21", "OPTION EXERCISE", "50,000", "18.59", "929,500"], "2021-04-23 18:08:46": ["LIANG CHARLES", "PRESIDENT AND CEO 10% OWNER", "2021-04-21", "OPTION EXERCISE", "50,000", "18.59", "929,500"], "2021-04-21 17:00:48": ["LIANG CHARLES", "PRESIDENT AND CEO 10% OWNER", "2021-04-19", "OPTION EXERCISE", "82,000", "18.59", "1,524,380"], "2021-04-21 16:59:34": ["LIU LIANG CHIU-CHU SARA", "DIRECTIOR 10% OWNER", "2021-04-19", "OPTION EXERCISE", "82,000", "18.59", "1,524,380"], "2021-04-14 16:54:22": ["LIANG CHARLES", "PRESIDENT AND CEO 10% OWNER", "2021-04-12", "SELL", "10,126", "40.18", "406,854"], "2021-04-14 16:53:15": ["LIU LIANG CHIU-CHU SARA", "DIRECTIOR 10% OWNER", "2021-04-12", "SELL", "10,126", "40.18", "406,854"], "2021-04-09 17:48:30": ["LIANG CHARLES", "PRESIDENT AND CEO 10% OWNER", "2021-04-07", "SELL", "5,774", "39.34", "227,175"], "2021-04-09 17:46:55": ["LIU LIANG CHIU-CHU SARA", "DIRECTIOR 10% OWNER", "2021-04-07", "SELL", "5,774", "39.34", "227,175"], "2021-04-08 17:33:19": ["LIANG CHARLES", "PRESIDENT AND CEO 10% OWNER", "2021-04-06", "SELL", "7,972", "39.59", "315,646"], "2021-04-08 17:31:07": ["LIU LIANG CHIU-CHU SARA", "DIRECTIOR 10% OWNER", "2021-04-06", "SELL", "7,972", "39.59", "315,646"], "2021-04-07 18:33:31": ["LIANG CHARLES", "PRESIDENT AND CEO 10% OWNER", "2021-04-05", "SELL", "60,126", "40.02", "2,406,453"], "2021-04-07 18:31:30": ["LIU LIANG CHIU-CHU SARA", "DIRECTIOR 10% OWNER", "2021-04-05", "SELL", "60,126", "40.02", "2,406,453"], "2021-04-05 17:02:26": ["LIANG CHARLES", "PRESIDENT AND CEO 10% OWNER", "2021-04-01", "SELL", "61,511", "39.26", "2,414,750"], "2021-04-05 17:00:14": ["LIU LIANG CHIU-CHU SARA", "DIRECTIOR 10% OWNER", "2021-04-01", "SELL", "61,511", "39.26", "2,414,750"], "2021-02-18 17:53:38": ["CLEGG DON W", "SVP, WORLDWIDE SALES", "2021-02-16", "OPTION EXERCISE", "375", "0.00", "0"], "2021-02-18 17:40:50": ["HSU ALEX", "CHIEF OPERATING OFFICER", "2021-02-16", "OPTION EXERCISE", "67", "0.00", "0"], "2021-02-12 17:36:45": ["LIANG CHARLES", "PRESIDENT AND CEO 10% OWNER", "2021-02-10", "OPTION EXERCISE", "787", "0.00", "0"], "2021-02-12 17:35:06": ["LIU LIANG CHIU-CHU SARA", "DIRECTIOR 10% OWNER", "2021-02-10", "OPTION EXERCISE", "787", "0.00", "0"], "2021-02-12 17:32:56": ["HSU ALEX", "CHIEF OPERATING OFFICER", "2021-02-10", "OPTION EXERCISE", "170", "0.00", "0"], "2020-12-08 16:45:56": ["LIANG CHARLES", "PRESIDENT AND CEO 10% OWNER", "2020-12-04", "SELL", "28,751", "30.00", "862,530"], "2020-12-08 16:44:26": ["LIU LIANG CHIU-CHU SARA", "DIRECTIOR 10% OWNER", "2020-12-04", "SELL", "28,751", "30.00", "862,530"], "2020-11-25 16:36:51": ["LIANG CHARLES", "PRESIDENT AND CEO 10% OWNER", "2020-11-23", "SELL", "15,215", "30.00", "456,450"], "2020-11-25 16:35:01": ["LIU LIANG CHIU-CHU SARA", "DIRECTIOR 10% OWNER", "2020-11-23", "SELL", "15,215", "30.00", "456,450"], "2020-11-24 16:22:18": ["LIANG CHARLES", "PRESIDENT AND CEO 10% OWNER", "2020-11-20", "SELL", "33,721", "30.00", "1,011,630"], "2020-11-24 16:19:49": ["LIU LIANG CHIU-CHU SARA", "DIRECTIOR 10% OWNER", "2020-11-20", "SELL", "33,721", "30.00", "1,011,630"], "2020-11-20 17:21:26": ["LIU LIANG CHIU-CHU SARA", "DIRECTIOR 10% OWNER", "2020-11-18", "SELL", "8,082", "30.00", "242,460"], "2020-11-20 17:17:59": ["LIANG CHARLES", "PRESIDENT AND CEO 10% OWNER", "2020-11-18", "SELL", "8,082", "30.00", "242,460"], "2020-11-18 17:32:52": ["LIANG CHARLES", "PRESIDENT AND CEO 10% OWNER", "2020-11-16", "SELL", "14,231", "30.00", "426,930"], "2020-11-18 17:31:27": ["LIU LIANG CHIU-CHU SARA", "DIRECTIOR 10% OWNER", "2020-11-16", "SELL", "14,231", "30.00", "426,930"], "2020-11-18 17:21:26": ["BAUER KEVIN S", "CHIEF FINANCIAL OFFICER", "2020-11-16", "OPTION EXERCISE", "937", "0.00", "0"], "2020-11-18 17:20:08": ["CLEGG DON W", "SVP, WORLDWIDE SALES", "2020-11-16", "OPTION EXERCISE", "375", "0.00", "0"], "2020-11-18 17:17:37": ["HSU ALEX", "CHIEF OPERATING OFFICER", "2020-11-16", "OPTION EXERCISE", "67", "0.00", "0"], "2020-11-18 17:16:20": ["WEIGAND DAVID E", "SVP, CHIEF COMPLIANCE OFFICER", "2020-11-16", "OPTION EXERCISE", "625", "0.00", "0"], "2020-11-18 17:14:33": ["KAO GEORGE", "SVP, OPERATIONS", "2020-11-16", "OPTION EXERCISE", "375", "0.00", "0"], "2020-11-12 16:49:19": ["HSU ALEX", "CHIEF OPERATING OFFICER", "2020-11-10", "OPTION EXERCISE", "170", "0.00", "0"], "2020-09-01 16:49:51": ["TUAN SHERMAN", "DIRECTIOR", "2020-08-28", "OPTION EXERCISE", "7,350", "16.23", "119,272"], "2020-08-28 17:36:30": ["TSAI HWEI-MING FRED", "DIRECTIOR", "2020-08-27", "SELL", "2,000", "26.00", "52,000"], "2020-08-27 16:41:27": ["TSAI HWEI-MING FRED", "DIRECTIOR", "2020-08-25", "SELL", "1,000", "26.50", "26,500"], "2020-08-25 16:41:36": ["TSAI HWEI-MING FRED", "DIRECTIOR", "2020-08-21", "SELL", "3,000", "26.83", "80,499"], "2020-08-18 17:26:55": ["BAUER KEVIN S", "CHIEF FINANCIAL OFFICER", "2020-08-16", "OPTION EXERCISE", "938", "0.00", "0"], "2020-08-18 17:23:13": ["HSU ALEX", "CHIEF OPERATING OFFICER", "2020-08-16", "OPTION EXERCISE", "67", "0.00", "0"], "2020-08-18 17:21:20": ["CLEGG DON W", "SVP, WORLDWIDE SALES", "2020-08-16", "OPTION EXERCISE", "375", "0.00", "0"], "2020-08-18 17:18:05": ["KAO GEORGE", "SVP, OPERATIONS", "2020-08-16", "OPTION EXERCISE", "375", "0.00", "0"], "2020-08-18 17:13:44": ["WEIGAND DAVID E", "SVP, CHIEF COMPLIANCE OFFICER", "2020-08-16", "OPTION EXERCISE", "625", "0.00", "0"], "2020-08-12 17:33:21": ["HSU ALEX", "CHIEF OPERATING OFFICER", "2020-08-10", "OPTION EXERCISE", "170", "0.00", "0"], "2020-06-01 17:39:13": ["CLEGG DON W", "SVP, WORLDWIDE SALES", "2020-05-28", "OPTION EXERCISE", "14,970", "13.61", "203,742"]}}}, {"CRSR": {"ks": {"Current": {"Duration": "Current", "Market Cap (intraday) 5": "2.98B", "Enterprise Value 3": "3.16B", "Trailing P/E ": "20.03", "Forward P/E 1": "16.81", "PEG Ratio (5 yr expected) 1": "N/A", "Price/Sales (ttm)": "1.55", "Price/Book (mrq)": "6.11", "Enterprise Value/Revenue 3": "1.65", "Enterprise Value/EBITDA 7": "12.53"}, "3/31/2021": {"Duration": "3/31/2021", "Market Cap (intraday) 5": "3.07B", "Enterprise Value 3": "3.27B", "Trailing P/E ": "29.20", "Forward P/E 1": "20.79", "PEG Ratio (5 yr expected) 1": "N/A", "Price/Sales (ttm)": "1.77", "Price/Book (mrq)": "7.01", "Enterprise Value/Revenue 3": "6.17", "Enterprise Value/EBITDA 7": "42.98"}, "12/31/2020": {"Duration": "12/31/2020", "Market Cap (intraday) 5": "3.33B", "Enterprise Value 3": "3.59B", "Trailing P/E ": "50.30", "Forward P/E 1": "25.58", "PEG Ratio (5 yr expected) 1": "N/A", "Price/Sales (ttm)": "2.26", "Price/Book (mrq)": "8.57", "Enterprise Value/Revenue 3": "6.46", "Enterprise Value/EBITDA 7": "52.13"}, "9/30/2020": {"Duration": "9/30/2020", "Market Cap (intraday) 5": "1.85B", "Enterprise Value 3": "2.24B", "Trailing P/E ": "58.88", "Forward P/E 1": "N/A", "PEG Ratio (5 yr expected) 1": "N/A", "Price/Sales (ttm)": "1.42", "Price/Book (mrq)": "7.68", "Enterprise Value/Revenue 3": "4.90", "Enterprise Value/EBITDA 7": "36.96"}}, "fin": {"TTM": {"Duration": "TTM", "Total Revenue": "1,923,263", "Cost of Revenue": "1,376,128", "Gross Profit": "547,135", "Operating Expense": "334,822", "Operating Income": "212,313", "Net Non Operating Interest Income Expense": "-30,709", "Other Income Expense": "-3,544", "Pretax Income": "178,060", "Tax Provision": "29,337", "Net Income Common Stockholders": "148,723", "Diluted NI Available to Com Stockholders": "148,723", "Basic EPS": "-", "Diluted EPS": "-", "Basic Average Shares": "-", "Diluted Average Shares": "-", "Total Operating Income as Reported": "212,313", "Total Expenses": "1,710,950", "Net Income from Continuing & Discontinued Operation": "148,723", "Normalized Income": "148,723", "Interest Expense": "30,709", "Net Interest Income": "-30,709", "EBIT": "208,769", "EBITDA": "252,536", "Reconciled Cost of Revenue": "1,376,128", "Reconciled Depreciation": "43,767", "Net Income from Continuing Operation Net Minority Interest": "148,723", "Normalized EBITDA": "252,536", "Tax Rate for Calcs": "0", "Tax Effect of Unusual Items": "0"}, "12/31/2020": {"Duration": "12/31/2020", "Total Revenue": "1,702,367", "Cost of Revenue": "1,236,938", "Gross Profit": "465,429", "Operating Expense": "307,068", "Operating Income": "158,361", "Net Non Operating Interest Income Expense": "-35,137", "Other Income Expense": "-1,182", "Pretax Income": "122,042", "Tax Provision": "18,825", "Net Income Common Stockholders": "103,217", "Diluted NI Available to Com Stockholders": "103,217", "Basic EPS": "1.20", "Diluted EPS": "1.14", "Basic Average Shares": "86,256", "Diluted Average Shares": "90,577", "Total Operating Income as Reported": "158,361", "Total Expenses": "1,544,006", "Net Income from Continuing & Discontinued Operation": "103,217", "Normalized Income": "103,217", "Interest Expense": "35,137", "Net Interest Income": "-35,137", "EBIT": "157,179", "EBITDA": "-", "Reconciled Cost of Revenue": "1,236,938", "Reconciled Depreciation": "43,234", "Net Income from Continuing Operation Net Minority Interest": "103,217", "Normalized EBITDA": "200,413", "Tax Rate for Calcs": "0", "Tax Effect of Unusual Items": "0"}, "12/31/2019": {"Duration": "12/31/2019", "Total Revenue": "1,097,174", "Cost of Revenue": "872,887", "Gross Profit": "224,287", "Operating Expense": "200,580", "Operating Income": "23,707", "Net Non Operating Interest Income Expense": "-35,548", "Other Income Expense": "-1,558", "Pretax Income": "-13,399", "Tax Provision": "-5,005", "Net Income Common Stockholders": "-8,394", "Diluted NI Available to Com Stockholders": "-8,394", "Basic EPS": "-0.09", "Diluted EPS": "-0.09", "Basic Average Shares": "91,849", "Diluted Average Shares": "91,849", "Total Operating Income as Reported": "23,707", "Total Expenses": "1,073,467", "Net Income from Continuing & Discontinued Operation": "-8,394", "Normalized Income": "-8,394", "Interest Expense": "35,548", "Net Interest Income": "-35,548", "EBIT": "22,149", "EBITDA": "-", "Reconciled Cost of Revenue": "872,887", "Reconciled Depreciation": "37,507", "Net Income from Continuing Operation Net Minority Interest": "-8,394", "Normalized EBITDA": "59,656", "Tax Rate for Calcs": "0", "Tax Effect of Unusual Items": "0"}, "12/31/2018": {"Duration": "12/31/2018", "Total Revenue": "937,553", "Cost of Revenue": "744,858", "Gross Profit": "192,695", "Operating Expense": "170,905", "Operating Income": "21,790", "Net Non Operating Interest Income Expense": "-32,680", "Other Income Expense": "183", "Pretax Income": "-10,707", "Tax Provision": "3,013", "Net Income Common Stockholders": "-13,720", "Diluted NI Available to Com Stockholders": "-13,720", "Basic EPS": "-0.15", "Diluted EPS": "-0.15", "Basic Average Shares": "91,849", "Diluted Average Shares": "91,849", "Total Operating Income as Reported": "21,790", "Total Expenses": "915,763", "Net Income from Continuing & Discontinued Operation": "-13,720", "Normalized Income": "-13,720", "Interest Expense": "32,680", "Net Interest Income": "-32,680", "EBIT": "21,973", "EBITDA": "-", "Reconciled Cost of Revenue": "744,858", "Reconciled Depreciation": "36,563", "Net Income from Continuing Operation Net Minority Interest": "-13,720", "Normalized EBITDA": "58,536", "Tax Rate for Calcs": "0", "Tax Effect of Unusual Items": "0"}}, "bs": {"12/31/2020": {"Duration": "12/31/2020", "Total Assets": "1,314,115", "Total Liabilities Net Minority Interest": "876,725", "Total Equity Gross Minority Interest": "437,390", "Total Capitalization": "758,783", "Common Stock Equity": "437,390", "Capital Lease Obligations": "9,070", "Net Tangible Assets": "-134,687", "Working Capital": "185,590", "Invested Capital": "758,783", "Tangible Book Value": "-134,687", "Total Debt": "330,463", "Net Debt": "191,850", "Share Issued": "91,935", "Ordinary Shares Number": "91,935"}, "12/31/2019": {"Duration": "12/31/2019", "Total Assets": "1,059,718", "Total Liabilities Net Minority Interest": "842,943", "Total Equity Gross Minority Interest": "216,775", "Total Capitalization": "720,223", "Common Stock Equity": "216,775", "Capital Lease Obligations": "0", "Net Tangible Assets": "-387,002", "Working Capital": "129,880", "Invested Capital": "722,587", "Tangible Book Value": "-387,002", "Total Debt": "505,812", "Net Debt": "457,647", "Share Issued": "91,849", "Ordinary Shares Number": "91,849"}, "12/31/2018": {"Duration": "12/31/2018", "Total Assets": "810,993", "Total Liabilities Net Minority Interest": "648,291", "Total Equity Gross Minority Interest": "162,702", "Total Capitalization": "556,808", "Common Stock Equity": "162,702", "Capital Lease Obligations": "0", "Net Tangible Assets": "-311,789", "Working Capital": "97,199", "Invested Capital": "585,419", "Tangible Book Value": "-311,789", "Total Debt": "422,717", "Net Debt": "397,078", "Share Issued": "91,849", "Ordinary Shares Number": "91,849"}}, "cf": {"TTM": {"Duration": "TTM", "Operating Cash Flow": "194,721", "Investing Cash Flow": "-16,506", "Financing Cash Flow": "-105,637", "End Cash Position": "123,061", "Income Tax Paid Supplemental Data": "7,719", "Interest Paid Supplemental Data": "22,149", "Capital Expenditure": "-13,531", "Issuance of Capital Stock": "-", "Issuance of Debt": "-", "Repayment of Debt": "-217,200", "Repurchase of Capital Stock": "-", "Free Cash Flow": "181,190"}, "12/31/2020": {"Duration": "12/31/2020", "Operating Cash Flow": "168,953", "Investing Cash Flow": "-10,280", "Financing Cash Flow": "-79,131", "End Cash Position": "133,568", "Income Tax Paid Supplemental Data": "13,505", "Interest Paid Supplemental Data": "27,957", "Capital Expenditure": "-8,989", "Issuance of Capital Stock": "118,575", "Issuance of Debt": "0", "Repayment of Debt": "-190,394", "Repurchase of Capital Stock": "0", "Free Cash Flow": "159,964"}, "12/31/2019": {"Duration": "12/31/2019", "Operating Cash Flow": "37,103", "Investing Cash Flow": "-145,427", "Financing Cash Flow": "132,314", "End Cash Position": "51,947", "Income Tax Paid Supplemental Data": "571", "Interest Paid Supplemental Data": "32,842", "Capital Expenditure": "-9,023", "Issuance of Capital Stock": "53,500", "Issuance of Debt": "113,885", "Repayment of Debt": "-3,969", "Repurchase of Capital Stock": "-1,531", "Free Cash Flow": "28,080"}, "12/31/2018": {"Duration": "12/31/2018", "Operating Cash Flow": "422", "Investing Cash Flow": "-38,555", "Financing Cash Flow": "47,354", "End Cash Position": "27,920", "Income Tax Paid Supplemental Data": "6,122", "Interest Paid Supplemental Data": "28,865", "Capital Expenditure": "-8,345", "Issuance of Capital Stock": "0", "Issuance of Debt": "113,575", "Repayment of Debt": "-3,088", "Repurchase of Capital Stock": "0", "Free Cash Flow": "-7,923"}}, "inside": {"Date": ["INSIDER NAME", "TITLE", "DATE", "TRANSATION", "SHARE", "PRICE", "AMOUNT"], "2021-05-20 20:26:24": ["CHEVALIER BERTRAND", "EVP OF GAMING PRODUCTS", "2021-05-18", "OPTION EXERCISE", "125,000", "2.20", "275,000"], "2021-05-12 19:26:59": ["POTTER MICHAEL G", "CHIEF FINANCIAL OFFICER", "2021-05-10", "OPTION EXERCISE", "7,500", "7.78", "58,350"], "2021-05-10 18:22:15": ["LA THI L", "CHIEF OPERATING OFFICER", "2021-05-06", "OPTION EXERCISE", "100,000", "2.20", "220,000"], "2021-04-09 16:32:37": ["WEISENBURGER RANDALL J", "DIRECTIOR", "2021-04-09", "BUY", "58,823", "17.00", "999,991"], "2021-01-27 17:15:35": ["CORSAIR GROUP (CAYMAN), LP", " 10% OWNER", "2021-01-26", "SELL", "8,260,000", "35.00", "289,100,000"], "2021-01-27 17:14:25": ["BAGARIA ANUP", "DIRECTIOR 10% OWNER", "2021-01-26", "SELL", "8,260,000", "35.00", "289,100,000"], "2021-01-27 17:13:21": ["PAUL ANDREW J.", "CHIEF EXECUTIVE OFFICER", "2021-01-26", "SELL", "250,000", "35.00", "8,750,000"], "2021-01-27 17:12:45": ["MAJOROS GEORGE L. JR.", "DIRECTIOR 10% OWNER", "2021-01-26", "SELL", "8,260,000", "35.00", "289,100,000"], "2021-01-27 17:11:52": ["LA THI L", "SEE REMARKS", "2021-01-26", "SELL", "100,000", "35.00", "3,500,000"], "2020-10-09 17:06:59": ["MAJOROS GEORGE L. JR.", "DIRECTIOR 10% OWNER", "2020-10-09", "SELL", "1,135,375", "17.00", "19,301,376"], "2020-10-09 17:04:39": ["BAGARIA ANUP", "DIRECTIOR 10% OWNER", "2020-10-09", "SELL", "1,135,375", "17.00", "19,301,376"], "2020-10-09 16:59:43": ["CORSAIR GROUP (CAYMAN), LP", " 10% OWNER", "2020-10-09", "SELL", "1,135,375", "17.00", "19,301,376"], "2020-09-23 20:24:07": ["MAJOROS GEORGE L. JR.", "DIRECTIOR 10% OWNER", "2020-09-22", "SELL", "6,500,000", "17.00", "110,500,000"], "2020-09-23 20:23:38": ["CORSAIR GROUP (CAYMAN), LP", " 10% OWNER", "2020-09-22", "SELL", "6,500,000", "17.00", "110,500,000"], "2020-09-23 20:21:46": ["BAGARIA ANUP", "DIRECTIOR 10% OWNER", "2020-09-22", "SELL", "6,500,000", "17.00", "110,500,000"]}}}, {"QMCO": {"ks": {"Current": {"Duration": "Current", "Market Cap (intraday) 5": "511.10M", "Enterprise Value 3": "688.10M", "Trailing P/E ": "N/A", "Forward P/E 1": "29.07", "PEG Ratio (5 yr expected) 1": "N/A", "Price/Sales (ttm)": "1.05", "Price/Book (mrq)": "N/A", "Enterprise Value/Revenue 3": "1.99", "Enterprise Value/EBITDA 7": "54.89"}, "12/31/2020": {"Duration": "12/31/2020", "Market Cap (intraday) 5": "254.31M", "Enterprise Value 3": "423.31M", "Trailing P/E ": "N/A", "Forward P/E 1": "N/A", "PEG Ratio (5 yr expected) 1": "N/A", "Price/Sales (ttm)": "0.69", "Price/Book (mrq)": "N/A", "Enterprise Value/Revenue 3": "4.32", "Enterprise Value/EBITDA 7": "63.06"}, "9/30/2020": {"Duration": "9/30/2020", "Market Cap (intraday) 5": "187.40M", "Enterprise Value 3": "345.13M", "Trailing P/E ": "N/A", "Forward P/E 1": "N/A", "PEG Ratio (5 yr expected) 1": "N/A", "Price/Sales (ttm)": "0.48", "Price/Book (mrq)": "N/A", "Enterprise Value/Revenue 3": "4.02", "Enterprise Value/EBITDA 7": "77.00"}, "6/30/2020": {"Duration": "6/30/2020", "Market Cap (intraday) 5": "154.03M", "Enterprise Value 3": "312.58M", "Trailing P/E ": "N/A", "Forward P/E 1": "N/A", "PEG Ratio (5 yr expected) 1": "N/A", "Price/Sales (ttm)": "0.43", "Price/Book (mrq)": "N/A", "Enterprise Value/Revenue 3": "4.26", "Enterprise Value/EBITDA 7": "-120.50"}, "3/31/2020": {"Duration": "3/31/2020", "Market Cap (intraday) 5": "117.72M", "Enterprise Value 3": "274.29M", "Trailing P/E ": "N/A", "Forward P/E 1": "N/A", "PEG Ratio (5 yr expected) 1": "N/A", "Price/Sales (ttm)": "0.26", "Price/Book (mrq)": "N/A", "Enterprise Value/Revenue 3": "3.11", "Enterprise Value/EBITDA 7": "69.72"}, "12/31/2019": {"Duration": "12/31/2019", "Market Cap (intraday) 5": "295.72M", "Enterprise Value 3": "454.82M", "Trailing P/E ": "N/A", "Forward P/E 1": "N/A", "PEG Ratio (5 yr expected) 1": "N/A", "Price/Sales (ttm)": "0.64", "Price/Book (mrq)": "N/A", "Enterprise Value/Revenue 3": "4.40", "Enterprise Value/EBITDA 7": "37.44"}, "9/30/2019": {"Duration": "9/30/2019", "Market Cap (intraday) 5": "209.29M", "Enterprise Value 3": "336.93M", "Trailing P/E ": "N/A", "Forward P/E 1": "N/A", "PEG Ratio (5 yr expected) 1": "N/A", "Price/Sales (ttm)": "0.51", "Price/Book (mrq)": "N/A", "Enterprise Value/Revenue 3": "3.18", "Enterprise Value/EBITDA 7": "63.72"}, "6/30/2019": {"Duration": "6/30/2019", "Market Cap (intraday) 5": "95.51M", "Enterprise Value 3": "213.67M", "Trailing P/E ": "N/A", "Forward P/E 1": "N/A", "PEG Ratio (5 yr expected) 1": "N/A", "Price/Sales (ttm)": "0.19", "Price/Book (mrq)": "N/A", "Enterprise Value/Revenue 3": "2.02", "Enterprise Value/EBITDA 7": "55.38"}, "3/31/2019": {"Duration": "3/31/2019", "Market Cap (intraday) 5": "84.62M", "Enterprise Value 3": "202.78M", "Trailing P/E ": "N/A", "Forward P/E 1": "N/A", "PEG Ratio (5 yr expected) 1": "N/A", "Price/Sales (ttm)": "0.17", "Price/Book (mrq)": "N/A", "Enterprise Value/Revenue 3": "1.96", "Enterprise Value/EBITDA 7": "-10.42"}, "12/31/2018": {"Duration": "12/31/2018", "Market Cap (intraday) 5": "71.11M", "Enterprise Value 3": "189.27M", "Trailing P/E ": "N/A", "Forward P/E 1": "N/A", "PEG Ratio (5 yr expected) 1": "N/A", "Price/Sales (ttm)": "0.14", "Price/Book (mrq)": "N/A", "Enterprise Value/Revenue 3": "1.86", "Enterprise Value/EBITDA 7": "32.91"}, "9/30/2018": {"Duration": "9/30/2018", "Market Cap (intraday) 5": "85.32M", "Enterprise Value 3": "203.48M", "Trailing P/E ": "N/A", "Forward P/E 1": "N/A", "PEG Ratio (5 yr expected) 1": "N/A", "Price/Sales (ttm)": "0.17", "Price/Book (mrq)": "N/A", "Enterprise Value/Revenue 3": "2.26", "Enterprise Value/EBITDA 7": "-13.61"}, "6/30/2018": {"Duration": "6/30/2018", "Market Cap (intraday) 5": "76.28M", "Enterprise Value 3": "194.44M", "Trailing P/E ": "N/A", "Forward P/E 1": "N/A", "PEG Ratio (5 yr expected) 1": "N/A", "Price/Sales (ttm)": "0.16", "Price/Book (mrq)": "N/A", "Enterprise Value/Revenue 3": "1.81", "Enterprise Value/EBITDA 7": "-64.94"}, "3/31/2018": {"Duration": "3/31/2018", "Market Cap (intraday) 5": "126.21M", "Enterprise Value 3": "244.37M", "Trailing P/E ": "N/A", "Forward P/E 1": "N/A", "PEG Ratio (5 yr expected) 1": "N/A", "Price/Sales (ttm)": "0.26", "Price/Book (mrq)": "N/A", "Enterprise Value/Revenue 3": "2.56", "Enterprise Value/EBITDA 7": "-9.84"}, "12/31/2017": {"Duration": "12/31/2017", "Market Cap (intraday) 5": "195.21M", "Enterprise Value 3": "313.37M", "Trailing P/E ": "N/A", "Forward P/E 1": "4.50", "PEG Ratio (5 yr expected) 1": "N/A", "Price/Sales (ttm)": "0.41", "Price/Book (mrq)": "N/A", "Enterprise Value/Revenue 3": "2.70", "Enterprise Value/EBITDA 7": "-77.72"}, "9/30/2017": {"Duration": "9/30/2017", "Market Cap (intraday) 5": "210.97M", "Enterprise Value 3": "325.45M", "Trailing P/E ": "55.64", "Forward P/E 1": "12.24", "PEG Ratio (5 yr expected) 1": "N/A", "Price/Sales (ttm)": "0.42", "Price/Book (mrq)": "N/A", "Enterprise Value/Revenue 3": "3.04", "Enterprise Value/EBITDA 7": "-93.25"}, "6/30/2017": {"Duration": "6/30/2017", "Market Cap (intraday) 5": "266.33M", "Enterprise Value 3": "381.23M", "Trailing P/E ": "71.00", "Forward P/E 1": "11.00", "PEG Ratio (5 yr expected) 1": "N/A", "Price/Sales (ttm)": "0.53", "Price/Book (mrq)": "N/A", "Enterprise Value/Revenue 3": "3.26", "Enterprise Value/EBITDA 7": "-350.39"}, "3/31/2017": {"Duration": "3/31/2017", "Market Cap (intraday) 5": "237.08M", "Enterprise Value 3": "350.94M", "Trailing P/E ": "N/A", "Forward P/E 1": "9.67", "PEG Ratio (5 yr expected) 1": "N/A", "Price/Sales (ttm)": "0.47", "Price/Book (mrq)": "N/A", "Enterprise Value/Revenue 3": "2.90", "Enterprise Value/EBITDA 7": "145.50"}, "12/31/2016": {"Duration": "12/31/2016", "Market Cap (intraday) 5": "225.65M", "Enterprise Value 3": "325.86M", "Trailing P/E ": "N/A", "Forward P/E 1": "9.24", "PEG Ratio (5 yr expected) 1": "N/A", "Price/Sales (ttm)": "0.45", "Price/Book (mrq)": "N/A", "Enterprise Value/Revenue 3": "2.44", "Enterprise Value/EBITDA 7": "35.84"}, "9/30/2016": {"Duration": "9/30/2016", "Market Cap (intraday) 5": "199.64M", "Enterprise Value 3": "296.26M", "Trailing P/E ": "N/A", "Forward P/E 1": "36.76", "PEG Ratio (5 yr expected) 1": "N/A", "Price/Sales (ttm)": "0.40", "Price/Book (mrq)": "N/A", "Enterprise Value/Revenue 3": "2.20", "Enterprise Value/EBITDA 7": "44.01"}, "6/30/2016": {"Duration": "6/30/2016", "Market Cap (intraday) 5": "111.92M", "Enterprise Value 3": "213.01M", "Trailing P/E ": "N/A", "Forward P/E 1": "14.01", "PEG Ratio (5 yr expected) 1": "N/A", "Price/Sales (ttm)": "0.23", "Price/Book (mrq)": "N/A", "Enterprise Value/Revenue 3": "1.83", "Enterprise Value/EBITDA 7": "-444.70"}, "3/31/2016": {"Duration": "3/31/2016", "Market Cap (intraday) 5": "162.39M", "Enterprise Value 3": "267.53M", "Trailing P/E ": "N/A", "Forward P/E 1": "12.20", "PEG Ratio (5 yr expected) 1": "N/A", "Price/Sales (ttm)": "0.32", "Price/Book (mrq)": "N/A", "Enterprise Value/Revenue 3": "2.23", "Enterprise Value/EBITDA 7": "-5.43"}, "12/31/2015": {"Duration": "12/31/2015", "Market Cap (intraday) 5": "245.65M", "Enterprise Value 3": "352.10M", "Trailing P/E ": "N/A", "Forward P/E 1": "N/A", "PEG Ratio (5 yr expected) 1": "N/A", "Price/Sales (ttm)": "0.47", "Price/Book (mrq)": "N/A", "Enterprise Value/Revenue 3": "2.75", "Enterprise Value/EBITDA 7": "111.07"}, "9/30/2015": {"Duration": "9/30/2015", "Market Cap (intraday) 5": "184.01M", "Enterprise Value 3": "282.74M", "Trailing P/E ": "17.43", "Forward P/E 1": "N/A", "PEG Ratio (5 yr expected) 1": "N/A", "Price/Sales (ttm)": "0.34", "Price/Book (mrq)": "N/A", "Enterprise Value/Revenue 3": "2.42", "Enterprise Value/EBITDA 7": "-39.19"}, "6/30/2015": {"Duration": "6/30/2015", "Market Cap (intraday) 5": "434.62M", "Enterprise Value 3": "520.41M", "Trailing P/E ": "28.00", "Forward P/E 1": "20.96", "PEG Ratio (5 yr expected) 1": "N/A", "Price/Sales (ttm)": "0.79", "Price/Book (mrq)": "N/A", "Enterprise Value/Revenue 3": "4.69", "Enterprise Value/EBITDA 7": "-78.40"}, "3/31/2015": {"Duration": "3/31/2015", "Market Cap (intraday) 5": "413.13M", "Enterprise Value 3": "509.88M", "Trailing P/E ": "N/A", "Forward P/E 1": "12.30", "PEG Ratio (5 yr expected) 1": "0.62", "Price/Sales (ttm)": "0.77", "Price/Book (mrq)": "N/A", "Enterprise Value/Revenue 3": "3.45", "Enterprise Value/EBITDA 7": "30.24"}, "12/31/2014": {"Duration": "12/31/2014", "Market Cap (intraday) 5": "450.99M", "Enterprise Value 3": "549.69M", "Trailing P/E ": "N/A", "Forward P/E 1": "29.33", "PEG Ratio (5 yr expected) 1": "1.47", "Price/Sales (ttm)": "0.82", "Price/Book (mrq)": "N/A", "Enterprise Value/Revenue 3": "3.87", "Enterprise Value/EBITDA 7": "45.89"}, "9/30/2014": {"Duration": "9/30/2014", "Market Cap (intraday) 5": "296.36M", "Enterprise Value 3": "395.63M", "Trailing P/E ": "N/A", "Forward P/E 1": "36.23", "PEG Ratio (5 yr expected) 1": "1.81", "Price/Sales (ttm)": "0.54", "Price/Book (mrq)": "N/A", "Enterprise Value/Revenue 3": "2.93", "Enterprise Value/EBITDA 7": "54.37"}, "6/30/2014": {"Duration": "6/30/2014", "Market Cap (intraday) 5": "305.99M", "Enterprise Value 3": "410.60M", "Trailing P/E ": "N/A", "Forward P/E 1": "84.03", "PEG Ratio (5 yr expected) 1": "4.21", "Price/Sales (ttm)": "0.54", "Price/Book (mrq)": "N/A", "Enterprise Value/Revenue 3": "3.20", "Enterprise Value/EBITDA 7": "146.64"}, "3/31/2014": {"Duration": "3/31/2014", "Market Cap (intraday) 5": "305.50M", "Enterprise Value 3": "430.39M", "Trailing P/E ": "N/A", "Forward P/E 1": "35.34", "PEG Ratio (5 yr expected) 1": "1.77", "Price/Sales (ttm)": "0.53", "Price/Book (mrq)": "N/A", "Enterprise Value/Revenue 3": "3.37", "Enterprise Value/EBITDA 7": "-62.03"}, "12/31/2013": {"Duration": "12/31/2013", "Market Cap (intraday) 5": "297.86M", "Enterprise Value 3": "429.04M", "Trailing P/E ": "N/A", "Forward P/E 1": "N/A", "PEG Ratio (5 yr expected) 1": "N/A", "Price/Sales (ttm)": "0.51", "Price/Book (mrq)": "N/A", "Enterprise Value/Revenue 3": "2.94", "Enterprise Value/EBITDA 7": "77.84"}, "9/30/2013": {"Duration": "9/30/2013", "Market Cap (intraday) 5": "342.11M", "Enterprise Value 3": "470.38M", "Trailing P/E ": "N/A", "Forward P/E 1": "34.72", "PEG Ratio (5 yr expected) 1": "1.74", "Price/Sales (ttm)": "0.56", "Price/Book (mrq)": "N/A", "Enterprise Value/Revenue 3": "3.58", "Enterprise Value/EBITDA 7": "1.06k"}, "6/30/2013": {"Duration": "6/30/2013", "Market Cap (intraday) 5": "333.46M", "Enterprise Value 3": "469.49M", "Trailing P/E ": "N/A", "Forward P/E 1": "N/A", "PEG Ratio (5 yr expected) 1": "N/A", "Price/Sales (ttm)": "0.56", "Price/Book (mrq)": "N/A", "Enterprise Value/Revenue 3": "3.17", "Enterprise Value/EBITDA 7": "40.03"}, "3/31/2013": {"Duration": "3/31/2013", "Market Cap (intraday) 5": "308.43M", "Enterprise Value 3": "462.09M", "Trailing P/E ": "N/A", "Forward P/E 1": "N/A", "PEG Ratio (5 yr expected) 1": "N/A", "Price/Sales (ttm)": "0.50", "Price/Book (mrq)": "N/A", "Enterprise Value/Revenue 3": "3.30", "Enterprise Value/EBITDA 7": "-72.72"}, "12/31/2012": {"Duration": "12/31/2012", "Market Cap (intraday) 5": "298.69M", "Enterprise Value 3": "452.35M", "Trailing P/E ": "N/A", "Forward P/E 1": "N/A", "PEG Ratio (5 yr expected) 1": "N/A", "Price/Sales (ttm)": "0.49", "Price/Book (mrq)": "N/A", "Enterprise Value/Revenue 3": "2.84", "Enterprise Value/EBITDA 7": "663.27"}, "9/30/2012": {"Duration": "9/30/2012", "Market Cap (intraday) 5": "387.20M", "Enterprise Value 3": "525.43M", "Trailing P/E ": "N/A", "Forward P/E 1": "N/A", "PEG Ratio (5 yr expected) 1": "N/A", "Price/Sales (ttm)": "0.59", "Price/Book (mrq)": "N/A", "Enterprise Value/Revenue 3": "3.57", "Enterprise Value/EBITDA 7": "-177.03"}, "6/30/2012": {"Duration": "6/30/2012", "Market Cap (intraday) 5": "480.50M", "Enterprise Value 3": "613.74M", "Trailing P/E ": "N/A", "Forward P/E 1": "16.10", "PEG Ratio (5 yr expected) 1": "0.81", "Price/Sales (ttm)": "0.72", "Price/Book (mrq)": "N/A", "Enterprise Value/Revenue 3": "4.36", "Enterprise Value/EBITDA 7": "-85.04"}, "3/31/2012": {"Duration": "3/31/2012", "Market Cap (intraday) 5": "613.87M", "Enterprise Value 3": "758.25M", "Trailing P/E ": "N/A", "Forward P/E 1": "18.21", "PEG Ratio (5 yr expected) 1": "1.04", "Price/Sales (ttm)": "0.95", "Price/Book (mrq)": "N/A", "Enterprise Value/Revenue 3": "4.73", "Enterprise Value/EBITDA 7": "-1.09k"}, "12/31/2011": {"Duration": "12/31/2011", "Market Cap (intraday) 5": "560.88M", "Enterprise Value 3": "718.23M", "Trailing P/E ": "240.00", "Forward P/E 1": "11.25", "PEG Ratio (5 yr expected) 1": "0.64", "Price/Sales (ttm)": "0.85", "Price/Book (mrq)": "N/A", "Enterprise Value/Revenue 3": "4.14", "Enterprise Value/EBITDA 7": "48.05"}, "9/30/2011": {"Duration": "9/30/2011", "Market Cap (intraday) 5": "422.63M", "Enterprise Value 3": "579.98M", "Trailing P/E ": "181.00", "Forward P/E 1": "10.29", "PEG Ratio (5 yr expected) 1": "0.59", "Price/Sales (ttm)": "0.64", "Price/Book (mrq)": "N/A", "Enterprise Value/Revenue 3": "3.51", "Enterprise Value/EBITDA 7": "36.93"}, "6/30/2011": {"Duration": "6/30/2011", "Market Cap (intraday) 5": "759.39M", "Enterprise Value 3": "784.63M", "Trailing P/E ": "330.00", "Forward P/E 1": "13.37", "PEG Ratio (5 yr expected) 1": "0.76", "Price/Sales (ttm)": "1.16", "Price/Book (mrq)": "N/A", "Enterprise Value/Revenue 3": "5.11", "Enterprise Value/EBITDA 7": "100.81"}, "3/31/2011": {"Duration": "3/31/2011", "Market Cap (intraday) 5": "572.82M", "Enterprise Value 3": "736.15M", "Trailing P/E ": "126.00", "Forward P/E 1": "10.08", "PEG Ratio (5 yr expected) 1": "0.58", "Price/Sales (ttm)": "0.86", "Price/Book (mrq)": "N/A", "Enterprise Value/Revenue 3": "4.46", "Enterprise Value/EBITDA 7": "67.01"}, "12/31/2010": {"Duration": "12/31/2010", "Market Cap (intraday) 5": "837.12M", "Enterprise Value 3": "1.03B", "Trailing P/E ": "372.00", "Forward P/E 1": "9.92", "PEG Ratio (5 yr expected) 1": "0.57", "Price/Sales (ttm)": "1.26", "Price/Book (mrq)": "N/A", "Enterprise Value/Revenue 3": "5.82", "Enterprise Value/EBITDA 7": "53.29"}, "9/30/2010": {"Duration": "9/30/2010", "Market Cap (intraday) 5": "465.77M", "Enterprise Value 3": "676.40M", "Trailing P/E ": "N/A", "Forward P/E 1": "N/A", "PEG Ratio (5 yr expected) 1": "N/A", "Price/Sales (ttm)": "0.70", "Price/Book (mrq)": "N/A", "Enterprise Value/Revenue 3": "4.03", "Enterprise Value/EBITDA 7": "33.53"}, "6/30/2010": {"Duration": "6/30/2010", "Market Cap (intraday) 5": "406.16M", "Enterprise Value 3": "638.28M", "Trailing P/E ": "62.67", "Forward P/E 1": "N/A", "PEG Ratio (5 yr expected) 1": "N/A", "Price/Sales (ttm)": "0.61", "Price/Book (mrq)": "N/A", "Enterprise Value/Revenue 3": "3.91", "Enterprise Value/EBITDA 7": "39.22"}, "3/31/2010": {"Duration": "3/31/2010", "Market Cap (intraday) 5": "565.31M", "Enterprise Value 3": "780.24M", "Trailing P/E ": "131.50", "Forward P/E 1": "N/A", "PEG Ratio (5 yr expected) 1": "N/A", "Price/Sales (ttm)": "0.86", "Price/Book (mrq)": "N/A", "Enterprise Value/Revenue 3": "4.74", "Enterprise Value/EBITDA 7": "52.60"}, "12/31/2009": {"Duration": "12/31/2009", "Market Cap (intraday) 5": "627.49M", "Enterprise Value 3": "857.14M", "Trailing P/E ": "N/A", "Forward P/E 1": "N/A", "PEG Ratio (5 yr expected) 1": "N/A", "Price/Sales (ttm)": "0.94", "Price/Book (mrq)": "N/A", "Enterprise Value/Revenue 3": "4.72", "Enterprise Value/EBITDA 7": "35.54"}, "9/30/2009": {"Duration": "9/30/2009", "Market Cap (intraday) 5": "268.33M", "Enterprise Value 3": "514.39M", "Trailing P/E ": "N/A", "Forward P/E 1": "N/A", "PEG Ratio (5 yr expected) 1": "N/A", "Price/Sales (ttm)": "0.39", "Price/Book (mrq)": "N/A", "Enterprise Value/Revenue 3": "2.94", "Enterprise Value/EBITDA 7": "16.92"}, "6/30/2009": {"Duration": "6/30/2009", "Market Cap (intraday) 5": "174.59M", "Enterprise Value 3": "452.39M", "Trailing P/E ": "N/A", "Forward P/E 1": "N/A", "PEG Ratio (5 yr expected) 1": "N/A", "Price/Sales (ttm)": "0.24", "Price/Book (mrq)": "N/A", "Enterprise Value/Revenue 3": "2.82", "Enterprise Value/EBITDA 7": "18.37"}, "3/31/2009": {"Duration": "3/31/2009", "Market Cap (intraday) 5": "140.83M", "Enterprise Value 3": "461.53M", "Trailing P/E ": "N/A", "Forward P/E 1": "N/A", "PEG Ratio (5 yr expected) 1": "N/A", "Price/Sales (ttm)": "0.17", "Price/Book (mrq)": "N/A", "Enterprise Value/Revenue 3": "2.75", "Enterprise Value/EBITDA 7": "96.96"}, "12/31/2008": {"Duration": "12/31/2008", "Market Cap (intraday) 5": "75.64M", "Enterprise Value 3": "433.40M", "Trailing P/E ": "N/A", "Forward P/E 1": "N/A", "PEG Ratio (5 yr expected) 1": "N/A", "Price/Sales (ttm)": "0.09", "Price/Book (mrq)": "N/A", "Enterprise Value/Revenue 3": "2.13", "Enterprise Value/EBITDA 7": "-1.37"}, "9/30/2008": {"Duration": "9/30/2008", "Market Cap (intraday) 5": "220.57M", "Enterprise Value 3": "597.39M", "Trailing P/E ": "N/A", "Forward P/E 1": "N/A", "PEG Ratio (5 yr expected) 1": "N/A", "Price/Sales (ttm)": "0.24", "Price/Book (mrq)": "1.01", "Enterprise Value/Revenue 3": "2.77", "Enterprise Value/EBITDA 7": "22.71"}, "6/30/2008": {"Duration": "6/30/2008", "Market Cap (intraday) 5": "279.41M", "Enterprise Value 3": "661.92M", "Trailing P/E ": "N/A", "Forward P/E 1": "N/A", "PEG Ratio (5 yr expected) 1": "N/A", "Price/Sales (ttm)": "0.29", "Price/Book (mrq)": "1.29", "Enterprise Value/Revenue 3": "2.98", "Enterprise Value/EBITDA 7": "45.51"}, "3/31/2008": {"Duration": "3/31/2008", "Market Cap (intraday) 5": "442.82M", "Enterprise Value 3": "849.18M", "Trailing P/E ": "N/A", "Forward P/E 1": "N/A", "PEG Ratio (5 yr expected) 1": "N/A", "Price/Sales (ttm)": "0.44", "Price/Book (mrq)": "1.94", "Enterprise Value/Revenue 3": "3.71", "Enterprise Value/EBITDA 7": "56.15"}, "12/31/2007": {"Duration": "12/31/2007", "Market Cap (intraday) 5": "552.77M", "Enterprise Value 3": "989.35M", "Trailing P/E ": "N/A", "Forward P/E 1": "N/A", "PEG Ratio (5 yr expected) 1": "N/A", "Price/Sales (ttm)": "0.53", "Price/Book (mrq)": "2.35", "Enterprise Value/Revenue 3": "3.92", "Enterprise Value/EBITDA 7": "33.21"}, "9/30/2007": {"Duration": "9/30/2007", "Market Cap (intraday) 5": "693.94M", "Enterprise Value 3": "1.15B", "Trailing P/E ": "N/A", "Forward P/E 1": "N/A", "PEG Ratio (5 yr expected) 1": "N/A", "Price/Sales (ttm)": "0.63", "Price/Book (mrq)": "2.91", "Enterprise Value/Revenue 3": "4.63", "Enterprise Value/EBITDA 7": "33.53"}, "6/30/2007": {"Duration": "6/30/2007", "Market Cap (intraday) 5": "633.68M", "Enterprise Value 3": "1.06B", "Trailing P/E ": "N/A", "Forward P/E 1": "N/A", "PEG Ratio (5 yr expected) 1": "N/A", "Price/Sales (ttm)": "0.60", "Price/Book (mrq)": "2.49", "Enterprise Value/Revenue 3": "4.32", "Enterprise Value/EBITDA 7": "48.06"}, "3/31/2007": {"Duration": "3/31/2007", "Market Cap (intraday) 5": "537.84M", "Enterprise Value 3": "1.04B", "Trailing P/E ": "N/A", "Forward P/E 1": "N/A", "PEG Ratio (5 yr expected) 1": "N/A", "Price/Sales (ttm)": "0.54", "Price/Book (mrq)": "2.01", "Enterprise Value/Revenue 3": "3.73", "Enterprise Value/EBITDA 7": "40.22"}, "12/31/2006": {"Duration": "12/31/2006", "Market Cap (intraday) 5": "453.39M", "Enterprise Value 3": "959.00M", "Trailing P/E ": "N/A", "Forward P/E 1": "N/A", "PEG Ratio (5 yr expected) 1": "N/A", "Price/Sales (ttm)": "0.50", "Price/Book (mrq)": "1.67", "Enterprise Value/Revenue 3": "3.18", "Enterprise Value/EBITDA 7": "30.61"}, "9/30/2006": {"Duration": "9/30/2006", "Market Cap (intraday) 5": "420.91M", "Enterprise Value 3": "368.75M", "Trailing P/E ": "N/A", "Forward P/E 1": "N/A", "PEG Ratio (5 yr expected) 1": "N/A", "Price/Sales (ttm)": "0.50", "Price/Book (mrq)": "1.49", "Enterprise Value/Revenue 3": "1.47", "Enterprise Value/EBITDA 7": "17.99"}, "6/30/2006": {"Duration": "6/30/2006", "Market Cap (intraday) 5": "494.76M", "Enterprise Value 3": "442.60M", "Trailing P/E ": "N/A", "Forward P/E 1": "N/A", "PEG Ratio (5 yr expected) 1": "N/A", "Price/Sales (ttm)": "0.60", "Price/Book (mrq)": "1.75", "Enterprise Value/Revenue 3": "2.37", "Enterprise Value/EBITDA 7": "62.46"}, "3/31/2006": {"Duration": "3/31/2006", "Market Cap (intraday) 5": "706.26M", "Enterprise Value 3": "642.99M", "Trailing P/E ": "N/A", "Forward P/E 1": "N/A", "PEG Ratio (5 yr expected) 1": "N/A", "Price/Sales (ttm)": "0.83", "Price/Book (mrq)": "2.51", "Enterprise Value/Revenue 3": "3.13", "Enterprise Value/EBITDA 7": "62.91"}, "12/31/2005": {"Duration": "12/31/2005", "Market Cap (intraday) 5": "571.26M", "Enterprise Value 3": "504.25M", "Trailing P/E ": "N/A", "Forward P/E 1": "N/A", "PEG Ratio (5 yr expected) 1": "N/A", "Price/Sales (ttm)": "0.65", "Price/Book (mrq)": "1.94", "Enterprise Value/Revenue 3": "2.31", "Enterprise Value/EBITDA 7": "29.01"}, "9/30/2005": {"Duration": "9/30/2005", "Market Cap (intraday) 5": "568.27M", "Enterprise Value 3": "501.25M", "Trailing P/E ": "N/A", "Forward P/E 1": "N/A", "PEG Ratio (5 yr expected) 1": "N/A", "Price/Sales (ttm)": "0.66", "Price/Book (mrq)": "1.93", "Enterprise Value/Revenue 3": "2.46", "Enterprise Value/EBITDA 7": "-146.31"}, "6/30/2005": {"Duration": "6/30/2005", "Market Cap (intraday) 5": "547.07M", "Enterprise Value 3": "469.27M", "Trailing P/E ": "297.00", "Forward P/E 1": "N/A", "PEG Ratio (5 yr expected) 1": "N/A", "Price/Sales (ttm)": "0.65", "Price/Book (mrq)": "1.79", "Enterprise Value/Revenue 3": "2.27", "Enterprise Value/EBITDA 7": "68.09"}, "3/31/2005": {"Duration": "3/31/2005", "Market Cap (intraday) 5": "535.08M", "Enterprise Value 3": "444.94M", "Trailing P/E ": "N/A", "Forward P/E 1": "N/A", "PEG Ratio (5 yr expected) 1": "N/A", "Price/Sales (ttm)": "0.66", "Price/Book (mrq)": "1.72", "Enterprise Value/Revenue 3": "1.85", "Enterprise Value/EBITDA 7": "47.50"}, "12/31/2004": {"Duration": "12/31/2004", "Market Cap (intraday) 5": "480.51M", "Enterprise Value 3": "352.33M", "Trailing P/E ": "N/A", "Forward P/E 1": "N/A", "PEG Ratio (5 yr expected) 1": "N/A", "Price/Sales (ttm)": "0.62", "Price/Book (mrq)": "1.55", "Enterprise Value/Revenue 3": "1.75", "Enterprise Value/EBITDA 7": "24.23"}, "9/30/2004": {"Duration": "9/30/2004", "Market Cap (intraday) 5": "420.19M", "Enterprise Value 3": "292.27M", "Trailing P/E ": "N/A", "Forward P/E 1": "N/A", "PEG Ratio (5 yr expected) 1": "N/A", "Price/Sales (ttm)": "0.54", "Price/Book (mrq)": "1.43", "Enterprise Value/Revenue 3": "1.62", "Enterprise Value/EBITDA 7": "62.45"}, "6/30/2004": {"Duration": "6/30/2004", "Market Cap (intraday) 5": "563.89M", "Enterprise Value 3": "455.14M", "Trailing P/E ": "N/A", "Forward P/E 1": "N/A", "PEG Ratio (5 yr expected) 1": "N/A", "Price/Sales (ttm)": "0.71", "Price/Book (mrq)": "1.90", "Enterprise Value/Revenue 3": "2.64", "Enterprise Value/EBITDA 7": "104.77"}, "3/31/2004": {"Duration": "3/31/2004", "Market Cap (intraday) 5": "667.18M", "Enterprise Value 3": "562.31M", "Trailing P/E ": "N/A", "Forward P/E 1": "N/A", "PEG Ratio (5 yr expected) 1": "N/A", "Price/Sales (ttm)": "0.81", "Price/Book (mrq)": "2.18", "Enterprise Value/Revenue 3": "2.73", "Enterprise Value/EBITDA 7": "120.69"}, "12/31/2003": {"Duration": "12/31/2003", "Market Cap (intraday) 5": "561.60M", "Enterprise Value 3": "467.60M", "Trailing P/E ": "N/A", "Forward P/E 1": "N/A", "PEG Ratio (5 yr expected) 1": "N/A", "Price/Sales (ttm)": "0.65", "Price/Book (mrq)": "1.80", "Enterprise Value/Revenue 3": "2.28", "Enterprise Value/EBITDA 7": "37.40"}, "9/30/2003": {"Duration": "9/30/2003", "Market Cap (intraday) 5": "548.24M", "Enterprise Value 3": "436.43M", "Trailing P/E ": "N/A", "Forward P/E 1": "N/A", "PEG Ratio (5 yr expected) 1": "N/A", "Price/Sales (ttm)": "0.61", "Price/Book (mrq)": "1.74", "Enterprise Value/Revenue 3": "2.24", "Enterprise Value/EBITDA 7": "138.68"}, "6/30/2003": {"Duration": "6/30/2003", "Market Cap (intraday) 5": "716.85M", "Enterprise Value 3": "695.14M", "Trailing P/E ": "N/A", "Forward P/E 1": "N/A", "PEG Ratio (5 yr expected) 1": "N/A", "Price/Sales (ttm)": "0.77", "Price/Book (mrq)": "2.05", "Enterprise Value/Revenue 3": "3.44", "Enterprise Value/EBITDA 7": "68.28"}, "3/31/2003": {"Duration": "3/31/2003", "Market Cap (intraday) 5": "633.38M", "Enterprise Value 3": "602.09M", "Trailing P/E ": "N/A", "Forward P/E 1": "N/A", "PEG Ratio (5 yr expected) 1": "N/A", "Price/Sales (ttm)": "0.67", "Price/Book (mrq)": "1.78", "Enterprise Value/Revenue 3": "2.56", "Enterprise Value/EBITDA 7": "32.34"}, "12/31/2002": {"Duration": "12/31/2002", "Market Cap (intraday) 5": "461.11M", "Enterprise Value 3": "432.77M", "Trailing P/E ": "N/A", "Forward P/E 1": "N/A", "PEG Ratio (5 yr expected) 1": "N/A", "Price/Sales (ttm)": "0.46", "Price/Book (mrq)": "1.33", "Enterprise Value/Revenue 3": "1.89", "Enterprise Value/EBITDA 7": "54.93"}, "9/30/2002": {"Duration": "9/30/2002", "Market Cap (intraday) 5": "349.33M", "Enterprise Value 3": "331.01M", "Trailing P/E ": "N/A", "Forward P/E 1": "N/A", "PEG Ratio (5 yr expected) 1": "N/A", "Price/Sales (ttm)": "0.36", "Price/Book (mrq)": "1.10", "Enterprise Value/Revenue 3": "1.62", "Enterprise Value/EBITDA 7": "-4.36"}, "6/30/2002": {"Duration": "6/30/2002", "Market Cap (intraday) 5": "661.97M", "Enterprise Value 3": "646.40M", "Trailing P/E ": "N/A", "Forward P/E 1": "N/A", "PEG Ratio (5 yr expected) 1": "N/A", "Price/Sales (ttm)": "0.60", "Price/Book (mrq)": "1.18", "Enterprise Value/Revenue 3": "3.06", "Enterprise Value/EBITDA 7": "-55.98"}, "3/31/2002": {"Duration": "3/31/2002", "Market Cap (intraday) 5": "1.25B", "Enterprise Value 3": "1.21B", "Trailing P/E ": "N/A", "Forward P/E 1": "N/A", "PEG Ratio (5 yr expected) 1": "N/A", "Price/Sales (ttm)": "1.07", "Price/Book (mrq)": "2.15", "Enterprise Value/Revenue 3": "5.01", "Enterprise Value/EBITDA 7": "-43.67"}, "12/31/2001": {"Duration": "12/31/2001", "Market Cap (intraday) 5": "1.53B", "Enterprise Value 3": "1.50B", "Trailing P/E ": "N/A", "Forward P/E 1": "N/A", "PEG Ratio (5 yr expected) 1": "N/A", "Price/Sales (ttm)": "1.32", "Price/Book (mrq)": "2.63", "Enterprise Value/Revenue 3": "5.28", "Enterprise Value/EBITDA 7": "54.39"}, "9/30/2001": {"Duration": "9/30/2001", "Market Cap (intraday) 5": "1.27B", "Enterprise Value 3": "1.23B", "Trailing P/E ": "15.40", "Forward P/E 1": "N/A", "PEG Ratio (5 yr expected) 1": "N/A", "Price/Sales (ttm)": "0.96", "Price/Book (mrq)": "2.05", "Enterprise Value/Revenue 3": "4.35", "Enterprise Value/EBITDA 7": "-1.37k"}, "6/30/2001": {"Duration": "6/30/2001", "Market Cap (intraday) 5": "1.57B", "Enterprise Value 3": "1.46B", "Trailing P/E ": "9.34", "Forward P/E 1": "N/A", "PEG Ratio (5 yr expected) 1": "N/A", "Price/Sales (ttm)": "1.12", "Price/Book (mrq)": "1.21", "Enterprise Value/Revenue 3": "5.21", "Enterprise Value/EBITDA 7": "-91.21"}, "3/31/2001": {"Duration": "3/31/2001", "Market Cap (intraday) 5": "1.76B", "Enterprise Value 3": "1.60B", "Trailing P/E ": "241.77", "Forward P/E 1": "N/A", "PEG Ratio (5 yr expected) 1": "N/A", "Price/Sales (ttm)": "1.20", "Price/Book (mrq)": "2.88", "Enterprise Value/Revenue 3": "5.19", "Enterprise Value/EBITDA 7": "7.60"}, "12/31/2000": {"Duration": "12/31/2000", "Market Cap (intraday) 5": "2.01B", "Enterprise Value 3": "1.91B", "Trailing P/E ": "253.88", "Forward P/E 1": "N/A", "PEG Ratio (5 yr expected) 1": "N/A", "Price/Sales (ttm)": "1.36", "Price/Book (mrq)": "3.62", "Enterprise Value/Revenue 3": "5.17", "Enterprise Value/EBITDA 7": "21.05"}, "9/30/2000": {"Duration": "9/30/2000", "Market Cap (intraday) 5": "2.24B", "Enterprise Value 3": "2.20B", "Trailing P/E ": "N/A", "Forward P/E 1": "N/A", "PEG Ratio (5 yr expected) 1": "N/A", "Price/Sales (ttm)": "1.54", "Price/Book (mrq)": "4.23", "Enterprise Value/Revenue 3": "6.07", "Enterprise Value/EBITDA 7": "25.38"}, "6/30/2000": {"Duration": "6/30/2000", "Market Cap (intraday) 5": "1.44B", "Enterprise Value 3": "1.40B", "Trailing P/E ": "N/A", "Forward P/E 1": "N/A", "PEG Ratio (5 yr expected) 1": "N/A", "Price/Sales (ttm)": "0.99", "Price/Book (mrq)": "2.72", "Enterprise Value/Revenue 3": "3.82", "Enterprise Value/EBITDA 7": "16.65"}, "3/31/2000": {"Duration": "3/31/2000", "Market Cap (intraday) 5": "1.80B", "Enterprise Value 3": "1.68B", "Trailing P/E ": "N/A", "Forward P/E 1": "N/A", "PEG Ratio (5 yr expected) 1": "N/A", "Price/Sales (ttm)": "1.39", "Price/Book (mrq)": "3.03", "Enterprise Value/Revenue 3": "4.59", "Enterprise Value/EBITDA 7": "17.84"}, "12/31/1999": {"Duration": "12/31/1999", "Market Cap (intraday) 5": "2.43B", "Enterprise Value 3": "2.36B", "Trailing P/E ": "14.06", "Forward P/E 1": "N/A", "PEG Ratio (5 yr expected) 1": "N/A", "Price/Sales (ttm)": "N/A", "Price/Book (mrq)": "3.99", "Enterprise Value/Revenue 3": "6.45", "Enterprise Value/EBITDA 7": "22.81"}, "9/30/1999": {"Duration": "9/30/1999", "Market Cap (intraday) 5": "2.32B", "Enterprise Value 3": "2.24B", "Trailing P/E ": "123.30", "Forward P/E 1": "N/A", "PEG Ratio (5 yr expected) 1": "N/A", "Price/Sales (ttm)": "N/A", "Price/Book (mrq)": "3.56", "Enterprise Value/Revenue 3": "6.27", "Enterprise Value/EBITDA 7": "19.99"}}, "fin": {"TTM": {"Duration": "TTM", "Total Revenue": "345,364", "Cost of Revenue": "197,416", "Gross Profit": "147,948", "Operating Expense": "136,430", "Operating Income": "11,518", "Net Non Operating Interest Income Expense": "-28,094", "Other Income Expense": "-4,049", "Pretax Income": "-20,625", "Tax Provision": "1,209", "Net Income Common Stockholders": "-21,834", "Diluted NI Available to Com Stockholders": "-21,834", "Basic EPS": "-", "Diluted EPS": "-", "Basic Average Shares": "-", "Diluted Average Shares": "-", "Total Operating Income as Reported": "8,679", "Total Expenses": "333,846", "Net Income from Continuing & Discontinued Operation": "-21,834", "Normalized Income": "-19,762", "Interest Income": "-", "Interest Expense": "28,094", "Net Interest Income": "-28,094", "EBIT": "7,469", "EBITDA": "12,535", "Reconciled Cost of Revenue": "197,416", "Reconciled Depreciation": "5,066", "Net Income from Continuing Operation Net Minority Interest": "-21,834", "Total Unusual Items Excluding Goodwill": "-2,839", "Total Unusual Items": "-2,839", "Normalized EBITDA": "15,374", "Tax Rate for Calcs": "0", "Tax Effect of Unusual Items": "-766.53"}, "3/31/2020": {"Duration": "3/31/2020", "Total Revenue": "402,949", "Cost of Revenue": "230,441", "Gross Profit": "172,508", "Operating Expense": "150,282", "Operating Income": "22,226", "Net Non Operating Interest Income Expense": "-25,350", "Other Income Expense": "-1,283", "Pretax Income": "-4,407", "Tax Provision": "803", "Net Income Common Stockholders": "-5,210", "Diluted NI Available to Com Stockholders": "-5,210", "Basic EPS": "-0.14", "Diluted EPS": "-0.14", "Basic Average Shares": "37,593", "Diluted Average Shares": "45,059", "Total Operating Income as Reported": "21,204", "Total Expenses": "380,723", "Net Income from Continuing & Discontinued Operation": "-5,210", "Normalized Income": "-4,464", "Interest Income": "-", "Interest Expense": "25,350", "Net Interest Income": "-25,350", "EBIT": "20,943", "EBITDA": "-", "Reconciled Cost of Revenue": "230,441", "Reconciled Depreciation": "4,287", "Net Income from Continuing Operation Net Minority Interest": "-5,210", "Total Unusual Items Excluding Goodwill": "-1,022", "Total Unusual Items": "-1,022", "Normalized EBITDA": "26,252", "Tax Rate for Calcs": "0", "Tax Effect of Unusual Items": "-275.94"}, "3/31/2019": {"Duration": "3/31/2019", "Total Revenue": "402,680", "Cost of Revenue": "235,066", "Gross Profit": "167,614", "Operating Expense": "166,790", "Operating Income": "824", "Net Non Operating Interest Income Expense": "-21,095", "Other Income Expense": "-20,150", "Pretax Income": "-40,421", "Tax Provision": "2,376", "Net Income Common Stockholders": "-42,797", "Diluted NI Available to Com Stockholders": "-42,797", "Basic EPS": "-1.20", "Diluted EPS": "-1.20", "Basic Average Shares": "35,551", "Diluted Average Shares": "35,551", "Total Operating Income as Reported": "-4,746", "Total Expenses": "401,856", "Net Income from Continuing & Discontinued Operation": "-42,797", "Normalized Income": "-25,987", "Interest Income": "-", "Interest Expense": "21,095", "Net Interest Income": "-21,095", "EBIT": "-19,326", "EBITDA": "-", "Reconciled Cost of Revenue": "235,066", "Reconciled Depreciation": "4,266", "Net Income from Continuing Operation Net Minority Interest": "-42,797", "Total Unusual Items Excluding Goodwill": "-23,028", "Total Unusual Items": "-23,028", "Normalized EBITDA": "7,968", "Tax Rate for Calcs": "0", "Tax Effect of Unusual Items": "-6,218"}, "3/31/2018": {"Duration": "3/31/2018", "Total Revenue": "437,684", "Cost of Revenue": "264,900", "Gross Profit": "172,784", "Operating Expense": "192,932", "Operating Income": "-20,148", "Net Non Operating Interest Income Expense": "-11,670", "Other Income Expense": "-14,641", "Pretax Income": "-46,459", "Tax Provision": "-3,113", "Net Income Common Stockholders": "-43,346", "Diluted NI Available to Com Stockholders": "-43,346", "Basic EPS": "-1.25", "Diluted EPS": "-1.25", "Basic Average Shares": "34,687", "Diluted Average Shares": "34,687", "Total Operating Income as Reported": "-28,622", "Total Expenses": "457,832", "Net Income from Continuing & Discontinued Operation": "-43,346", "Normalized Income": "-28,970", "Interest Income": "-", "Interest Expense": "11,670", "Net Interest Income": "-11,670", "EBIT": "-34,789", "EBITDA": "-", "Reconciled Cost of Revenue": "264,900", "Reconciled Depreciation": "4,970", "Net Income from Continuing Operation Net Minority Interest": "-43,346", "Total Unusual Items Excluding Goodwill": "-15,408", "Total Unusual Items": "-15,408", "Normalized EBITDA": "-14,411", "Tax Rate for Calcs": "0", "Tax Effect of Unusual Items": "-1,032"}, "3/31/2017": {"Duration": "3/31/2017", "Total Revenue": "505,345", "Cost of Revenue": "291,921", "Gross Profit": "213,424", "Operating Expense": "199,213", "Operating Income": "14,211", "Net Non Operating Interest Income Expense": "-7,912", "Other Income Expense": "-1,542", "Pretax Income": "4,757", "Tax Provision": "1,112", "Net Income Common Stockholders": "3,645", "Diluted NI Available to Com Stockholders": "3,645", "Basic EPS": "0.11", "Diluted EPS": "0.11", "Basic Average Shares": "33,701", "Diluted Average Shares": "34,072", "Total Operating Income as Reported": "12,148", "Total Expenses": "491,134", "Net Income from Continuing & Discontinued Operation": "3,645", "Normalized Income": "5,257", "Interest Income": "-", "Interest Expense": "7,912", "Net Interest Income": "-7,912", "EBIT": "12,669", "EBITDA": "-", "Reconciled Cost of Revenue": "291,921", "Reconciled Depreciation": "5,608", "Net Income from Continuing Operation Net Minority Interest": "3,645", "Total Unusual Items Excluding Goodwill": "-2,104", "Total Unusual Items": "-2,104", "Normalized EBITDA": "20,381", "Tax Rate for Calcs": "0", "Tax Effect of Unusual Items": "-492.336"}, "3/31/2016": {"Duration": "3/31/2016", "Total Revenue": "475,958", "Cost of Revenue": "271,206", "Gross Profit": "204,752", "Operating Expense": "211,231", "Operating Income": "-6,479", "Net Non Operating Interest Income Expense": "-6,817", "Other Income Expense": "-60,204", "Pretax Income": "-73,500", "Tax Provision": "1,183", "Net Income Common Stockholders": "-74,683", "Diluted NI Available to Com Stockholders": "-74,683", "Basic EPS": "-2.24", "Diluted EPS": "-2.24", "Basic Average Shares": "32,841", "Diluted Average Shares": "32,841", "Total Operating Income as Reported": "-66,098", "Total Expenses": "482,437", "Net Income from Continuing & Discontinued Operation": "-74,683", "Normalized Income": "-38,675", "Interest Income": "-", "Interest Expense": "6,817", "Net Interest Income": "-6,817", "EBIT": "-66,683", "EBITDA": "-", "Reconciled Cost of Revenue": "271,206", "Reconciled Depreciation": "6,690", "Net Income from Continuing Operation Net Minority Interest": "-74,683", "Total Unusual Items Excluding Goodwill": "-60,013", "Total Unusual Items": "-60,013", "Normalized EBITDA": "20", "Tax Rate for Calcs": "0", "Tax Effect of Unusual Items": "-24,005"}, "3/31/2015": {"Duration": "3/31/2015", "Total Revenue": "553,095", "Cost of Revenue": "308,409", "Gross Profit": "244,686", "Operating Expense": "229,085", "Operating Income": "15,601", "Net Non Operating Interest Income Expense": "-9,460", "Other Income Expense": "11,337", "Pretax Income": "17,478", "Tax Provision": "718", "Net Income Common Stockholders": "16,760", "Diluted NI Available to Com Stockholders": "16,760", "Basic EPS": "0.56", "Diluted EPS": "0.48", "Basic Average Shares": "31,833", "Diluted Average Shares": "32,503", "Total Operating Income as Reported": "14,397", "Total Expenses": "537,494", "Net Income from Continuing & Discontinued Operation": "16,760", "Normalized Income": "19,157", "Interest Income": "-", "Interest Expense": "9,460", "Net Interest Income": "-9,460", "EBIT": "26,938", "EBITDA": "-", "Reconciled Cost of Revenue": "308,409", "Reconciled Depreciation": "11,978", "Net Income from Continuing Operation Net Minority Interest": "16,760", "Total Unusual Items Excluding Goodwill": "-2,499", "Total Unusual Items": "-2,499", "Normalized EBITDA": "41,415", "Tax Rate for Calcs": "0", "Tax Effect of Unusual Items": "-102.459"}, "3/31/2014": {"Duration": "3/31/2014", "Total Revenue": "553,165", "Cost of Revenue": "313,545", "Gross Profit": "239,620", "Operating Expense": "241,011", "Operating Income": "-1,391", "Net Non Operating Interest Income Expense": "-9,754", "Other Income Expense": "-9,112", "Pretax Income": "-20,257", "Tax Provision": "1,217", "Net Income Common Stockholders": "-21,474", "Diluted NI Available to Com Stockholders": "-21,474", "Basic EPS": "-0.72", "Diluted EPS": "-0.72", "Basic Average Shares": "30,878", "Diluted Average Shares": "30,878", "Total Operating Income as Reported": "-11,799", "Total Expenses": "554,556", "Net Income from Continuing & Discontinued Operation": "-21,474", "Normalized Income": "-14,709", "Interest Income": "-", "Interest Expense": "9,754", "Net Interest Income": "-9,754", "EBIT": "-10,503", "EBITDA": "-", "Reconciled Cost of Revenue": "313,545", "Reconciled Depreciation": "21,249", "Net Income from Continuing Operation Net Minority Interest": "-21,474", "Total Unusual Items Excluding Goodwill": "-10,408", "Total Unusual Items": "-10,408", "Normalized EBITDA": "21,154", "Tax Rate for Calcs": "0", "Tax Effect of Unusual Items": "-3,643"}, "3/31/2013": {"Duration": "3/31/2013", "Total Revenue": "587,572", "Cost of Revenue": "346,921", "Gross Profit": "240,651", "Operating Expense": "273,180", "Operating Income": "-32,529", "Net Non Operating Interest Income Expense": "-8,342", "Other Income Expense": "-10,387", "Pretax Income": "-51,258", "Tax Provision": "1,161", "Net Income Common Stockholders": "-52,419", "Diluted NI Available to Com Stockholders": "-52,419", "Basic EPS": "-1.76", "Diluted EPS": "-1.76", "Basic Average Shares": "29,982", "Diluted Average Shares": "29,982", "Total Operating Income as Reported": "-42,700", "Total Expenses": "620,101", "Net Income from Continuing & Discontinued Operation": "-52,419", "Normalized Income": "-45,808", "Interest Income": "-", "Interest Expense": "8,342", "Net Interest Income": "-8,342", "EBIT": "-42,916", "EBITDA": "-", "Reconciled Cost of Revenue": "346,921", "Reconciled Depreciation": "27,059", "Net Income from Continuing Operation Net Minority Interest": "-52,419", "Total Unusual Items Excluding Goodwill": "-10,171", "Total Unusual Items": "-10,171", "Normalized EBITDA": "-5,686", "Tax Rate for Calcs": "0", "Tax Effect of Unusual Items": "-3,560"}, "3/31/2012": {"Duration": "3/31/2012", "Total Revenue": "652,370", "Cost of Revenue": "378,535", "Gross Profit": "273,835", "Operating Expense": "268,213", "Operating Income": "5,622", "Net Non Operating Interest Income Expense": "-10,686", "Other Income Expense": "-4,358", "Pretax Income": "-7,922", "Tax Provision": "887", "Net Income Common Stockholders": "-8,809", "Diluted NI Available to Com Stockholders": "-8,809", "Basic EPS": "-0.32", "Diluted EPS": "-0.32", "Basic Average Shares": "29,075", "Diluted Average Shares": "29,075", "Total Operating Income as Reported": "5,192", "Total Expenses": "646,748", "Net Income from Continuing & Discontinued Operation": "-8,809", "Normalized Income": "-5,976", "Interest Income": "-", "Interest Expense": "10,686", "Net Interest Income": "-10,686", "EBIT": "2,764", "EBITDA": "-", "Reconciled Cost of Revenue": "378,535", "Reconciled Depreciation": "34,875", "Net Income from Continuing Operation Net Minority Interest": "-8,809", "Total Unusual Items Excluding Goodwill": "-4,358", "Total Unusual Items": "-4,358", "Normalized EBITDA": "41,997", "Tax Rate for Calcs": "0", "Tax Effect of Unusual Items": "-1,525"}, "3/31/2011": {"Duration": "3/31/2011", "Total Revenue": "672,270", "Cost of Revenue": "389,288", "Gross Profit": "282,982", "Operating Expense": "255,236", "Operating Income": "27,746", "Net Non Operating Interest Income Expense": "-18,964", "Other Income Expense": "-4,228", "Pretax Income": "4,554", "Tax Provision": "13", "Net Income Common Stockholders": "4,541", "Diluted NI Available to Com Stockholders": "4,541", "Basic EPS": "0.16", "Diluted EPS": "0.16", "Basic Average Shares": "27,611", "Diluted Average Shares": "28,717", "Total Operating Income as Reported": "24,704", "Total Expenses": "644,524", "Net Income from Continuing & Discontinued Operation": "4,541", "Normalized Income": "8,757", "Interest Income": "1,199", "Interest Expense": "20,163", "Net Interest Income": "-18,964", "EBIT": "24,717", "EBITDA": "-", "Reconciled Cost of Revenue": "389,288", "Reconciled Depreciation": "41,961", "Net Income from Continuing Operation Net Minority Interest": "4,541", "Total Unusual Items Excluding Goodwill": "-4,228", "Total Unusual Items": "-4,228", "Normalized EBITDA": "70,906", "Tax Rate for Calcs": "0", "Tax Effect of Unusual Items": "-12.0694"}, "3/31/2010": {"Duration": "3/31/2010", "Total Revenue": "681,427", "Cost of Revenue": "401,390", "Gross Profit": "280,037", "Operating Expense": "245,933", "Operating Income": "34,104", "Net Non Operating Interest Income Expense": "-24,260", "Other Income Expense": "-4,795", "Pretax Income": "17,908", "Tax Provision": "1,274", "Net Income Common Stockholders": "16,634", "Diluted NI Available to Com Stockholders": "16,634", "Basic EPS": "0.64", "Diluted EPS": "0.16", "Basic Average Shares": "26,584", "Diluted Average Shares": "27,970", "Total Operating Income as Reported": "29,309", "Total Expenses": "647,323", "Net Income from Continuing & Discontinued Operation": "16,634", "Normalized Income": "21,088", "Interest Income": "1,255", "Interest Expense": "25,515", "Net Interest Income": "-24,260", "EBIT": "43,423", "EBITDA": "-", "Reconciled Cost of Revenue": "401,390", "Reconciled Depreciation": "50,559", "Net Income from Continuing Operation Net Minority Interest": "16,634", "Total Unusual Items Excluding Goodwill": "-4,795", "Total Unusual Items": "-4,795", "Normalized EBITDA": "98,777", "Tax Rate for Calcs": "0", "Tax Effect of Unusual Items": "-341.123"}, "3/31/2009": {"Duration": "3/31/2009", "Total Revenue": "808,972", "Cost of Revenue": "504,658", "Gross Profit": "304,314", "Operating Expense": "288,432", "Operating Income": "15,882", "Net Non Operating Interest Income Expense": "-29,220", "Other Income Expense": "-345,807", "Pretax Income": "-359,145", "Tax Provision": "-881", "Net Income Common Stockholders": "-358,264", "Diluted NI Available to Com Stockholders": "-358,264", "Basic EPS": "-13.68", "Diluted EPS": "-13.68", "Basic Average Shares": "26,130", "Diluted Average Shares": "26,130", "Total Operating Income as Reported": "-329,925", "Total Expenses": "793,090", "Net Income from Continuing & Discontinued Operation": "-358,264", "Normalized Income": "-13,305", "Interest Income": "41", "Interest Expense": "29,261", "Net Interest Income": "-29,220", "EBIT": "-329,884", "EBITDA": "-", "Reconciled Cost of Revenue": "504,658", "Reconciled Depreciation": "57,743", "Net Income from Continuing Operation Net Minority Interest": "-358,264", "Total Unusual Items Excluding Goodwill": "-345,807", "Total Unusual Items": "-345,807", "Normalized EBITDA": "73,666", "Tax Rate for Calcs": "0", "Tax Effect of Unusual Items": "-848.2812"}, "3/31/2008": {"Duration": "3/31/2008", "Total Revenue": "975,702", "Cost of Revenue": "656,598", "Gross Profit": "319,104", "Operating Expense": "317,719", "Operating Income": "1,385", "Net Non Operating Interest Income Expense": "-", "Other Income Expense": "-9,482", "Pretax Income": "-60,716", "Tax Provision": "-482", "Net Income Common Stockholders": "-60,234", "Diluted NI Available to Com Stockholders": "-60,234", "Basic EPS": "-2.40", "Diluted EPS": "-2.40", "Basic Average Shares": "25,304", "Diluted Average Shares": "25,304", "Total Operating Income as Reported": "-8,097", "Total Expenses": "974,317", "Net Income from Continuing & Discontinued Operation": "-60,234", "Normalized Income": "-50,827", "Interest Income": "-", "Interest Expense": "-", "Net Interest Income": "-", "EBIT": "1,385", "EBITDA": "-", "Reconciled Cost of Revenue": "656,598", "Reconciled Depreciation": "99,897", "Net Income from Continuing Operation Net Minority Interest": "-60,234", "Total Unusual Items Excluding Goodwill": "-9,482", "Total Unusual Items": "-9,482", "Normalized EBITDA": "110,764", "Tax Rate for Calcs": "0", "Tax Effect of Unusual Items": "-75.2738"}, "3/31/2007": {"Duration": "3/31/2007", "Total Revenue": "1,016,174", "Cost of Revenue": "722,789", "Gross Profit": "293,385", "Operating Expense": "293,931", "Operating Income": "-546", "Net Non Operating Interest Income Expense": "-", "Other Income Expense": "-26,608", "Pretax Income": "-59,156", "Tax Provision": "4,938", "Net Income Common Stockholders": "-64,094", "Diluted NI Available to Com Stockholders": "-64,094", "Basic EPS": "-2.64", "Diluted EPS": "-2.64", "Basic Average Shares": "24,030", "Diluted Average Shares": "24,030", "Total Operating Income as Reported": "-27,154", "Total Expenses": "1,016,720", "Net Income from Continuing & Discontinued Operation": "-64,094", "Normalized Income": "-46,799", "Interest Income": "-", "Interest Expense": "-", "Net Interest Income": "-", "EBIT": "-546", "EBITDA": "-", "Reconciled Cost of Revenue": "722,789", "Reconciled Depreciation": "85,200", "Net Income from Continuing Operation Net Minority Interest": "-64,094", "Total Unusual Items Excluding Goodwill": "-26,608", "Total Unusual Items": "-26,608", "Normalized EBITDA": "111,262", "Tax Rate for Calcs": "0", "Tax Effect of Unusual Items": "-9,313"}, "3/31/2006": {"Duration": "3/31/2006", "Total Revenue": "834,287", "Cost of Revenue": "602,359", "Gross Profit": "231,928", "Operating Expense": "234,774", "Operating Income": "-2,846", "Net Non Operating Interest Income Expense": "-", "Other Income Expense": "-38,635", "Pretax Income": "-40,081", "Tax Provision": "1,398", "Net Income Common Stockholders": "-41,479", "Diluted NI Available to Com Stockholders": "-41,479", "Basic EPS": "-1.84", "Diluted EPS": "-1.84", "Basic Average Shares": "23,008", "Diluted Average Shares": "23,008", "Total Operating Income as Reported": "-20,964", "Total Expenses": "837,133", "Net Income from Continuing & Discontinued Operation": "-41,479", "Normalized Income": "-18,298", "Interest Income": "-", "Interest Expense": "-", "Net Interest Income": "-", "EBIT": "-2,846", "EBITDA": "-", "Reconciled Cost of Revenue": "602,359", "Reconciled Depreciation": "43,424", "Net Income from Continuing Operation Net Minority Interest": "-41,479", "Total Unusual Items Excluding Goodwill": "-38,635", "Total Unusual Items": "-38,635", "Normalized EBITDA": "79,213", "Tax Rate for Calcs": "0", "Tax Effect of Unusual Items": "-15,454"}, "3/31/2005": {"Duration": "3/31/2005", "Total Revenue": "794,168", "Cost of Revenue": "558,689", "Gross Profit": "235,479", "Operating Expense": "245,014", "Operating Income": "-9,535", "Net Non Operating Interest Income Expense": "-", "Other Income Expense": "-11,521", "Pretax Income": "-12,135", "Tax Provision": "-8,639", "Net Income Common Stockholders": "-3,496", "Diluted NI Available to Com Stockholders": "-3,496", "Basic EPS": "-0.16", "Diluted EPS": "-0.16", "Basic Average Shares": "22,639", "Diluted Average Shares": "22,639", "Total Operating Income as Reported": "-9,535", "Total Expenses": "803,703", "Net Income from Continuing & Discontinued Operation": "-3,496", "Normalized Income": "3,417", "Interest Income": "-", "Interest Expense": "-", "Net Interest Income": "-", "EBIT": "-9,535", "EBITDA": "-", "Reconciled Cost of Revenue": "558,689", "Reconciled Depreciation": "42,465", "Net Income from Continuing Operation Net Minority Interest": "-3,496", "Total Unusual Items Excluding Goodwill": "-11,521", "Total Unusual Items": "-11,521", "Normalized EBITDA": "44,451", "Tax Rate for Calcs": "0", "Tax Effect of Unusual Items": "-4,608"}, "3/31/2004": {"Duration": "3/31/2004", "Total Revenue": "808,384", "Cost of Revenue": "556,725", "Gross Profit": "251,659", "Operating Expense": "271,351", "Operating Income": "-19,692", "Net Non Operating Interest Income Expense": "-", "Other Income Expense": "-17,777", "Pretax Income": "-30,957", "Tax Provision": "32,758", "Net Income Common Stockholders": "-62,022", "Diluted NI Available to Com Stockholders": "-62,022", "Basic EPS": "-2.80", "Diluted EPS": "-2.80", "Basic Average Shares": "22,005", "Diluted Average Shares": "22,005", "Total Operating Income as Reported": "-19,692", "Total Expenses": "828,076", "Net Income from Continuing & Discontinued Operation": "-62,022", "Normalized Income": "-53,049", "Interest Income": "-", "Interest Expense": "-", "Net Interest Income": "-", "EBIT": "-19,692", "EBITDA": "-", "Reconciled Cost of Revenue": "556,725", "Reconciled Depreciation": "50,181", "Net Income from Continuing Operation Net Minority Interest": "-63,715", "Total Unusual Items Excluding Goodwill": "-17,777", "Total Unusual Items": "-17,777", "Normalized EBITDA": "48,266", "Tax Rate for Calcs": "0", "Tax Effect of Unusual Items": "-7,111"}, "3/31/2003": {"Duration": "3/31/2003", "Total Revenue": "870,809", "Cost of Revenue": "603,646", "Gross Profit": "267,163", "Operating Expense": "366,535", "Operating Income": "-99,372", "Net Non Operating Interest Income Expense": "-", "Other Income Expense": "-107,752", "Pretax Income": "-13,173", "Tax Provision": "-5,085", "Net Income Common Stockholders": "-264,295", "Diluted NI Available to Com Stockholders": "-264,295", "Basic EPS": "-13.04", "Diluted EPS": "-13.04", "Basic Average Shares": "20,276", "Diluted Average Shares": "20,276", "Total Operating Income as Reported": "-107,174", "Total Expenses": "970,181", "Net Income from Continuing & Discontinued Operation": "-169,997", "Normalized Income": "-65,930", "Interest Income": "-", "Interest Expense": "-", "Net Interest Income": "-", "EBIT": "-99,372", "EBITDA": "-", "Reconciled Cost of Revenue": "603,646", "Reconciled Depreciation": "52,321", "Net Income from Continuing Operation Net Minority Interest": "-132,088", "Total Unusual Items Excluding Goodwill": "-107,752", "Total Unusual Items": "-107,752", "Normalized EBITDA": "60,701", "Tax Rate for Calcs": "0", "Tax Effect of Unusual Items": "-41,594"}, "3/31/2002": {"Duration": "3/31/2002", "Total Revenue": "1,087,792", "Cost of Revenue": "701,902", "Gross Profit": "385,890", "Operating Expense": "481,196", "Operating Income": "-95,306", "Net Non Operating Interest Income Expense": "-", "Other Income Expense": "-93,900", "Pretax Income": "-109,801", "Tax Provision": "-27,331", "Net Income Common Stockholders": "42,502", "Diluted NI Available to Com Stockholders": "42,502", "Basic EPS": "2.16", "Diluted EPS": "2.16", "Basic Average Shares": "19,396", "Diluted Average Shares": "19,396", "Total Operating Income as Reported": "-95,306", "Total Expenses": "1,183,098", "Net Income from Continuing & Discontinued Operation": "42,502", "Normalized Income": "-11,943", "Interest Income": "-", "Interest Expense": "-", "Net Interest Income": "-", "EBIT": "-95,306", "EBITDA": "-", "Reconciled Cost of Revenue": "701,902", "Reconciled Depreciation": "78,195", "Net Income from Continuing Operation Net Minority Interest": "-82,470", "Total Unusual Items Excluding Goodwill": "-93,900", "Total Unusual Items": "-93,900", "Normalized EBITDA": "76,789", "Tax Rate for Calcs": "0", "Tax Effect of Unusual Items": "-23,373"}, "3/31/2001": {"Duration": "3/31/2001", "Total Revenue": "1,405,818", "Cost of Revenue": "692,663", "Gross Profit": "713,155", "Operating Expense": "361,790", "Operating Income": "351,365", "Net Non Operating Interest Income Expense": "-", "Other Income Expense": "-", "Pretax Income": "261,635", "Tax Provision": "94,189", "Net Income Common Stockholders": "160,686", "Diluted NI Available to Com Stockholders": "160,686", "Basic EPS": "8.64", "Diluted EPS": "8.24", "Basic Average Shares": "18,519", "Diluted Average Shares": "19,456", "Total Operating Income as Reported": "261,246", "Total Expenses": "1,054,453", "Net Income from Continuing & Discontinued Operation": "160,686", "Normalized Income": "167,446", "Interest Income": "-", "Interest Expense": "-", "Net Interest Income": "-", "EBIT": "351,365", "EBITDA": "-", "Reconciled Cost of Revenue": "662,087", "Reconciled Depreciation": "120,695", "Net Income from Continuing Operation Net Minority Interest": "167,446", "Total Unusual Items Excluding Goodwill": "-", "Total Unusual Items": "-", "Normalized EBITDA": "472,060", "Tax Rate for Calcs": "0", "Tax Effect of Unusual Items": "0"}, "3/31/2000": {"Duration": "3/31/2000", "Total Revenue": "1,418,871", "Cost of Revenue": "707,983", "Gross Profit": "710,888", "Operating Expense": "366,314", "Operating Income": "344,574", "Net Non Operating Interest Income Expense": "-", "Other Income Expense": "-77,083", "Pretax Income": "267,351", "Tax Provision": "121,737", "Net Income Common Stockholders": "145,614", "Diluted NI Available to Com Stockholders": "145,614", "Basic EPS": "-0.80", "Diluted EPS": "-0.80", "Basic Average Shares": "20,724", "Diluted Average Shares": "20,724", "Total Operating Income as Reported": "344,574", "Total Expenses": "1,074,297", "Net Income from Continuing & Discontinued Operation": "145,614", "Normalized Income": "191,864", "Interest Income": "-", "Interest Expense": "-", "Net Interest Income": "-", "EBIT": "344,574", "EBITDA": "-", "Reconciled Cost of Revenue": "707,983", "Reconciled Depreciation": "61,998", "Net Income from Continuing Operation Net Minority Interest": "145,614", "Total Unusual Items Excluding Goodwill": "-77,083", "Total Unusual Items": "-77,083", "Normalized EBITDA": "483,655", "Tax Rate for Calcs": "0", "Tax Effect of Unusual Items": "-30,833"}, "3/31/1999": {"Duration": "3/31/1999", "Total Revenue": "1,302,736", "Cost of Revenue": "680,910", "Gross Profit": "621,826", "Operating Expense": "256,132", "Operating Income": "365,694", "Net Non Operating Interest Income Expense": "-", "Other Income Expense": "-89,000", "Pretax Income": "264,318", "Tax Provision": "141,327", "Net Income Common Stockholders": "122,991", "Diluted NI Available to Com Stockholders": "122,991", "Basic EPS": "-1.44", "Diluted EPS": "-1.44", "Basic Average Shares": "20,084", "Diluted Average Shares": "20,084", "Total Operating Income as Reported": "365,694", "Total Expenses": "937,042", "Net Income from Continuing & Discontinued Operation": "122,991", "Normalized Income": "176,391", "Interest Income": "-", "Interest Expense": "-", "Net Interest Income": "-", "EBIT": "365,694", "EBITDA": "-", "Reconciled Cost of Revenue": "680,910", "Reconciled Depreciation": "41,907", "Net Income from Continuing Operation Net Minority Interest": "122,991", "Total Unusual Items Excluding Goodwill": "-89,000", "Total Unusual Items": "-89,000", "Normalized EBITDA": "496,601", "Tax Rate for Calcs": "0", "Tax Effect of Unusual Items": "-35,600"}, "3/31/1998": {"Duration": "3/31/1998", "Total Revenue": "5,805,235", "Cost of Revenue": "4,929,714", "Gross Profit": "875,521", "Operating Expense": "580,136", "Operating Income": "295,385", "Net Non Operating Interest Income Expense": "-", "Other Income Expense": "-", "Pretax Income": "230,815", "Tax Provision": "60,014", "Net Income Common Stockholders": "170,801", "Diluted NI Available to Com Stockholders": "170,801", "Basic EPS": "10.00", "Diluted EPS": "8.56", "Basic Average Shares": "17,051", "Diluted Average Shares": "20,752", "Total Operating Income as Reported": "295,385", "Total Expenses": "5,509,850", "Net Income from Continuing & Discontinued Operation": "170,801", "Normalized Income": "170,801", "Interest Income": "-", "Interest Expense": "-", "Net Interest Income": "-", "EBIT": "295,385", "EBITDA": "-", "Reconciled Cost of Revenue": "4,929,714", "Reconciled Depreciation": "91,599", "Net Income from Continuing Operation Net Minority Interest": "170,801", "Total Unusual Items Excluding Goodwill": "0", "Total Unusual Items": "0", "Normalized EBITDA": "386,984", "Tax Rate for Calcs": "0", "Tax Effect of Unusual Items": "0"}, "3/31/1997": {"Duration": "3/31/1997", "Total Revenue": "5,319,457", "Cost of Revenue": "4,550,716", "Gross Profit": "768,741", "Operating Expense": "527,210", "Operating Income": "241,531", "Net Non Operating Interest Income Expense": "-", "Other Income Expense": "-", "Pretax Income": "200,696", "Tax Provision": "52,181", "Net Income Common Stockholders": "148,515", "Diluted NI Available to Com Stockholders": "148,515", "Basic EPS": "4.84", "Diluted EPS": "4.12", "Basic Average Shares": "30,786", "Diluted Average Shares": "38,673", "Total Operating Income as Reported": "241,531", "Total Expenses": "5,077,926", "Net Income from Continuing & Discontinued Operation": "148,515", "Normalized Income": "148,515", "Interest Income": "-", "Interest Expense": "-", "Net Interest Income": "-", "EBIT": "241,531", "EBITDA": "-", "Reconciled Cost of Revenue": "4,550,716", "Reconciled Depreciation": "124,436", "Net Income from Continuing Operation Net Minority Interest": "148,515", "Total Unusual Items Excluding Goodwill": "0", "Total Unusual Items": "0", "Normalized EBITDA": "365,967", "Tax Rate for Calcs": "0", "Tax Effect of Unusual Items": "0"}, "3/31/1996": {"Duration": "3/31/1996", "Total Revenue": "4,422,726", "Cost of Revenue": "3,880,309", "Gross Profit": "542,417", "Operating Expense": "446,674", "Operating Income": "95,743", "Net Non Operating Interest Income Expense": "-", "Other Income Expense": "-209,122", "Pretax Income": "-141,338", "Tax Provision": "-50,882", "Net Income Common Stockholders": "-90,456", "Diluted NI Available to Com Stockholders": "-90,456", "Basic EPS": "-6.96", "Diluted EPS": "-6.96", "Basic Average Shares": "12,960", "Diluted Average Shares": "12,960", "Total Operating Income as Reported": "-113,379", "Total Expenses": "4,326,983", "Net Income from Continuing & Discontinued Operation": "-90,456", "Normalized Income": "43,382", "Interest Income": "-", "Interest Expense": "-", "Net Interest Income": "-", "EBIT": "95,743", "EBITDA": "-", "Reconciled Cost of Revenue": "3,880,309", "Reconciled Depreciation": "97,108", "Net Income from Continuing Operation Net Minority Interest": "-90,456", "Total Unusual Items Excluding Goodwill": "-209,122", "Total Unusual Items": "-209,122", "Normalized EBITDA": "401,973", "Tax Rate for Calcs": "0", "Tax Effect of Unusual Items": "-75,284"}, "3/31/1995": {"Duration": "3/31/1995", "Total Revenue": "3,367,984", "Cost of Revenue": "2,804,271", "Gross Profit": "563,713", "Operating Expense": "402,651", "Operating Income": "161,062", "Net Non Operating Interest Income Expense": "-", "Other Income Expense": "-", "Pretax Income": "145,305", "Tax Provision": "63,714", "Net Income Common Stockholders": "81,591", "Diluted NI Available to Com Stockholders": "81,591", "Basic EPS": "6.88", "Diluted EPS": "6.08", "Basic Average Shares": "11,830", "Diluted Average Shares": "14,760", "Total Operating Income as Reported": "161,062", "Total Expenses": "3,206,922", "Net Income from Continuing & Discontinued Operation": "81,591", "Normalized Income": "81,591", "Interest Income": "-", "Interest Expense": "-", "Net Interest Income": "-", "EBIT": "161,062", "EBITDA": "-", "Reconciled Cost of Revenue": "2,804,271", "Reconciled Depreciation": "53,312", "Net Income from Continuing Operation Net Minority Interest": "81,591", "Total Unusual Items Excluding Goodwill": "-", "Total Unusual Items": "-", "Normalized EBITDA": "214,374", "Tax Rate for Calcs": "0", "Tax Effect of Unusual Items": "0"}, "3/31/1994": {"Duration": "3/31/1994", "Total Revenue": "2,131,100", "Cost of Revenue": "1,862,900", "Gross Profit": "268,200", "Operating Expense": "235,000", "Operating Income": "33,200", "Net Non Operating Interest Income Expense": "-", "Other Income Expense": "-14,500", "Pretax Income": "3,700", "Tax Provision": "1,000", "Net Income Common Stockholders": "2,700", "Diluted NI Available to Com Stockholders": "2,700", "Basic EPS": "-", "Diluted EPS": "-", "Basic Average Shares": "-", "Diluted Average Shares": "-", "Total Operating Income as Reported": "-", "Total Expenses": "2,097,900", "Net Income from Continuing & Discontinued Operation": "2,700", "Normalized Income": "13,281", "Interest Income": "-", "Interest Expense": "-", "Net Interest Income": "-", "EBIT": "33,200", "EBITDA": "-", "Reconciled Cost of Revenue": "1,921,500", "Reconciled Depreciation": "-29,300", "Net Income from Continuing Operation Net Minority Interest": "2,700", "Total Unusual Items Excluding Goodwill": "-14,500", "Total Unusual Items": "-14,500", "Normalized EBITDA": "77,000", "Tax Rate for Calcs": "0", "Tax Effect of Unusual Items": "-3,919"}, "3/31/1993": {"Duration": "3/31/1993", "Total Revenue": "1,697,200", "Cost of Revenue": "1,347,500", "Gross Profit": "349,700", "Operating Expense": "200,900", "Operating Income": "148,800", "Net Non Operating Interest Income Expense": "-", "Other Income Expense": "12,100", "Pretax Income": "146,600", "Tax Provision": "52,800", "Net Income Common Stockholders": "93,800", "Diluted NI Available to Com Stockholders": "93,800", "Basic EPS": "-", "Diluted EPS": "-", "Basic Average Shares": "-", "Diluted Average Shares": "-", "Total Operating Income as Reported": "-", "Total Expenses": "1,548,400", "Net Income from Continuing & Discontinued Operation": "93,800", "Normalized Income": "86,058", "Interest Income": "-", "Interest Expense": "-", "Net Interest Income": "-", "EBIT": "148,800", "EBITDA": "-", "Reconciled Cost of Revenue": "1,401,300", "Reconciled Depreciation": "-26,900", "Net Income from Continuing Operation Net Minority Interest": "93,800", "Total Unusual Items Excluding Goodwill": "12,100", "Total Unusual Items": "12,100", "Normalized EBITDA": "163,600", "Tax Rate for Calcs": "0", "Tax Effect of Unusual Items": "4,358"}, "3/31/1992": {"Duration": "3/31/1992", "Total Revenue": "1,127,700", "Cost of Revenue": "886,200", "Gross Profit": "241,500", "Operating Expense": "166,200", "Operating Income": "75,300", "Net Non Operating Interest Income Expense": "-", "Other Income Expense": "6,900", "Pretax Income": "74,300", "Tax Provision": "27,500", "Net Income Common Stockholders": "46,800", "Diluted NI Available to Com Stockholders": "46,800", "Basic EPS": "-", "Diluted EPS": "-", "Basic Average Shares": "-", "Diluted Average Shares": "-", "Total Operating Income as Reported": "-", "Total Expenses": "1,052,400", "Net Income from Continuing & Discontinued Operation": "46,800", "Normalized Income": "42,454", "Interest Income": "-", "Interest Expense": "-", "Net Interest Income": "-", "EBIT": "75,300", "EBITDA": "-", "Reconciled Cost of Revenue": "942,400", "Reconciled Depreciation": "-28,100", "Net Income from Continuing Operation Net Minority Interest": "46,800", "Total Unusual Items Excluding Goodwill": "6,900", "Total Unusual Items": "6,900", "Normalized EBITDA": "96,500", "Tax Rate for Calcs": "0", "Tax Effect of Unusual Items": "2,554"}, "3/31/1991": {"Duration": "3/31/1991", "Total Revenue": "877,700", "Cost of Revenue": "648,200", "Gross Profit": "229,500", "Operating Expense": "121,200", "Operating Income": "108,300", "Net Non Operating Interest Income Expense": "-", "Other Income Expense": "12,900", "Pretax Income": "116,000", "Tax Provision": "42,100", "Net Income Common Stockholders": "73,900", "Diluted NI Available to Com Stockholders": "73,900", "Basic EPS": "-", "Diluted EPS": "-", "Basic Average Shares": "-", "Diluted Average Shares": "-", "Total Operating Income as Reported": "-", "Total Expenses": "769,400", "Net Income from Continuing & Discontinued Operation": "73,900", "Normalized Income": "65,682", "Interest Income": "-", "Interest Expense": "-", "Net Interest Income": "-", "EBIT": "108,300", "EBITDA": "-", "Reconciled Cost of Revenue": "674,600", "Reconciled Depreciation": "-13,200", "Net Income from Continuing Operation Net Minority Interest": "73,900", "Total Unusual Items Excluding Goodwill": "12,900", "Total Unusual Items": "12,900", "Normalized EBITDA": "108,600", "Tax Rate for Calcs": "0", "Tax Effect of Unusual Items": "4,682"}, "3/31/1990": {"Duration": "3/31/1990", "Total Revenue": "446,300", "Cost of Revenue": "309,300", "Gross Profit": "137,000", "Operating Expense": "72,100", "Operating Income": "64,900", "Net Non Operating Interest Income Expense": "-", "Other Income Expense": "7,100", "Pretax Income": "72,100", "Tax Provision": "24,900", "Net Income Common Stockholders": "47,200", "Diluted NI Available to Com Stockholders": "47,200", "Basic EPS": "-", "Diluted EPS": "-", "Basic Average Shares": "-", "Diluted Average Shares": "-", "Total Operating Income as Reported": "-", "Total Expenses": "381,400", "Net Income from Continuing & Discontinued Operation": "47,200", "Normalized Income": "42,552", "Interest Income": "-", "Interest Expense": "-", "Net Interest Income": "-", "EBIT": "64,900", "EBITDA": "-", "Reconciled Cost of Revenue": "319,900", "Reconciled Depreciation": "-5,300", "Net Income from Continuing Operation Net Minority Interest": "47,200", "Total Unusual Items Excluding Goodwill": "7,100", "Total Unusual Items": "7,100", "Normalized EBITDA": "63,100", "Tax Rate for Calcs": "0", "Tax Effect of Unusual Items": "2,452"}, "3/31/1989": {"Duration": "3/31/1989", "Total Revenue": "208,000", "Cost of Revenue": "143,900", "Gross Profit": "64,100", "Operating Expense": "51,700", "Operating Income": "12,400", "Net Non Operating Interest Income Expense": "-", "Other Income Expense": "5,100", "Pretax Income": "17,600", "Tax Provision": "4,700", "Net Income Common Stockholders": "12,900", "Diluted NI Available to Com Stockholders": "12,900", "Basic EPS": "-", "Diluted EPS": "-", "Basic Average Shares": "-", "Diluted Average Shares": "-", "Total Operating Income as Reported": "-", "Total Expenses": "195,600", "Net Income from Continuing & Discontinued Operation": "12,900", "Normalized Income": "9,162", "Interest Income": "-", "Interest Expense": "-", "Net Interest Income": "-", "EBIT": "12,400", "EBITDA": "-", "Reconciled Cost of Revenue": "143,900", "Reconciled Depreciation": "4,300", "Net Income from Continuing Operation Net Minority Interest": "12,900", "Total Unusual Items Excluding Goodwill": "5,100", "Total Unusual Items": "5,100", "Normalized EBITDA": "11,600", "Tax Rate for Calcs": "0", "Tax Effect of Unusual Items": "1,362"}, "3/31/1988": {"Duration": "3/31/1988", "Total Revenue": "188,500", "Cost of Revenue": "134,600", "Gross Profit": "53,900", "Operating Expense": "65,800", "Operating Income": "-11,900", "Net Non Operating Interest Income Expense": "-", "Other Income Expense": "7,700", "Pretax Income": "-5,300", "Tax Provision": "-2,100", "Net Income Common Stockholders": "-3,200", "Diluted NI Available to Com Stockholders": "-3,200", "Basic EPS": "-", "Diluted EPS": "-", "Basic Average Shares": "-", "Diluted Average Shares": "-", "Total Operating Income as Reported": "-", "Total Expenses": "200,400", "Net Income from Continuing & Discontinued Operation": "-3,200", "Normalized Income": "-7,849", "Interest Income": "-", "Interest Expense": "-", "Net Interest Income": "-", "EBIT": "-11,900", "EBITDA": "-", "Reconciled Cost of Revenue": "134,600", "Reconciled Depreciation": "13,400", "Net Income from Continuing Operation Net Minority Interest": "-3,200", "Total Unusual Items Excluding Goodwill": "7,700", "Total Unusual Items": "7,700", "Normalized EBITDA": "-6,200", "Tax Rate for Calcs": "0", "Tax Effect of Unusual Items": "3,051"}, "3/31/1987": {"Duration": "3/31/1987", "Total Revenue": "120,800", "Cost of Revenue": "74,200", "Gross Profit": "46,600", "Operating Expense": "39,800", "Operating Income": "6,800", "Net Non Operating Interest Income Expense": "-", "Other Income Expense": "4,100", "Pretax Income": "10,900", "Tax Provision": "2,100", "Net Income Common Stockholders": "8,800", "Diluted NI Available to Com Stockholders": "8,800", "Basic EPS": "-", "Diluted EPS": "-", "Basic Average Shares": "-", "Diluted Average Shares": "-", "Total Operating Income as Reported": "-", "Total Expenses": "114,000", "Net Income from Continuing & Discontinued Operation": "8,800", "Normalized Income": "5,490", "Interest Income": "-", "Interest Expense": "-", "Net Interest Income": "-", "EBIT": "6,800", "EBITDA": "-", "Reconciled Cost of Revenue": "74,200", "Reconciled Depreciation": "5,100", "Net Income from Continuing Operation Net Minority Interest": "8,800", "Total Unusual Items Excluding Goodwill": "4,100", "Total Unusual Items": "4,100", "Normalized EBITDA": "7,800", "Tax Rate for Calcs": "0", "Tax Effect of Unusual Items": "789.9083"}, "3/31/1986": {"Duration": "3/31/1986", "Total Revenue": "121,200", "Cost of Revenue": "69,300", "Gross Profit": "51,900", "Operating Expense": "30,500", "Operating Income": "21,400", "Net Non Operating Interest Income Expense": "-", "Other Income Expense": "10,300", "Pretax Income": "31,800", "Tax Provision": "9,600", "Net Income Common Stockholders": "22,200", "Diluted NI Available to Com Stockholders": "22,200", "Basic EPS": "-", "Diluted EPS": "-", "Basic Average Shares": "-", "Diluted Average Shares": "-", "Total Operating Income as Reported": "-", "Total Expenses": "99,800", "Net Income from Continuing & Discontinued Operation": "22,200", "Normalized Income": "15,009", "Interest Income": "-", "Interest Expense": "-", "Net Interest Income": "-", "EBIT": "21,400", "EBITDA": "-", "Reconciled Cost of Revenue": "69,300", "Reconciled Depreciation": "3,600", "Net Income from Continuing Operation Net Minority Interest": "22,200", "Total Unusual Items Excluding Goodwill": "10,300", "Total Unusual Items": "10,300", "Normalized EBITDA": "14,700", "Tax Rate for Calcs": "0", "Tax Effect of Unusual Items": "3,109"}}, "bs": {"3/31/2020": {"Duration": "3/31/2020", "Total Assets": "165,995", "Total Liabilities Net Minority Interest": "364,520", "Total Equity Gross Minority Interest": "-198,525", "Total Capitalization": "-51,678", "Common Stock Equity": "-198,525", "Capital Lease Obligations": "10,822", "Net Tangible Assets": "-198,525", "Working Capital": "-22,427", "Invested Capital": "-44,357", "Tangible Book Value": "-198,525", "Total Debt": "164,990", "Net Debt": "147,728", "Share Issued": "39,905", "Ordinary Shares Number": "39,905"}, "3/31/2019": {"Duration": "3/31/2019", "Total Assets": "172,871", "Total Liabilities Net Minority Interest": "372,651", "Total Equity Gross Minority Interest": "-199,780", "Total Capitalization": "-54,159", "Common Stock Equity": "-199,780", "Capital Lease Obligations": "-", "Net Tangible Assets": "-199,814", "Working Capital": "-24,182", "Invested Capital": "-52,509", "Tangible Book Value": "-199,814", "Total Debt": "147,271", "Net Debt": "136,481", "Share Issued": "36,040", "Ordinary Shares Number": "36,040"}, "3/31/2018": {"Duration": "3/31/2018", "Total Assets": "202,639", "Total Liabilities Net Minority Interest": "376,106", "Total Equity Gross Minority Interest": "-173,467", "Total Capitalization": "-57,481", "Common Stock Equity": "-173,467", "Capital Lease Obligations": "-", "Net Tangible Assets": "-173,605", "Working Capital": "-28,837", "Invested Capital": "-49,981", "Tangible Book Value": "-173,605", "Total Debt": "123,486", "Net Debt": "112,621", "Share Issued": "-", "Ordinary Shares Number": "-"}, "3/31/2017": {"Duration": "3/31/2017", "Total Assets": "225,027", "Total Liabilities Net Minority Interest": "341,026", "Total Equity Gross Minority Interest": "-115,999", "Total Capitalization": "-50,971", "Common Stock Equity": "-115,999", "Capital Lease Obligations": "-", "Net Tangible Assets": "-116,275", "Working Capital": "-42,030", "Invested Capital": "11,856", "Tangible Book Value": "-116,275", "Total Debt": "127,855", "Net Debt": "114,897", "Share Issued": "34,063", "Ordinary Shares Number": "34,063"}, "3/31/2016": {"Duration": "3/31/2016", "Total Assets": "229,546", "Total Liabilities Net Minority Interest": "356,485", "Total Equity Gross Minority Interest": "-126,939", "Total Capitalization": "5,023", "Common Stock Equity": "-126,939", "Capital Lease Obligations": "-", "Net Tangible Assets": "-127,390", "Working Capital": "31,935", "Invested Capital": "8,023", "Tangible Book Value": "-127,390", "Total Debt": "134,962", "Net Debt": "101,092", "Share Issued": "33,276", "Ordinary Shares Number": "33,276"}, "3/31/2015": {"Duration": "3/31/2015", "Total Assets": "358,755", "Total Liabilities Net Minority Interest": "419,193", "Total Equity Gross Minority Interest": "-60,438", "Total Capitalization": "9,562", "Common Stock Equity": "-60,438", "Capital Lease Obligations": "-", "Net Tangible Assets": "-116,782", "Working Capital": "-16,255", "Invested Capital": "93,297", "Tangible Book Value": "-116,782", "Total Debt": "153,735", "Net Debt": "85,787", "Share Issued": "32,276", "Ordinary Shares Number": "32,276"}, "3/31/2014": {"Duration": "3/31/2014", "Total Assets": "361,798", "Total Liabilities Net Minority Interest": "449,198", "Total Equity Gross Minority Interest": "-87,400", "Total Capitalization": "116,335", "Common Stock Equity": "-87,400", "Capital Lease Obligations": "-", "Net Tangible Assets": "-146,924", "Working Capital": "83,540", "Invested Capital": "116,335", "Tangible Book Value": "-146,924", "Total Debt": "203,735", "Net Debt": "104,610", "Share Issued": "31,301", "Ordinary Shares Number": "31,301"}, "3/31/2013": {"Duration": "3/31/2013", "Total Assets": "371,140", "Total Liabilities Net Minority Interest": "452,722", "Total Equity Gross Minority Interest": "-81,582", "Total Capitalization": "123,418", "Common Stock Equity": "-81,582", "Capital Lease Obligations": "-", "Net Tangible Assets": "-150,008", "Working Capital": "70,210", "Invested Capital": "123,418", "Tangible Book Value": "-150,008", "Total Debt": "205,000", "Net Debt": "136,024", "Share Issued": "30,385", "Ordinary Shares Number": "30,385"}, "3/31/2012": {"Duration": "3/31/2012", "Total Assets": "395,348", "Total Liabilities Net Minority Interest": "442,028", "Total Equity Gross Minority Interest": "-46,680", "Total Capitalization": "137,815", "Common Stock Equity": "-46,680", "Capital Lease Obligations": "-", "Net Tangible Assets": "-128,405", "Working Capital": "71,168", "Invested Capital": "137,815", "Tangible Book Value": "-128,405", "Total Debt": "184,495", "Net Debt": "133,234", "Share Issued": "29,550", "Ordinary Shares Number": "29,550"}, "3/31/2011": {"Duration": "3/31/2011", "Total Assets": "430,965", "Total Liabilities Net Minority Interest": "492,076", "Total Equity Gross Minority Interest": "-61,111", "Total Capitalization": "177,156", "Common Stock Equity": "-61,111", "Capital Lease Obligations": "-", "Net Tangible Assets": "-152,592", "Working Capital": "97,895", "Invested Capital": "178,223", "Tangible Book Value": "-152,592", "Total Debt": "239,334", "Net Debt": "163,324", "Share Issued": "28,414", "Ordinary Shares Number": "28,414"}, "3/31/2010": {"Duration": "3/31/2010", "Total Assets": "504,143", "Total Liabilities Net Minority Interest": "595,400", "Total Equity Gross Minority Interest": "-91,257", "Total Capitalization": "214,642", "Common Stock Equity": "-91,257", "Capital Lease Obligations": "-", "Net Tangible Assets": "-211,119", "Working Capital": "107,287", "Invested Capital": "238,625", "Tangible Book Value": "-211,119", "Total Debt": "329,882", "Net Debt": "214,935", "Share Issued": "26,868", "Ordinary Shares Number": "26,868"}, "3/31/2009": {"Duration": "3/31/2009", "Total Assets": "549,369", "Total Liabilities Net Minority Interest": "669,328", "Total Equity Gross Minority Interest": "-119,959", "Total Capitalization": "284,041", "Common Stock Equity": "-119,959", "Capital Lease Obligations": "-", "Net Tangible Assets": "-275,965", "Working Capital": "138,372", "Invested Capital": "288,041", "Tangible Book Value": "-275,965", "Total Debt": "408,000", "Net Debt": "320,695", "Share Issued": "26,275", "Ordinary Shares Number": "26,275"}, "3/31/2008": {"Duration": "3/31/2008", "Total Assets": "1,065,725", "Total Liabilities Net Minority Interest": "837,721", "Total Equity Gross Minority Interest": "228,004", "Total Capitalization": "724,004", "Common Stock Equity": "228,004", "Capital Lease Obligations": "-", "Net Tangible Assets": "-312,662", "Working Capital": "113,114", "Invested Capital": "728,004", "Tangible Book Value": "-312,662", "Total Debt": "500,000", "Net Debt": "406,357", "Share Issued": "25,866", "Ordinary Shares Number": "25,866"}, "3/31/2007": {"Duration": "3/31/2007", "Total Assets": "1,125,829", "Total Liabilities Net Minority Interest": "871,388", "Total Equity Gross Minority Interest": "254,441", "Total Capitalization": "751,941", "Common Stock Equity": "254,441", "Capital Lease Obligations": "-", "Net Tangible Assets": "-334,192", "Working Capital": "57,011", "Invested Capital": "776,941", "Tangible Book Value": "-334,192", "Total Debt": "522,500", "Net Debt": "461,919", "Share Issued": "24,900", "Ordinary Shares Number": "24,900"}, "3/31/2006": {"Duration": "3/31/2006", "Total Assets": "663,344", "Total Liabilities Net Minority Interest": "382,273", "Total Equity Gross Minority Interest": "281,071", "Total Capitalization": "441,071", "Common Stock Equity": "281,071", "Capital Lease Obligations": "-", "Net Tangible Assets": "184,084", "Working Capital": "306,585", "Invested Capital": "441,071", "Tangible Book Value": "184,084", "Total Debt": "160,000", "Net Debt": "36,702", "Share Issued": "23,605", "Ordinary Shares Number": "23,605"}, "3/31/2005": {"Duration": "3/31/2005", "Total Assets": "724,614", "Total Liabilities Net Minority Interest": "413,931", "Total Equity Gross Minority Interest": "310,683", "Total Capitalization": "470,683", "Common Stock Equity": "310,683", "Capital Lease Obligations": "-", "Net Tangible Assets": "195,486", "Working Capital": "316,774", "Invested Capital": "470,683", "Tangible Book Value": "195,486", "Total Debt": "160,000", "Net Debt": "-", "Share Issued": "22,984", "Ordinary Shares Number": "22,984"}, "3/31/2004": {"Duration": "3/31/2004", "Total Assets": "705,558", "Total Liabilities Net Minority Interest": "399,009", "Total Equity Gross Minority Interest": "306,549", "Total Capitalization": "466,549", "Common Stock Equity": "306,549", "Capital Lease Obligations": "-", "Net Tangible Assets": "199,985", "Working Capital": "334,660", "Invested Capital": "467,086", "Tangible Book Value": "199,985", "Total Debt": "160,537", "Net Debt": "-", "Share Issued": "22,540", "Ordinary Shares Number": "22,540"}, "3/31/2003": {"Duration": "3/31/2003", "Total Assets": "921,729", "Total Liabilities Net Minority Interest": "566,567", "Total Equity Gross Minority Interest": "355,162", "Total Capitalization": "642,662", "Common Stock Equity": "355,162", "Capital Lease Obligations": "-", "Net Tangible Assets": "234,802", "Working Capital": "386,432", "Invested Capital": "642,662", "Tangible Book Value": "234,802", "Total Debt": "287,500", "Net Debt": "65,766", "Share Issued": "21,931", "Ordinary Shares Number": "21,931"}, "3/31/2002": {"Duration": "3/31/2002", "Total Assets": "1,193,772", "Total Liabilities Net Minority Interest": "633,271", "Total Equity Gross Minority Interest": "560,501", "Total Capitalization": "848,001", "Common Stock Equity": "560,501", "Capital Lease Obligations": "-", "Net Tangible Assets": "308,135", "Working Capital": "427,543", "Invested Capital": "889,364", "Tangible Book Value": "308,135", "Total Debt": "328,863", "Net Debt": "-", "Share Issued": "19,621", "Ordinary Shares Number": "19,621"}, "3/31/2001": {"Duration": "3/31/2001", "Total Assets": "1,899,704", "Total Liabilities Net Minority Interest": "603,364", "Total Equity Gross Minority Interest": "1,296,340", "Total Capitalization": "1,583,840", "Common Stock Equity": "1,296,340", "Capital Lease Obligations": "-", "Net Tangible Assets": "1,068,839", "Working Capital": "1,080,489", "Invested Capital": "1,583,840", "Tangible Book Value": "1,068,839", "Total Debt": "287,500", "Net Debt": "-", "Share Issued": "19,008", "Ordinary Shares Number": "19,008"}, "3/31/2000": {"Duration": "3/31/2000", "Total Assets": "1,086,004", "Total Liabilities Net Minority Interest": "493,530", "Total Equity Gross Minority Interest": "592,474", "Total Capitalization": "809,366", "Common Stock Equity": "592,474", "Capital Lease Obligations": "-", "Net Tangible Assets": "344,186", "Working Capital": "484,370", "Invested Capital": "810,055", "Tangible Book Value": "344,186", "Total Debt": "217,581", "Net Debt": "-", "Share Issued": "18,808", "Ordinary Shares Number": "18,808"}, "3/31/1999": {"Duration": "3/31/1999", "Total Assets": "1,013,643", "Total Liabilities Net Minority Interest": "415,099", "Total Equity Gross Minority Interest": "598,544", "Total Capitalization": "828,185", "Common Stock Equity": "598,544", "Capital Lease Obligations": "-", "Net Tangible Assets": "378,176", "Working Capital": "537,258", "Invested Capital": "828,868", "Tangible Book Value": "378,176", "Total Debt": "230,324", "Net Debt": "-", "Share Issued": "20,678", "Ordinary Shares Number": "20,678"}, "3/31/1998": {"Duration": "3/31/1998", "Total Assets": "2,438,411", "Total Liabilities Net Minority Interest": "1,066,389", "Total Equity Gross Minority Interest": "1,372,022", "Total Capitalization": "1,699,507", "Common Stock Equity": "1,372,022", "Capital Lease Obligations": "-", "Net Tangible Assets": "1,347,532", "Working Capital": "1,325,101", "Invested Capital": "1,700,442", "Tangible Book Value": "1,347,532", "Total Debt": "328,420", "Net Debt": "-", "Share Issued": "20,148", "Ordinary Shares Number": "20,148"}, "3/31/1997": {"Duration": "3/31/1997", "Total Assets": "2,158,263", "Total Liabilities Net Minority Interest": "1,272,071", "Total Equity Gross Minority Interest": "886,192", "Total Capitalization": "1,305,210", "Common Stock Equity": "886,192", "Capital Lease Obligations": "-", "Net Tangible Assets": "844,061", "Working Capital": "872,841", "Invested Capital": "1,349,439", "Tangible Book Value": "844,061", "Total Debt": "463,247", "Net Debt": "118,122", "Share Issued": "16,377", "Ordinary Shares Number": "16,377"}, "3/31/1996": {"Duration": "3/31/1996", "Total Assets": "1,975,355", "Total Liabilities Net Minority Interest": "1,430,532", "Total Equity Gross Minority Interest": "544,823", "Total Capitalization": "1,142,981", "Common Stock Equity": "544,823", "Capital Lease Obligations": "-", "Net Tangible Assets": "478,510", "Working Capital": "705,352", "Invested Capital": "1,147,106", "Tangible Book Value": "478,510", "Total Debt": "602,283", "Net Debt": "437,531", "Share Issued": "13,573", "Ordinary Shares Number": "13,573"}, "3/31/1995": {"Duration": "3/31/1995", "Total Assets": "1,481,028", "Total Liabilities Net Minority Interest": "971,541", "Total Equity Gross Minority Interest": "509,487", "Total Capitalization": "836,987", "Common Stock Equity": "509,487", "Capital Lease Obligations": "-", "Net Tangible Assets": "413,669", "Working Capital": "445,883", "Invested Capital": "886,987", "Tangible Book Value": "413,669", "Total Debt": "377,500", "Net Debt": "189,747", "Share Issued": "11,559", "Ordinary Shares Number": "11,559"}, "3/31/1994": {"Duration": "3/31/1994", "Total Assets": "997,400", "Total Liabilities Net Minority Interest": "586,100", "Total Equity Gross Minority Interest": "411,300", "Total Capitalization": "623,800", "Common Stock Equity": "411,300", "Capital Lease Obligations": "-", "Net Tangible Assets": "411,300", "Working Capital": "522,000", "Invested Capital": "623,800", "Tangible Book Value": "411,300", "Total Debt": "212,500", "Net Debt": "-", "Share Issued": "-", "Ordinary Shares Number": "-"}, "3/31/1993": {"Duration": "3/31/1993", "Total Assets": "926,600", "Total Liabilities Net Minority Interest": "528,400", "Total Equity Gross Minority Interest": "398,200", "Total Capitalization": "610,700", "Common Stock Equity": "398,200", "Capital Lease Obligations": "-", "Net Tangible Assets": "398,200", "Working Capital": "513,800", "Invested Capital": "610,700", "Tangible Book Value": "398,200", "Total Debt": "212,500", "Net Debt": "90,700", "Share Issued": "-", "Ordinary Shares Number": "-"}, "3/31/1992": {"Duration": "3/31/1992", "Total Assets": "546,800", "Total Liabilities Net Minority Interest": "238,400", "Total Equity Gross Minority Interest": "308,400", "Total Capitalization": "308,400", "Common Stock Equity": "308,400", "Capital Lease Obligations": "-", "Net Tangible Assets": "308,400", "Working Capital": "216,800", "Invested Capital": "308,400", "Tangible Book Value": "308,400", "Total Debt": "-", "Net Debt": "-", "Share Issued": "-", "Ordinary Shares Number": "-"}, "3/31/1991": {"Duration": "3/31/1991", "Total Assets": "489,400", "Total Liabilities Net Minority Interest": "251,100", "Total Equity Gross Minority Interest": "238,300", "Total Capitalization": "238,300", "Common Stock Equity": "238,300", "Capital Lease Obligations": "-", "Net Tangible Assets": "238,300", "Working Capital": "148,600", "Invested Capital": "238,300", "Tangible Book Value": "238,300", "Total Debt": "-", "Net Debt": "-", "Share Issued": "-", "Ordinary Shares Number": "-"}, "3/31/1990": {"Duration": "3/31/1990", "Total Assets": "243,200", "Total Liabilities Net Minority Interest": "89,600", "Total Equity Gross Minority Interest": "153,600", "Total Capitalization": "153,600", "Common Stock Equity": "153,600", "Capital Lease Obligations": "-", "Net Tangible Assets": "144,900", "Working Capital": "102,200", "Invested Capital": "153,600", "Tangible Book Value": "144,900", "Total Debt": "-", "Net Debt": "-", "Share Issued": "-", "Ordinary Shares Number": "-"}, "3/31/1989": {"Duration": "3/31/1989", "Total Assets": "157,000", "Total Liabilities Net Minority Interest": "56,800", "Total Equity Gross Minority Interest": "100,200", "Total Capitalization": "100,200", "Common Stock Equity": "100,200", "Capital Lease Obligations": "-", "Net Tangible Assets": "90,800", "Working Capital": "56,500", "Invested Capital": "100,200", "Tangible Book Value": "90,800", "Total Debt": "-", "Net Debt": "-", "Share Issued": "-", "Ordinary Shares Number": "-"}, "3/31/1988": {"Duration": "3/31/1988", "Total Assets": "141,700", "Total Liabilities Net Minority Interest": "27,600", "Total Equity Gross Minority Interest": "114,100", "Total Capitalization": "114,100", "Common Stock Equity": "114,100", "Capital Lease Obligations": "-", "Net Tangible Assets": "104,000", "Working Capital": "72,400", "Invested Capital": "114,100", "Tangible Book Value": "104,000", "Total Debt": "-", "Net Debt": "-", "Share Issued": "-", "Ordinary Shares Number": "-"}, "3/31/1987": {"Duration": "3/31/1987", "Total Assets": "137,300", "Total Liabilities Net Minority Interest": "29,200", "Total Equity Gross Minority Interest": "108,100", "Total Capitalization": "108,100", "Common Stock Equity": "108,100", "Capital Lease Obligations": "-", "Net Tangible Assets": "108,100", "Working Capital": "99,000", "Invested Capital": "108,100", "Tangible Book Value": "108,100", "Total Debt": "-", "Net Debt": "-", "Share Issued": "-", "Ordinary Shares Number": "-"}, "3/31/1986": {"Duration": "3/31/1986", "Total Assets": "126,200", "Total Liabilities Net Minority Interest": "20,400", "Total Equity Gross Minority Interest": "105,800", "Total Capitalization": "105,800", "Common Stock Equity": "105,800", "Capital Lease Obligations": "-", "Net Tangible Assets": "105,800", "Working Capital": "94,100", "Invested Capital": "105,800", "Tangible Book Value": "105,800", "Total Debt": "-", "Net Debt": "-", "Share Issued": "-", "Ordinary Shares Number": "-"}}, "cf": {"TTM": {"Duration": "TTM", "Operating Cash Flow": "-16,479", "Investing Cash Flow": "-9,573", "Financing Cash Flow": "30,086", "End Cash Position": "17,473", "Income Tax Paid Supplemental Data": "-", "Interest Paid Supplemental Data": "20,538", "Capital Expenditure": "-4,971", "Issuance of Capital Stock": "539", "Issuance of Debt": "348,105", "Repayment of Debt": "-318,558", "Repurchase of Capital Stock": "-", "Free Cash Flow": "-21,450"}, "3/31/2020": {"Duration": "3/31/2020", "Operating Cash Flow": "-1,181", "Investing Cash Flow": "-4,599", "Financing Cash Flow": "1,211", "End Cash Position": "12,270", "Income Tax Paid Supplemental Data": "490", "Interest Paid Supplemental Data": "16,488", "Capital Expenditure": "-2,633", "Issuance of Capital Stock": "0", "Issuance of Debt": "331,632", "Repayment of Debt": "-330,250", "Repurchase of Capital Stock": "-", "Free Cash Flow": "-3,814"}, "3/31/2019": {"Duration": "3/31/2019", "Operating Cash Flow": "-16,859", "Investing Cash Flow": "235", "Financing Cash Flow": "16,210", "End Cash Position": "16,855", "Income Tax Paid Supplemental Data": "68", "Interest Paid Supplemental Data": "17,677", "Capital Expenditure": "-2,708", "Issuance of Capital Stock": "-", "Issuance of Debt": "507,707", "Repayment of Debt": "-491,143", "Repurchase of Capital Stock": "-", "Free Cash Flow": "-19,567"}, "3/31/2018": {"Duration": "3/31/2018", "Operating Cash Flow": "-5,032", "Investing Cash Flow": "-2,296", "Financing Cash Flow": "-11,232", "End Cash Position": "17,207", "Income Tax Paid Supplemental Data": "-1,455", "Interest Paid Supplemental Data": "10,244", "Capital Expenditure": "-2,584", "Issuance of Capital Stock": "1,715", "Issuance of Debt": "367,755", "Repayment of Debt": "-378,880", "Repurchase of Capital Stock": "-", "Free Cash Flow": "-7,616"}, "3/31/2017": {"Duration": "3/31/2017", "Operating Cash Flow": "8,914", "Investing Cash Flow": "-21,992", "Financing Cash Flow": "-7,886", "End Cash Position": "12,958", "Income Tax Paid Supplemental Data": "1,050", "Interest Paid Supplemental Data": "5,952", "Capital Expenditure": "-1,752", "Issuance of Capital Stock": "1,020", "Issuance of Debt": "104,914", "Repayment of Debt": "-113,082", "Repurchase of Capital Stock": "-", "Free Cash Flow": "7,162"}, "3/31/2016": {"Duration": "3/31/2016", "Operating Cash Flow": "-11,720", "Investing Cash Flow": "-3,621", "Financing Cash Flow": "-18,724", "End Cash Position": "33,870", "Income Tax Paid Supplemental Data": "579", "Interest Paid Supplemental Data": "6,873", "Capital Expenditure": "-3,482", "Issuance of Capital Stock": "2,478", "Issuance of Debt": "68,920", "Repayment of Debt": "-86,946", "Repurchase of Capital Stock": "-", "Free Cash Flow": "-15,202"}, "3/31/2015": {"Duration": "3/31/2015", "Operating Cash Flow": "6,034", "Investing Cash Flow": "11,641", "Financing Cash Flow": "-48,641", "End Cash Position": "67,948", "Income Tax Paid Supplemental Data": "750", "Interest Paid Supplemental Data": "8,498", "Capital Expenditure": "-3,241", "Issuance of Capital Stock": "3,737", "Issuance of Debt": "0", "Repayment of Debt": "-50,000", "Repurchase of Capital Stock": "-", "Free Cash Flow": "2,793"}, "3/31/2014": {"Duration": "3/31/2014", "Operating Cash Flow": "35,474", "Investing Cash Flow": "-6,649", "Financing Cash Flow": "1,285", "End Cash Position": "99,125", "Income Tax Paid Supplemental Data": "574", "Interest Paid Supplemental Data": "8,247", "Capital Expenditure": "-5,957", "Issuance of Capital Stock": "4,430", "Issuance of Debt": "0", "Repayment of Debt": "-1,265", "Repurchase of Capital Stock": "-", "Free Cash Flow": "29,517"}, "3/31/2013": {"Duration": "3/31/2013", "Operating Cash Flow": "7,735", "Investing Cash Flow": "-10,908", "Financing Cash Flow": "20,975", "End Cash Position": "68,976", "Income Tax Paid Supplemental Data": "2,596", "Interest Paid Supplemental Data": "5,672", "Capital Expenditure": "-10,099", "Issuance of Capital Stock": "4,805", "Issuance of Debt": "67,701", "Repayment of Debt": "-49,495", "Repurchase of Capital Stock": "-", "Free Cash Flow": "-2,364"}, "3/31/2012": {"Duration": "3/31/2012", "Operating Cash Flow": "45,660", "Investing Cash Flow": "-21,974", "Financing Cash Flow": "-48,353", "End Cash Position": "51,261", "Income Tax Paid Supplemental Data": "1,857", "Interest Paid Supplemental Data": "8,266", "Capital Expenditure": "-11,414", "Issuance of Capital Stock": "10,390", "Issuance of Debt": "48,535", "Repayment of Debt": "-104,334", "Repurchase of Capital Stock": "-", "Free Cash Flow": "34,246"}, "3/31/2011": {"Duration": "3/31/2011", "Operating Cash Flow": "52,327", "Investing Cash Flow": "-10,103", "Financing Cash Flow": "-81,286", "End Cash Position": "76,010", "Income Tax Paid Supplemental Data": "1,868", "Interest Paid Supplemental Data": "16,478", "Capital Expenditure": "-12,339", "Issuance of Capital Stock": "16,547", "Issuance of Debt": "130,022", "Repayment of Debt": "-225,548", "Repurchase of Capital Stock": "-", "Free Cash Flow": "39,988"}, "3/31/2010": {"Duration": "3/31/2010", "Operating Cash Flow": "100,164", "Investing Cash Flow": "-8,541", "Financing Cash Flow": "-62,398", "End Cash Position": "114,947", "Income Tax Paid Supplemental Data": "1,856", "Interest Paid Supplemental Data": "24,781", "Capital Expenditure": "-8,595", "Issuance of Capital Stock": "2,851", "Issuance of Debt": "120,042", "Repayment of Debt": "-184,222", "Repurchase of Capital Stock": "-", "Free Cash Flow": "91,569"}, "3/31/2009": {"Duration": "3/31/2009", "Operating Cash Flow": "88,088", "Investing Cash Flow": "-4,385", "Financing Cash Flow": "-90,041", "End Cash Position": "87,305", "Income Tax Paid Supplemental Data": "926", "Interest Paid Supplemental Data": "26,606", "Capital Expenditure": "-5,423", "Issuance of Capital Stock": "1,959", "Issuance of Debt": "0", "Repayment of Debt": "-92,000", "Repurchase of Capital Stock": "-", "Free Cash Flow": "82,665"}, "3/31/2008": {"Duration": "3/31/2008", "Operating Cash Flow": "25,741", "Investing Cash Flow": "21,507", "Financing Cash Flow": "-13,531", "End Cash Position": "93,643", "Income Tax Paid Supplemental Data": "-", "Interest Paid Supplemental Data": "-", "Capital Expenditure": "-21,110", "Issuance of Capital Stock": "17,016", "Issuance of Debt": "-", "Repayment of Debt": "-", "Repurchase of Capital Stock": "-", "Free Cash Flow": "4,631"}, "3/31/2007": {"Duration": "3/31/2007", "Operating Cash Flow": "63,809", "Investing Cash Flow": "-489,504", "Financing Cash Flow": "362,978", "End Cash Position": "60,581", "Income Tax Paid Supplemental Data": "-", "Interest Paid Supplemental Data": "-", "Capital Expenditure": "-17,195", "Issuance of Capital Stock": "10,295", "Issuance of Debt": "-", "Repayment of Debt": "-", "Repurchase of Capital Stock": "-", "Free Cash Flow": "46,614"}, "3/31/2006": {"Duration": "3/31/2006", "Operating Cash Flow": "3,419", "Investing Cash Flow": "-115,038", "Financing Cash Flow": "9,781", "End Cash Position": "123,298", "Income Tax Paid Supplemental Data": "-", "Interest Paid Supplemental Data": "-", "Capital Expenditure": "-20,024", "Issuance of Capital Stock": "11,269", "Issuance of Debt": "-", "Repayment of Debt": "-", "Repurchase of Capital Stock": "-", "Free Cash Flow": "-16,605"}, "3/31/2005": {"Duration": "3/31/2005", "Operating Cash Flow": "26,260", "Investing Cash Flow": "-19,548", "Financing Cash Flow": "3,817", "End Cash Position": "225,136", "Income Tax Paid Supplemental Data": "-", "Interest Paid Supplemental Data": "-", "Capital Expenditure": "-19,792", "Issuance of Capital Stock": "5,865", "Issuance of Debt": "-", "Repayment of Debt": "-", "Repurchase of Capital Stock": "-", "Free Cash Flow": "6,468"}, "3/31/2004": {"Duration": "3/31/2004", "Operating Cash Flow": "-2,063", "Investing Cash Flow": "23,936", "Financing Cash Flow": "-29,000", "End Cash Position": "214,607", "Income Tax Paid Supplemental Data": "-", "Interest Paid Supplemental Data": "-", "Capital Expenditure": "-22,264", "Issuance of Capital Stock": "7,598", "Issuance of Debt": "-", "Repayment of Debt": "-", "Repurchase of Capital Stock": "-", "Free Cash Flow": "-24,327"}, "3/31/2003": {"Duration": "3/31/2003", "Operating Cash Flow": "17,625", "Investing Cash Flow": "-103,980", "Financing Cash Flow": "-35,789", "End Cash Position": "221,734", "Income Tax Paid Supplemental Data": "-", "Interest Paid Supplemental Data": "-", "Capital Expenditure": "-18,525", "Issuance of Capital Stock": "5,477", "Issuance of Debt": "-", "Repayment of Debt": "-", "Repurchase of Capital Stock": "-", "Free Cash Flow": "-900"}, "3/31/2002": {"Duration": "3/31/2002", "Operating Cash Flow": "38,839", "Investing Cash Flow": "-93,611", "Financing Cash Flow": "1,113", "End Cash Position": "343,878", "Income Tax Paid Supplemental Data": "-", "Interest Paid Supplemental Data": "-", "Capital Expenditure": "-41,661", "Issuance of Capital Stock": "47,743", "Issuance of Debt": "-", "Repayment of Debt": "-", "Repurchase of Capital Stock": "-", "Free Cash Flow": "-2,822"}, "3/31/2001": {"Duration": "3/31/2001", "Operating Cash Flow": "177,462", "Investing Cash Flow": "-116,594", "Financing Cash Flow": "-177,940", "End Cash Position": "801,190", "Income Tax Paid Supplemental Data": "-", "Interest Paid Supplemental Data": "-", "Capital Expenditure": "-91,823", "Issuance of Capital Stock": "64,039", "Issuance of Debt": "-", "Repayment of Debt": "-", "Repurchase of Capital Stock": "-240,848", "Free Cash Flow": "85,639"}, "3/31/2000": {"Duration": "3/31/2000", "Operating Cash Flow": "379,613", "Investing Cash Flow": "-33,005", "Financing Cash Flow": "-282,531", "End Cash Position": "336,720", "Income Tax Paid Supplemental Data": "-", "Interest Paid Supplemental Data": "-", "Capital Expenditure": "-35,192", "Issuance of Capital Stock": "36,813", "Issuance of Debt": "-", "Repayment of Debt": "-", "Repurchase of Capital Stock": "-303,766", "Free Cash Flow": "344,421"}, "3/31/1999": {"Duration": "3/31/1999", "Operating Cash Flow": "217,105", "Investing Cash Flow": "-34,923", "Financing Cash Flow": "-298,449", "End Cash Position": "272,643", "Income Tax Paid Supplemental Data": "-", "Interest Paid Supplemental Data": "-", "Capital Expenditure": "-33,176", "Issuance of Capital Stock": "28,189", "Issuance of Debt": "-", "Repayment of Debt": "-", "Repurchase of Capital Stock": "-", "Free Cash Flow": "183,929"}, "3/31/1998": {"Duration": "3/31/1998", "Operating Cash Flow": "284,352", "Investing Cash Flow": "-144,210", "Financing Cash Flow": "156,883", "End Cash Position": "642,150", "Income Tax Paid Supplemental Data": "-", "Interest Paid Supplemental Data": "-", "Capital Expenditure": "-175,599", "Issuance of Capital Stock": "50,360", "Issuance of Debt": "287,500", "Repayment of Debt": "-180,977", "Repurchase of Capital Stock": "-", "Free Cash Flow": "108,753"}, "3/31/1997": {"Duration": "3/31/1997", "Operating Cash Flow": "312,699", "Investing Cash Flow": "-171,444", "Financing Cash Flow": "39,118", "End Cash Position": "345,125", "Income Tax Paid Supplemental Data": "-", "Interest Paid Supplemental Data": "-", "Capital Expenditure": "-174,977", "Issuance of Capital Stock": "45,261", "Issuance of Debt": "372,196", "Repayment of Debt": "-378,339", "Repurchase of Capital Stock": "-", "Free Cash Flow": "137,722"}, "3/31/1996": {"Duration": "3/31/1996", "Operating Cash Flow": "-164,107", "Investing Cash Flow": "-200,451", "Financing Cash Flow": "341,557", "End Cash Position": "164,752", "Income Tax Paid Supplemental Data": "-", "Interest Paid Supplemental Data": "-", "Capital Expenditure": "-211,602", "Issuance of Capital Stock": "37,207", "Issuance of Debt": "634,350", "Repayment of Debt": "-330,000", "Repurchase of Capital Stock": "0", "Free Cash Flow": "-375,709"}, "3/31/1995": {"Duration": "3/31/1995", "Operating Cash Flow": "161,056", "Investing Cash Flow": "-300,833", "Financing Cash Flow": "109,999", "End Cash Position": "187,753", "Income Tax Paid Supplemental Data": "-", "Interest Paid Supplemental Data": "-", "Capital Expenditure": "-128,170", "Issuance of Capital Stock": "14,999", "Issuance of Debt": "220,500", "Repayment of Debt": "-125,500", "Repurchase of Capital Stock": "0", "Free Cash Flow": "32,886"}, "3/31/1994": {"Duration": "3/31/1994", "Operating Cash Flow": "71,300", "Investing Cash Flow": "19,500", "Financing Cash Flow": "4,900", "End Cash Position": "-", "Income Tax Paid Supplemental Data": "-", "Interest Paid Supplemental Data": "-", "Capital Expenditure": "-38,400", "Issuance of Capital Stock": "-", "Issuance of Debt": "-", "Repayment of Debt": "-", "Repurchase of Capital Stock": "-", "Free Cash Flow": "32,900"}, "3/31/1993": {"Duration": "3/31/1993", "Operating Cash Flow": "-30,100", "Investing Cash Flow": "-119,600", "Financing Cash Flow": "197,100", "End Cash Position": "-", "Income Tax Paid Supplemental Data": "-", "Interest Paid Supplemental Data": "-", "Capital Expenditure": "-36,100", "Issuance of Capital Stock": "-", "Issuance of Debt": "-", "Repayment of Debt": "-", "Repurchase of Capital Stock": "-", "Free Cash Flow": "-66,200"}, "3/31/1992": {"Duration": "3/31/1992", "Operating Cash Flow": "50,400", "Investing Cash Flow": "-99,800", "Financing Cash Flow": "9,100", "End Cash Position": "-", "Income Tax Paid Supplemental Data": "-", "Interest Paid Supplemental Data": "-", "Capital Expenditure": "-37,800", "Issuance of Capital Stock": "-", "Issuance of Debt": "-", "Repayment of Debt": "-", "Repurchase of Capital Stock": "-", "Free Cash Flow": "12,600"}, "3/31/1991": {"Duration": "3/31/1991", "Operating Cash Flow": "79,500", "Investing Cash Flow": "-49,800", "Financing Cash Flow": "5,800", "End Cash Position": "-", "Income Tax Paid Supplemental Data": "-", "Interest Paid Supplemental Data": "-", "Capital Expenditure": "-46,000", "Issuance of Capital Stock": "-", "Issuance of Debt": "-", "Repayment of Debt": "-", "Repurchase of Capital Stock": "-", "Free Cash Flow": "33,500"}, "3/31/1990": {"Duration": "3/31/1990", "Operating Cash Flow": "40,700", "Investing Cash Flow": "-16,100", "Financing Cash Flow": "3,800", "End Cash Position": "-", "Income Tax Paid Supplemental Data": "-", "Interest Paid Supplemental Data": "-", "Capital Expenditure": "-16,700", "Issuance of Capital Stock": "-", "Issuance of Debt": "-", "Repayment of Debt": "-", "Repurchase of Capital Stock": "-", "Free Cash Flow": "24,000"}}, "inside": {"Date": ["INSIDER NAME", "TITLE", "DATE", "TRANSATION", "SHARE", "PRICE", "AMOUNT"], "2021-05-19 08:55:28": ["DODSON J MICHAEL", "SENIOR VICE PRESIDENT, CFO", "2021-05-11", "OPTION EXERCISE", "117,500", "0.00", "0"], "2021-05-19 08:55:14": ["LERNER JAMES J", "PRES. & CEO, CHAIRMAN OF BOARD", "2021-05-11", "OPTION EXERCISE", "120,000", "0.00", "0"], "2021-05-19 08:54:57": ["KING ELIZABETH", "CHIEF REVENUE OFFICER", "2021-05-11", "OPTION EXERCISE", "6,875", "0.00", "0"], "2021-05-19 08:54:42": ["MOOREHEAD LEWIS W.", "CHIEF ACCOUNTING OFFICER", "2021-05-11", "OPTION EXERCISE", "22,875", "0.00", "0"], "2021-04-28 16:16:48": ["B. RILEY FINANCIAL, INC.", " 10% OWNER", "2021-04-26", "SELL", "940,000", "8.25", "7,755,000"], "2021-04-15 09:40:39": ["KING ELIZABETH", "CHIEF REVENUE OFFICER", "2021-04-13", "SELL", "18,425", "8.14", "150,026"], "2021-03-17 16:07:18": ["KING ELIZABETH", "CHIEF REVENUE OFFICER", "2021-03-11", "OPTION EXERCISE", "6,875", "0.00", "0"], "2021-03-15 17:11:56": ["MACPHERSON REGAN J", "CHIEF LEGAL&COMPLIANCE OFFICER", "2021-03-11", "OPTION EXERCISE", "26,875", "0.00", "0"], "2021-03-15 17:11:32": ["MOOREHEAD LEWIS W.", "CHIEF ACCOUNTING OFFICER", "2021-03-11", "OPTION EXERCISE", "22,875", "0.00", "0"], "2021-03-15 17:11:10": ["DODSON J MICHAEL", "SENIOR VICE PRESIDENT, CFO", "2021-03-11", "OPTION EXERCISE", "117,500", "0.00", "0"], "2021-03-15 17:10:31": ["LERNER JAMES J", "PRES. & CEO, CHAIRMAN OF BOARD", "2021-03-11", "OPTION EXERCISE", "160,000", "0.00", "0"], "2020-12-30 19:49:18": ["DODSON J MICHAEL", "SENIOR VICE PRESIDENT, CFO", "2020-12-30", "SELL", "33,999", "5.63", "191,503"], "2020-12-30 19:48:59": ["LERNER JAMES J", "PRES. & CEO, CHAIRMAN OF BOARD", "2020-12-30", "SELL", "35,069", "5.63", "197,530"], "2020-12-23 19:29:10": ["MOOREHEAD LEWIS W.", "CHIEF ACCOUNTING OFFICER", "2020-12-23", "SELL", "13,312", "6.37", "84,740"], "2020-12-23 19:28:41": ["MACPHERSON REGAN J", "CHIEF LEGAL&COMPLIANCE OFFICER", "2020-12-23", "SELL", "8,992", "6.37", "57,240"], "2020-12-18 16:11:35": ["FICHTHORN JOHN", "DIRECTIOR", "2020-12-16", "BUY", "20,000", "6.19", "123,713"], "2020-09-09 16:06:17": ["LERNER JAMES J", "PRES. & CEO, CHAIRMAN OF BOARD", "2020-09-08", "SELL", "67,834", "5.27", "357,621"], "2020-09-02 13:54:32": ["DODSON J MICHAEL", "SENIOR VICE PRESIDENT, CFO", "2020-08-31", "SELL", "13,132", "5.58", "73,256"], "2020-09-02 13:54:12": ["LERNER JAMES J", "PRES. & CEO, CHAIRMAN OF BOARD", "2020-08-31", "SELL", "38,808", "5.58", "216,487"], "2020-08-26 16:23:40": ["MARTELLA DONALD E. JR.", "SVP, ENGINEERING", "2020-08-24", "SELL", "1,931", "5.38", "10,393"], "2020-08-26 16:23:21": ["MOOREHEAD LEWIS W.", "CHIEF ACCOUNTING OFFICER", "2020-08-24", "SELL", "4,465", "5.38", "24,032"], "2020-08-26 16:22:51": ["KING ELIZABETH", "CHIEF REVENUE OFFICER", "2020-08-24", "SELL", "34,564", "5.38", "186,036"], "2020-08-26 16:22:28": ["DODSON J MICHAEL", "SENIOR VICE PRESIDENT, CFO", "2020-08-24", "SELL", "12,266", "5.38", "66,018"]}}}]