[{"AYI": {"quote": {"05/08/2021": {"value": "191.64", "Market Cap": "6.843B", "Beta (5Y Monthly)": "1.63", "PE Ratio (TTM)": "28.63", "EPS (TTM)": "6.69", "Earnings Date": "Jun 28, 2021 - Jul 02, 2021", "Forward Dividend & Yield": "0.52 (0.27%)", "Ex-Dividend Date": "Apr 15, 2021", "1y Target Est": "175.00"}}, "fin": {"TTM": {"Duration": "TTM", "Total Revenue": "3,236,000", "Cost of Revenue": "1,864,200", "Gross Profit": "1,371,800", "Operating Expense": "993,700", "Operating Income": "378,100", "Net Non Operating Interest Income Expense": "-20,800", "Other Income Expense": "-19,800", "Pretax Income": "337,500", "Tax Provision": "80,900", "Net Income Common Stockholders": "256,600", "Diluted NI Available to Com Stockholders": "256,600", "Basic EPS": "-", "Diluted EPS": "-", "Basic Average Shares": "-", "Diluted Average Shares": "-", "Total Operating Income as Reported": "365,600", "Total Expenses": "2,857,900", "Net Income from Continuing & Discontinued Operation": "256,600", "Normalized Income": "266,104", "Interest Income": "1,800", "Interest Expense": "22,600", "Net Interest Income": "-20,800", "EBIT": "360,100", "EBITDA": "461,400", "Reconciled Cost of Revenue": "1,864,200", "Reconciled Depreciation": "101,300", "Net Income from Continuing Operation Net Minority Interest": "256,600", "Total Unusual Items Excluding Goodwill": "-12,500", "Total Unusual Items": "-12,500", "Normalized EBITDA": "473,900", "Tax Rate for Calcs": "0", "Tax Effect of Unusual Items": "-2,996"}, "8/31/2020": {"Duration": "8/31/2020", "Total Revenue": "3,326,300", "Cost of Revenue": "1,923,900", "Gross Profit": "1,402,400", "Operating Expense": "1,028,500", "Operating Income": "373,900", "Net Non Operating Interest Income Expense": "-23,300", "Other Income Expense": "-25,900", "Pretax Income": "324,700", "Tax Provision": "76,400", "Net Income Common Stockholders": "248,300", "Diluted NI Available to Com Stockholders": "248,300", "Basic EPS": "6.29", "Diluted EPS": "6.27", "Basic Average Shares": "39,500", "Diluted Average Shares": "39,600", "Total Operating Income as Reported": "353,900", "Total Expenses": "2,952,400", "Net Income from Continuing & Discontinued Operation": "248,300", "Normalized Income": "263,600", "Interest Income": "3,100", "Interest Expense": "26,400", "Net Interest Income": "-23,300", "EBIT": "351,100", "EBITDA": "-", "Reconciled Cost of Revenue": "1,923,900", "Reconciled Depreciation": "101,100", "Net Income from Continuing Operation Net Minority Interest": "248,300", "Total Unusual Items Excluding Goodwill": "-20,000", "Total Unusual Items": "-20,000", "Normalized EBITDA": "472,200", "Tax Rate for Calcs": "0", "Tax Effect of Unusual Items": "-4,700"}, "8/31/2019": {"Duration": "8/31/2019", "Total Revenue": "3,672,700", "Cost of Revenue": "2,193,000", "Gross Profit": "1,479,700", "Operating Expense": "1,015,000", "Operating Income": "464,700", "Net Non Operating Interest Income Expense": "-33,300", "Other Income Expense": "-6,500", "Pretax Income": "424,900", "Tax Provision": "94,500", "Net Income Common Stockholders": "330,400", "Diluted NI Available to Com Stockholders": "330,400", "Basic EPS": "8.32", "Diluted EPS": "8.29", "Basic Average Shares": "39,700", "Diluted Average Shares": "39,800", "Total Operating Income as Reported": "462,900", "Total Expenses": "3,208,000", "Net Income from Continuing & Discontinued Operation": "330,400", "Normalized Income": "331,800", "Interest Income": "3,100", "Interest Expense": "36,400", "Net Interest Income": "-33,300", "EBIT": "461,300", "EBITDA": "-", "Reconciled Cost of Revenue": "2,193,000", "Reconciled Depreciation": "88,300", "Net Income from Continuing Operation Net Minority Interest": "330,400", "Total Unusual Items Excluding Goodwill": "-1,800", "Total Unusual Items": "-1,800", "Normalized EBITDA": "551,400", "Tax Rate for Calcs": "0", "Tax Effect of Unusual Items": "-399.6"}, "8/31/2018": {"Duration": "8/31/2018", "Total Revenue": "3,680,100", "Cost of Revenue": "2,193,300", "Gross Profit": "1,486,800", "Operating Expense": "1,026,600", "Operating Income": "460,200", "Net Non Operating Interest Income Expense": "-33,500", "Other Income Expense": "-800", "Pretax Income": "425,900", "Tax Provision": "76,300", "Net Income Common Stockholders": "349,600", "Diluted NI Available to Com Stockholders": "349,600", "Basic EPS": "8.54", "Diluted EPS": "8.52", "Basic Average Shares": "40,900", "Diluted Average Shares": "41,000", "Total Operating Income as Reported": "454,600", "Total Expenses": "3,219,900", "Net Income from Continuing & Discontinued Operation": "349,600", "Normalized Income": "354,198", "Interest Income": "2,000", "Interest Expense": "35,500", "Net Interest Income": "-33,500", "EBIT": "461,400", "EBITDA": "-", "Reconciled Cost of Revenue": "2,193,300", "Reconciled Depreciation": "80,300", "Net Income from Continuing Operation Net Minority Interest": "349,600", "Total Unusual Items Excluding Goodwill": "-5,600", "Total Unusual Items": "-5,600", "Normalized EBITDA": "547,300", "Tax Rate for Calcs": "0", "Tax Effect of Unusual Items": "-1,002"}}, "bs": {"8/31/2020": {"Duration": "8/31/2020", "Total Assets": "3,491,700", "Total Liabilities Net Minority Interest": "1,364,200", "Total Equity Gross Minority Interest": "2,127,500", "Total Capitalization": "2,504,300", "Common Stock Equity": "2,127,500", "Capital Lease Obligations": "74,000", "Net Tangible Assets": "441,600", "Working Capital": "822,100", "Invested Capital": "2,528,600", "Tangible Book Value": "441,600", "Total Debt": "475,100", "Net Debt": "-", "Share Issued": "53,885", "Ordinary Shares Number": "38,873", "Treasury Shares Number": "15,012"}, "8/31/2019": {"Duration": "8/31/2019", "Total Assets": "3,172,400", "Total Liabilities Net Minority Interest": "1,253,500", "Total Equity Gross Minority Interest": "1,918,900", "Total Capitalization": "2,266,400", "Common Stock Equity": "1,918,900", "Capital Lease Obligations": "-", "Net Tangible Assets": "485,600", "Working Capital": "845,700", "Invested Capital": "2,275,500", "Tangible Book Value": "485,600", "Total Debt": "356,600", "Net Debt": "-", "Share Issued": "53,778", "Ordinary Shares Number": "39,453", "Treasury Shares Number": "14,325"}, "8/31/2018": {"Duration": "8/31/2018", "Total Assets": "2,988,800", "Total Liabilities Net Minority Interest": "1,272,000", "Total Equity Gross Minority Interest": "1,716,800", "Total Capitalization": "2,073,200", "Common Stock Equity": "1,716,800", "Capital Lease Obligations": "-", "Net Tangible Assets": "247,500", "Working Capital": "528,400", "Invested Capital": "2,073,600", "Tangible Book Value": "247,500", "Total Debt": "356,800", "Net Debt": "227,700", "Share Issued": "53,667", "Ordinary Shares Number": "39,991", "Treasury Shares Number": "13,677"}}, "cf": {"TTM": {"Duration": "TTM", "Operating Cash Flow": "502,700", "Investing Cash Flow": "-54,200", "Financing Cash Flow": "-338,800", "End Cash Position": "490,300", "Income Tax Paid Supplemental Data": "73,400", "Interest Paid Supplemental Data": "21,500", "Capital Expenditure": "-51,200", "Issuance of Debt": "493,900", "Repayment of Debt": "-402,300", "Repurchase of Capital Stock": "-407,600", "Free Cash Flow": "451,500"}, "8/31/2020": {"Duration": "8/31/2020", "Operating Cash Flow": "504,800", "Investing Cash Flow": "-359,800", "Financing Cash Flow": "-50,300", "End Cash Position": "560,700", "Income Tax Paid Supplemental Data": "64,600", "Interest Paid Supplemental Data": "29,800", "Capital Expenditure": "-54,900", "Issuance of Debt": "400,000", "Repayment of Debt": "-355,700", "Repurchase of Capital Stock": "-69,300", "Free Cash Flow": "449,900"}, "8/31/2019": {"Duration": "8/31/2019", "Operating Cash Flow": "494,700", "Investing Cash Flow": "-53,000", "Financing Cash Flow": "-108,200", "End Cash Position": "461,000", "Income Tax Paid Supplemental Data": "92,900", "Interest Paid Supplemental Data": "35,600", "Capital Expenditure": "-53,000", "Issuance of Debt": "86,100", "Repayment of Debt": "-86,500", "Repurchase of Capital Stock": "-81,600", "Free Cash Flow": "441,700"}, "8/31/2018": {"Duration": "8/31/2018", "Operating Cash Flow": "353,200", "Investing Cash Flow": "-205,700", "Financing Cash Flow": "-326,700", "End Cash Position": "129,100", "Income Tax Paid Supplemental Data": "126,600", "Interest Paid Supplemental Data": "36,700", "Capital Expenditure": "-43,600", "Issuance of Debt": "395,000", "Repayment of Debt": "-395,400", "Repurchase of Capital Stock": "-298,400", "Free Cash Flow": "309,600"}}}}, {"APH": {"quote": {"05/08/2021": {"value": "68.11", "Market Cap": "40.704B", "Beta (5Y Monthly)": "1.25", "PE Ratio (TTM)": "32.67", "EPS (TTM)": "2.09", "Earnings Date": "Jul 20, 2021 - Jul 26, 2021", "Forward Dividend & Yield": "1.16 (1.70%)", "Ex-Dividend Date": "Mar 22, 2021", "1y Target Est": "74.04"}}, "fin": {"TTM": {"Duration": "TTM", "Total Revenue": "9,114,000", "Cost of Revenue": "6,282,200", "Gross Profit": "2,831,800", "Operating Expense": "1,034,000", "Operating Income": "1,797,800", "Net Non Operating Interest Income Expense": "-115,200", "Other Income Expense": "-9,300", "Pretax Income": "1,673,300", "Tax Provision": "371,400", "Net Income Common Stockholders": "1,290,900", "Diluted NI Available to Com Stockholders": "1,290,900", "Basic EPS": "-", "Diluted EPS": "-", "Basic Average Shares": "-", "Diluted Average Shares": "-", "Total Operating Income as Reported": "1,786,300", "Total Expenses": "7,316,200", "Net Income from Continuing & Discontinued Operation": "1,290,900", "Normalized Income": "1,299,847", "Interest Income": "-", "Interest Expense": "115,200", "Net Interest Income": "-115,200", "EBIT": "1,788,500", "EBITDA": "2,101,200", "Reconciled Cost of Revenue": "6,282,200", "Reconciled Depreciation": "312,700", "Net Income from Continuing Operation Net Minority Interest": "1,290,900", "Total Unusual Items Excluding Goodwill": "-11,500", "Total Unusual Items": "-11,500", "Normalized EBITDA": "2,112,700", "Tax Rate for Calcs": "0", "Tax Effect of Unusual Items": "-2,553"}, "12/31/2020": {"Duration": "12/31/2020", "Total Revenue": "8,598,900", "Cost of Revenue": "5,934,800", "Gross Profit": "2,664,100", "Operating Expense": "1,014,200", "Operating Income": "1,649,900", "Net Non Operating Interest Income Expense": "-115,400", "Other Income Expense": "-7,900", "Pretax Income": "1,526,600", "Tax Provision": "313,300", "Net Income Common Stockholders": "1,203,400", "Diluted NI Available to Com Stockholders": "1,203,400", "Basic EPS": "2.02", "Diluted EPS": "1.96", "Basic Average Shares": "596,000", "Diluted Average Shares": "615,000", "Total Operating Income as Reported": "1,638,400", "Total Expenses": "6,949,000", "Net Income from Continuing & Discontinued Operation": "1,203,400", "Normalized Income": "1,212,543", "Interest Income": "-", "Interest Expense": "115,400", "Net Interest Income": "-115,400", "EBIT": "1,642,000", "EBITDA": "-", "Reconciled Cost of Revenue": "5,934,800", "Reconciled Depreciation": "308,100", "Net Income from Continuing Operation Net Minority Interest": "1,203,400", "Total Unusual Items Excluding Goodwill": "-11,500", "Total Unusual Items": "-11,500", "Normalized EBITDA": "1,961,600", "Tax Rate for Calcs": "0", "Tax Effect of Unusual Items": "-2,357"}, "12/31/2019": {"Duration": "12/31/2019", "Total Revenue": "8,225,400", "Cost of Revenue": "5,609,400", "Gross Profit": "2,616,000", "Operating Expense": "971,400", "Operating Income": "1,644,600", "Net Non Operating Interest Income Expense": "-117,600", "Other Income Expense": "-31,100", "Pretax Income": "1,495,900", "Tax Provision": "331,900", "Net Income Common Stockholders": "1,155,000", "Diluted NI Available to Com Stockholders": "1,155,000", "Basic EPS": "1.94", "Diluted EPS": "1.88", "Basic Average Shares": "595,000", "Diluted Average Shares": "615,800", "Total Operating Income as Reported": "1,619,200", "Total Expenses": "6,580,800", "Net Income from Continuing & Discontinued Operation": "1,155,000", "Normalized Income": "1,185,887", "Interest Income": "-", "Interest Expense": "117,600", "Net Interest Income": "-117,600", "EBIT": "1,613,500", "EBITDA": "-", "Reconciled Cost of Revenue": "5,609,400", "Reconciled Depreciation": "312,100", "Net Income from Continuing Operation Net Minority Interest": "1,155,000", "Total Unusual Items Excluding Goodwill": "-39,700", "Total Unusual Items": "-39,700", "Normalized EBITDA": "1,965,300", "Tax Rate for Calcs": "0", "Tax Effect of Unusual Items": "-8,813"}, "12/31/2018": {"Duration": "12/31/2018", "Total Revenue": "8,202,000", "Cost of Revenue": "5,547,100", "Gross Profit": "2,654,900", "Operating Expense": "959,500", "Operating Income": "1,695,400", "Net Non Operating Interest Income Expense": "-101,700", "Other Income Expense": "-5,300", "Pretax Income": "1,588,400", "Tax Provision": "371,500", "Net Income Common Stockholders": "1,205,000", "Diluted NI Available to Com Stockholders": "1,205,000", "Basic EPS": "2.00", "Diluted EPS": "1.93", "Basic Average Shares": "602,400", "Diluted Average Shares": "625,200", "Total Operating Income as Reported": "1,686,900", "Total Expenses": "6,506,600", "Net Income from Continuing & Discontinued Operation": "1,205,000", "Normalized Income": "1,211,511", "Interest Income": "-", "Interest Expense": "101,700", "Net Interest Income": "-101,700", "EBIT": "1,690,100", "EBITDA": "-", "Reconciled Cost of Revenue": "5,547,100", "Reconciled Depreciation": "299,700", "Net Income from Continuing Operation Net Minority Interest": "1,205,000", "Total Unusual Items Excluding Goodwill": "-8,500", "Total Unusual Items": "-8,500", "Normalized EBITDA": "1,998,300", "Tax Rate for Calcs": "0", "Tax Effect of Unusual Items": "-1,989"}}, "bs": {"12/31/2020": {"Duration": "12/31/2020", "Total Assets": "12,327,300", "Total Liabilities Net Minority Interest": "6,875,400", "Total Equity Gross Minority Interest": "5,451,900", "Total Capitalization": "9,021,100", "Common Stock Equity": "5,384,900", "Net Tangible Assets": "-44,700", "Working Capital": "3,186,500", "Invested Capital": "9,251,400", "Tangible Book Value": "-44,700", "Total Debt": "3,866,500", "Net Debt": "2,164,500", "Share Issued": "600,600", "Ordinary Shares Number": "598,600", "Treasury Shares Number": "2,000"}, "12/31/2019": {"Duration": "12/31/2019", "Total Assets": "10,815,500", "Total Liabilities Net Minority Interest": "6,219,300", "Total Equity Gross Minority Interest": "4,596,200", "Total Capitalization": "7,733,700", "Common Stock Equity": "4,530,300", "Net Tangible Assets": "-778,800", "Working Capital": "2,078,500", "Invested Capital": "8,137,000", "Tangible Book Value": "-778,800", "Total Debt": "3,606,700", "Net Debt": "2,715,500", "Share Issued": "597,400", "Ordinary Shares Number": "595,800", "Treasury Shares Number": "1,600"}, "12/31/2018": {"Duration": "12/31/2018", "Total Assets": "10,044,900", "Total Liabilities Net Minority Interest": "5,980,700", "Total Equity Gross Minority Interest": "4,064,200", "Total Capitalization": "6,823,400", "Common Stock Equity": "4,017,000", "Net Tangible Assets": "-484,100", "Working Capital": "2,120,300", "Invested Capital": "7,587,700", "Tangible Book Value": "-484,100", "Total Debt": "3,570,700", "Net Debt": "2,291,400", "Share Issued": "598,400", "Ordinary Shares Number": "597,000", "Treasury Shares Number": "1,400"}}, "cf": {"TTM": {"Duration": "TTM", "Operating Cash Flow": "1,528,700", "Investing Cash Flow": "-526,300", "Financing Cash Flow": "-1,117,800", "End Cash Position": "2,256,900", "Income Tax Paid Supplemental Data": "348,300", "Interest Paid Supplemental Data": "110,900", "Capital Expenditure": "-294,400", "Issuance of Debt": "1,356,100", "Repayment of Debt": "-1,893,400", "Repurchase of Capital Stock": "-536,900", "Free Cash Flow": "1,234,300"}, "12/31/2020": {"Duration": "12/31/2020", "Operating Cash Flow": "1,592,000", "Investing Cash Flow": "-333,500", "Financing Cash Flow": "-516,600", "End Cash Position": "1,702,000", "Income Tax Paid Supplemental Data": "337,300", "Interest Paid Supplemental Data": "104,800", "Capital Expenditure": "-276,800", "Issuance of Debt": "2,509,700", "Repayment of Debt": "-2,358,300", "Repurchase of Capital Stock": "-641,300", "Free Cash Flow": "1,315,200"}, "12/31/2019": {"Duration": "12/31/2019", "Operating Cash Flow": "1,502,300", "Investing Cash Flow": "-1,228,800", "Financing Cash Flow": "-648,400", "End Cash Position": "891,200", "Income Tax Paid Supplemental Data": "408,300", "Interest Paid Supplemental Data": "116,600", "Capital Expenditure": "-295,000", "Issuance of Debt": "1,398,800", "Repayment of Debt": "-1,340,500", "Repurchase of Capital Stock": "-601,700", "Free Cash Flow": "1,207,300"}, "12/31/2018": {"Duration": "12/31/2018", "Operating Cash Flow": "1,112,700", "Investing Cash Flow": "-441,800", "Financing Cash Flow": "-1,070,100", "End Cash Position": "1,279,300", "Income Tax Paid Supplemental Data": "393,200", "Interest Paid Supplemental Data": "94,200", "Capital Expenditure": "-310,600", "Issuance of Debt": "571,700", "Repayment of Debt": "-15,200", "Repurchase of Capital Stock": "-935,200", "Free Cash Flow": "802,100"}}}}, {"AEIS": {"quote": {"05/08/2021": {"value": "90.12", "Market Cap": "3.462B", "Beta (5Y Monthly)": "1.77", "PE Ratio (TTM)": "22.38", "EPS (TTM)": "4.03", "Earnings Date": "Aug 03, 2021 - Aug 09, 2021", "Forward Dividend & Yield": "0.40 (0.44%)", "Ex-Dividend Date": "May 21, 2021", "1y Target Est": "123.78"}}, "fin": {"TTM": {"Duration": "TTM", "Total Revenue": "1,451,990", "Cost of Revenue": "884,849", "Gross Profit": "567,141", "Operating Expense": "359,196", "Operating Income": "207,945", "Other Income Expense": "-28,421", "Pretax Income": "179,524", "Tax Provision": "24,380", "Net Income Common Stockholders": "155,280", "Diluted NI Available to Com Stockholders": "155,280", "Basic EPS": "-", "Diluted EPS": "-", "Basic Average Shares": "-", "Diluted Average Shares": "-", "Total Operating Income as Reported": "194,397", "Total Expenses": "1,244,045", "Net Income from Continuing & Discontinued Operation": "155,280", "Normalized Income": "166,779", "EBIT": "207,945", "EBITDA": "256,820", "Reconciled Cost of Revenue": "856,481", "Reconciled Depreciation": "48,875", "Net Income from Continuing Operation Net Minority Interest": "155,071", "Total Unusual Items Excluding Goodwill": "-13,548", "Total Unusual Items": "-13,548", "Normalized EBITDA": "270,368", "Tax Rate for Calcs": "0", "Tax Effect of Unusual Items": "-1,840"}, "12/31/2020": {"Duration": "12/31/2020", "Total Revenue": "1,415,826", "Cost of Revenue": "873,957", "Gross Profit": "541,869", "Operating Expense": "352,680", "Operating Income": "189,189", "Other Income Expense": "-31,042", "Pretax Income": "158,147", "Tax Provision": "22,996", "Net Income Common Stockholders": "134,675", "Diluted NI Available to Com Stockholders": "134,675", "Basic EPS": "-", "Diluted EPS": "-", "Basic Average Shares": "-", "Diluted Average Shares": "-", "Total Operating Income as Reported": "176,023", "Total Expenses": "1,226,637", "Net Income from Continuing & Discontinued Operation": "134,675", "Normalized Income": "146,353", "EBIT": "189,189", "EBITDA": "-", "Reconciled Cost of Revenue": "846,316", "Reconciled Depreciation": "47,770", "Net Income from Continuing Operation Net Minority Interest": "135,096", "Total Unusual Items Excluding Goodwill": "-13,166", "Total Unusual Items": "-13,166", "Normalized EBITDA": "250,125", "Tax Rate for Calcs": "0", "Tax Effect of Unusual Items": "-1,909"}, "12/31/2019": {"Duration": "12/31/2019", "Total Revenue": "788,948", "Cost of Revenue": "473,296", "Gross Profit": "315,652", "Operating Expense": "256,226", "Operating Income": "59,426", "Other Income Expense": "7,768", "Pretax Income": "67,194", "Tax Provision": "10,699", "Net Income Common Stockholders": "64,941", "Diluted NI Available to Com Stockholders": "64,941", "Basic EPS": "1.70", "Diluted EPS": "1.69", "Basic Average Shares": "38,281", "Diluted Average Shares": "38,495", "Total Operating Income as Reported": "54,388", "Total Expenses": "729,522", "Net Income from Continuing & Discontinued Operation": "64,941", "Normalized Income": "60,698", "EBIT": "59,426", "EBITDA": "-", "Reconciled Cost of Revenue": "459,317", "Reconciled Depreciation": "26,147", "Net Income from Continuing Operation Net Minority Interest": "56,461", "Total Unusual Items Excluding Goodwill": "-5,038", "Total Unusual Items": "-5,038", "Normalized EBITDA": "90,611", "Tax Rate for Calcs": "0", "Tax Effect of Unusual Items": "-801.042"}, "12/31/2018": {"Duration": "12/31/2018", "Total Revenue": "718,892", "Cost of Revenue": "353,285", "Gross Profit": "365,607", "Operating Expense": "189,815", "Operating Income": "175,792", "Other Income Expense": "-3,416", "Pretax Income": "172,376", "Tax Provision": "25,227", "Net Income Common Stockholders": "147,025", "Diluted NI Available to Com Stockholders": "147,025", "Basic EPS": "3.76", "Diluted EPS": "3.74", "Basic Average Shares": "39,081", "Diluted Average Shares": "39,352", "Total Operating Income as Reported": "171,553", "Total Expenses": "543,100", "Net Income from Continuing & Discontinued Operation": "147,025", "Normalized Income": "150,683", "EBIT": "175,792", "EBITDA": "-", "Reconciled Cost of Revenue": "345,467", "Reconciled Depreciation": "13,592", "Net Income from Continuing Operation Net Minority Interest": "147,063", "Total Unusual Items Excluding Goodwill": "-4,239", "Total Unusual Items": "-4,239", "Normalized EBITDA": "193,623", "Tax Rate for Calcs": "0", "Tax Effect of Unusual Items": "-618.894"}}, "bs": {"12/31/2020": {"Duration": "12/31/2020", "Total Assets": "1,647,662", "Total Liabilities Net Minority Interest": "832,322", "Total Equity Gross Minority Interest": "815,340", "Total Capitalization": "1,119,285", "Common Stock Equity": "814,739", "Capital Lease Obligations": "112,585", "Net Tangible Assets": "435,817", "Working Capital": "683,852", "Invested Capital": "1,136,785", "Tangible Book Value": "435,817", "Total Debt": "434,631", "Share Issued": "38,293", "Ordinary Shares Number": "38,293"}, "12/31/2019": {"Duration": "12/31/2019", "Total Assets": "1,532,406", "Total Liabilities Net Minority Interest": "855,146", "Total Equity Gross Minority Interest": "677,260", "Total Capitalization": "998,241", "Common Stock Equity": "676,714", "Capital Lease Obligations": "108,850", "Net Tangible Assets": "289,771", "Working Capital": "546,406", "Invested Capital": "1,015,741", "Tangible Book Value": "289,771", "Total Debt": "447,877", "Share Issued": "38,358", "Ordinary Shares Number": "38,358"}, "12/31/2018": {"Duration": "12/31/2018", "Total Assets": "816,484", "Total Liabilities Net Minority Interest": "209,182", "Total Equity Gross Minority Interest": "607,302", "Total Capitalization": "606,790", "Common Stock Equity": "606,790", "Capital Lease Obligations": "-", "Net Tangible Assets": "449,980", "Working Capital": "458,139", "Invested Capital": "606,790", "Tangible Book Value": "449,980", "Total Debt": "-", "Share Issued": "38,164", "Ordinary Shares Number": "38,164"}}, "cf": {"TTM": {"Duration": "TTM", "Operating Cash Flow": "226,793", "Investing Cash Flow": "-48,131", "Financing Cash Flow": "-28,261", "Cash Flow from Discontinued Operation": "0", "End Cash Position": "502,941", "Income Tax Paid Supplemental Data": "18,360", "Interest Paid Supplemental Data": "4,017", "Capital Expenditure": "-39,166", "Issuance of Debt": "-", "Repayment of Debt": "-17,500", "Repurchase of Capital Stock": "-4,382", "Free Cash Flow": "187,627"}, "12/31/2020": {"Duration": "12/31/2020", "Operating Cash Flow": "201,236", "Investing Cash Flow": "-42,840", "Financing Cash Flow": "-29,612", "Cash Flow from Discontinued Operation": "0", "End Cash Position": "480,368", "Income Tax Paid Supplemental Data": "21,032", "Interest Paid Supplemental Data": "5,278", "Capital Expenditure": "-36,483", "Issuance of Debt": "0", "Repayment of Debt": "-17,500", "Repurchase of Capital Stock": "-11,630", "Free Cash Flow": "164,753"}, "12/31/2019": {"Duration": "12/31/2019", "Operating Cash Flow": "48,392", "Investing Cash Flow": "-393,847", "Financing Cash Flow": "338,840", "Cash Flow from Discontinued Operation": "0", "End Cash Position": "346,441", "Income Tax Paid Supplemental Data": "18,594", "Interest Paid Supplemental Data": "3,479", "Capital Expenditure": "-25,188", "Issuance of Debt": "347,486", "Repayment of Debt": "-8,750", "Repurchase of Capital Stock": "0", "Free Cash Flow": "23,204"}, "12/31/2018": {"Duration": "12/31/2018", "Operating Cash Flow": "151,271", "Investing Cash Flow": "-113,592", "Financing Cash Flow": "-97,134", "Cash Flow from Discontinued Operation": "-5,251", "End Cash Position": "349,301", "Income Tax Paid Supplemental Data": "16,190", "Interest Paid Supplemental Data": "228", "Capital Expenditure": "-20,330", "Issuance of Debt": "-", "Repayment of Debt": "-", "Repurchase of Capital Stock": "-95,125", "Free Cash Flow": "130,941"}}}}, {"BELFB": {"quote": {"05/08/2021": {"value": "17.46", "Market Cap": "216.438M", "Beta (5Y Monthly)": "1.98", "PE Ratio (TTM)": "10.89", "EPS (TTM)": "1.60", "Earnings Date": "Oct 30, 2020", "Forward Dividend & Yield": "0.28 (1.60%)", "Ex-Dividend Date": "Apr 14, 2021", "1y Target Est": "21.00"}}, "fin": {"TTM": {"Duration": "TTM", "Total Revenue": "472,436", "Cost of Revenue": "353,559", "Gross Profit": "118,877", "Operating Expense": "100,175", "Operating Income": "18,702", "Net Non Operating Interest Income Expense": "-4,196", "Other Income Expense": "6,404", "Pretax Income": "20,910", "Tax Provision": "1,112", "Net Income Common Stockholders": "19,798", "Diluted NI Available to Com Stockholders": "19,798", "Basic EPS": "-", "Diluted EPS": "-", "Basic Average Shares": "-", "Diluted Average Shares": "-", "Total Operating Income as Reported": "26,257", "Total Expenses": "453,734", "Net Income from Continuing & Discontinued Operation": "19,798", "Normalized Income": "12,645", "Interest Income": "-", "Interest Expense": "4,196", "Net Interest Income": "-4,196", "EBIT": "25,106", "EBITDA": "25,106", "Reconciled Cost of Revenue": "353,559", "Reconciled Depreciation": "-", "Net Income from Continuing Operation Net Minority Interest": "19,798", "Total Unusual Items Excluding Goodwill": "7,555", "Total Unusual Items": "7,555", "Normalized EBITDA": "17,551", "Tax Rate for Calcs": "0", "Tax Effect of Unusual Items": "401.7771"}, "12/31/2020": {"Duration": "12/31/2020", "Total Revenue": "465,771", "Cost of Revenue": "346,041", "Gross Profit": "119,730", "Operating Expense": "102,315", "Operating Income": "17,415", "Net Non Operating Interest Income Expense": "-4,746", "Other Income Expense": "-533", "Pretax Income": "12,136", "Tax Provision": "-659", "Net Income Common Stockholders": "12,795", "Diluted NI Available to Com Stockholders": "12,795", "Basic EPS": "-", "Diluted EPS": "-", "Basic Average Shares": "-", "Diluted Average Shares": "-", "Total Operating Income as Reported": "18,667", "Total Expenses": "448,356", "Net Income from Continuing & Discontinued Operation": "12,795", "Normalized Income": "11,881", "Interest Income": "-", "Interest Expense": "4,746", "Net Interest Income": "-4,746", "EBIT": "16,882", "EBITDA": "-", "Reconciled Cost of Revenue": "346,041", "Reconciled Depreciation": "16,423", "Net Income from Continuing Operation Net Minority Interest": "12,795", "Total Unusual Items Excluding Goodwill": "1,252", "Total Unusual Items": "1,252", "Normalized EBITDA": "32,053", "Tax Rate for Calcs": "0", "Tax Effect of Unusual Items": "338.04"}, "12/31/2019": {"Duration": "12/31/2019", "Total Revenue": "492,412", "Cost of Revenue": "381,715", "Gross Profit": "110,697", "Operating Expense": "102,987", "Operating Income": "7,710", "Net Non Operating Interest Income Expense": "-5,448", "Other Income Expense": "-9,564", "Pretax Income": "-7,302", "Tax Provision": "1,441", "Net Income Common Stockholders": "-8,743", "Diluted NI Available to Com Stockholders": "-8,743", "Basic EPS": "-0.71", "Diluted EPS": "-0.71", "Basic Average Shares": "12,284", "Diluted Average Shares": "12,284", "Total Operating Income as Reported": "483", "Total Expenses": "484,702", "Net Income from Continuing & Discontinued Operation": "-8,743", "Normalized Income": "-3,467", "Interest Income": "-", "Interest Expense": "5,448", "Net Interest Income": "-5,448", "EBIT": "-1,854", "EBITDA": "-", "Reconciled Cost of Revenue": "381,715", "Reconciled Depreciation": "16,471", "Net Income from Continuing Operation Net Minority Interest": "-8,743", "Total Unusual Items Excluding Goodwill": "-7,227", "Total Unusual Items": "-7,227", "Normalized EBITDA": "21,844", "Tax Rate for Calcs": "0", "Tax Effect of Unusual Items": "-1,951"}, "12/31/2018": {"Duration": "12/31/2018", "Total Revenue": "548,184", "Cost of Revenue": "438,414", "Gross Profit": "109,770", "Operating Expense": "79,937", "Operating Income": "29,833", "Net Non Operating Interest Income Expense": "-5,317", "Other Income Expense": "-900", "Pretax Income": "23,616", "Tax Provision": "2,907", "Net Income Common Stockholders": "20,709", "Diluted NI Available to Com Stockholders": "20,709", "Basic EPS": "1.73", "Diluted EPS": "1.73", "Basic Average Shares": "12,114", "Diluted Average Shares": "12,114", "Total Operating Income as Reported": "29,611", "Total Expenses": "518,351", "Net Income from Continuing & Discontinued Operation": "20,709", "Normalized Income": "20,904", "Interest Income": "-", "Interest Expense": "5,317", "Net Interest Income": "-5,317", "EBIT": "28,933", "EBITDA": "-", "Reconciled Cost of Revenue": "438,414", "Reconciled Depreciation": "18,207", "Net Income from Continuing Operation Net Minority Interest": "20,709", "Total Unusual Items Excluding Goodwill": "-222", "Total Unusual Items": "-222", "Normalized EBITDA": "47,362", "Tax Rate for Calcs": "0", "Tax Effect of Unusual Items": "-27.306"}}, "bs": {"12/31/2020": {"Duration": "12/31/2020", "Total Assets": "453,866", "Total Liabilities Net Minority Interest": "268,067", "Total Equity Gross Minority Interest": "185,799", "Total Capitalization": "296,093", "Common Stock Equity": "185,799", "Capital Lease Obligations": "14,655", "Net Tangible Assets": "96,044", "Working Capital": "192,680", "Invested Capital": "301,379", "Tangible Book Value": "96,044", "Total Debt": "130,235", "Net Debt": "30,641", "Share Issued": "16,645", "Ordinary Shares Number": "12,354", "Treasury Shares Number": "4,291"}, "12/31/2019": {"Duration": "12/31/2019", "Total Assets": "468,917", "Total Liabilities Net Minority Interest": "300,866", "Total Equity Gross Minority Interest": "168,051", "Total Capitalization": "306,266", "Common Stock Equity": "168,051", "Capital Lease Obligations": "19,128", "Net Tangible Assets": "73,693", "Working Capital": "192,963", "Invested Capital": "311,755", "Tangible Book Value": "73,693", "Total Debt": "162,832", "Net Debt": "71,415", "Share Issued": "16,564", "Ordinary Shares Number": "12,273", "Treasury Shares Number": "4,291"}, "12/31/2018": {"Duration": "12/31/2018", "Total Assets": "443,524", "Total Liabilities Net Minority Interest": "267,054", "Total Equity Gross Minority Interest": "176,470", "Total Capitalization": "288,175", "Common Stock Equity": "176,470", "Capital Lease Obligations": "-", "Net Tangible Assets": "93,964", "Working Capital": "184,479", "Invested Capital": "290,683", "Tangible Book Value": "93,964", "Total Debt": "114,213", "Net Debt": "60,302", "Share Issued": "16,558", "Ordinary Shares Number": "12,267", "Treasury Shares Number": "4,291"}}, "cf": {"TTM": {"Duration": "TTM", "Operating Cash Flow": "-", "Investing Cash Flow": "-", "Financing Cash Flow": "-", "End Cash Position": "-", "Income Tax Paid Supplemental Data": "-", "Interest Paid Supplemental Data": "-", "Capital Expenditure": "-", "Issuance of Debt": "-", "Repayment of Debt": "-", "Repurchase of Capital Stock": "-", "Free Cash Flow": "-"}, "12/31/2020": {"Duration": "12/31/2020", "Operating Cash Flow": "46,108", "Investing Cash Flow": "-1,515", "Financing Cash Flow": "-32,142", "End Cash Position": "84,939", "Income Tax Paid Supplemental Data": "2,649", "Interest Paid Supplemental Data": "4,131", "Capital Expenditure": "-5,476", "Issuance of Debt": "0", "Repayment of Debt": "-28,179", "Repurchase of Capital Stock": "0", "Free Cash Flow": "40,632"}, "12/31/2019": {"Duration": "12/31/2019", "Operating Cash Flow": "24,450", "Investing Cash Flow": "-33,087", "Financing Cash Flow": "25,226", "End Cash Position": "72,289", "Income Tax Paid Supplemental Data": "4,686", "Interest Paid Supplemental Data": "4,850", "Capital Expenditure": "-9,891", "Issuance of Debt": "44,000", "Repayment of Debt": "-14,974", "Repurchase of Capital Stock": "-448", "Free Cash Flow": "14,559"}, "12/31/2018": {"Duration": "12/31/2018", "Operating Cash Flow": "10,097", "Investing Cash Flow": "-13,694", "Financing Cash Flow": "-12,307", "End Cash Position": "53,911", "Income Tax Paid Supplemental Data": "7,483", "Interest Paid Supplemental Data": "4,775", "Capital Expenditure": "-11,594", "Issuance of Debt": "7,500", "Repayment of Debt": "-16,512", "Repurchase of Capital Stock": "-", "Free Cash Flow": "-1,497"}}}}, {"CBAK": {"quote": {"05/08/2021": {"value": "", "Net Assets": "N/A", "Beta (5Y Monthly)": "N/A", "Yield": "N/A", "5y Average Return": "N/A", "Holdings Turnover": "N/A", "Last Dividend": "N/A", "Average for Category": "N/A", "Inception Date": "N/A"}}, "fin": {}, "bs": {}, "cf": {}}}, {"GLW": {"quote": {"05/08/2021": {"value": "46.00", "Market Cap": "39.162B", "Beta (5Y Monthly)": "1.16", "PE Ratio (TTM)": "32.62", "EPS (TTM)": "1.41", "Earnings Date": "Jul 26, 2021 - Jul 30, 2021", "Forward Dividend & Yield": "0.96 (2.10%)", "Ex-Dividend Date": "May 27, 2021", "1y Target Est": "49.09"}}, "fin": {"TTM": {"Duration": "TTM", "Total Revenue": "12,202,000", "Cost of Revenue": "8,076,000", "Gross Profit": "4,126,000", "Operating Expense": "2,994,000", "Operating Income": "1,132,000", "Net Non Operating Interest Income Expense": "-277,000", "Other Income Expense": "701,000", "Pretax Income": "1,556,000", "Tax Provision": "349,000", "Net Income Common Stockholders": "1,109,000", "Average Dilution Earnings": "-", "Diluted NI Available to Com Stockholders": "1,133,000", "Basic EPS": "-", "Diluted EPS": "-", "Basic Average Shares": "-", "Diluted Average Shares": "-", "Total Operating Income as Reported": "1,132,000", "Total Expenses": "11,070,000", "Net Income from Continuing & Discontinued Operation": "1,207,000", "Normalized Income": "691,931", "Interest Income": "12,000", "Interest Expense": "289,000", "Net Interest Income": "-277,000", "EBIT": "1,845,000", "EBITDA": "3,345,000", "Reconciled Cost of Revenue": "6,703,000", "Reconciled Depreciation": "1,500,000", "Net Income from Continuing Operation Net Minority Interest": "1,207,000", "Total Unusual Items Excluding Goodwill": "664,000", "Total Unusual Items": "664,000", "Normalized EBITDA": "2,681,000", "Tax Rate for Calcs": "0", "Tax Effect of Unusual Items": "148,931"}, "12/31/2020": {"Duration": "12/31/2020", "Total Revenue": "11,303,000", "Cost of Revenue": "7,772,000", "Gross Profit": "3,531,000", "Operating Expense": "3,022,000", "Operating Income": "509,000", "Net Non Operating Interest Income Expense": "-261,000", "Other Income Expense": "375,000", "Pretax Income": "623,000", "Tax Provision": "111,000", "Net Income Common Stockholders": "414,000", "Average Dilution Earnings": "-", "Diluted NI Available to Com Stockholders": "414,000", "Basic EPS": "0.54", "Diluted EPS": "0.54", "Basic Average Shares": "761,000", "Diluted Average Shares": "772,000", "Total Operating Income as Reported": "509,000", "Total Expenses": "10,794,000", "Net Income from Continuing & Discontinued Operation": "512,000", "Normalized Income": "133,880", "Interest Income": "15,000", "Interest Expense": "276,000", "Net Interest Income": "-261,000", "EBIT": "899,000", "EBITDA": "-", "Reconciled Cost of Revenue": "6,373,000", "Reconciled Depreciation": "1,520,000", "Net Income from Continuing Operation Net Minority Interest": "512,000", "Total Unusual Items Excluding Goodwill": "460,000", "Total Unusual Items": "460,000", "Normalized EBITDA": "1,959,000", "Tax Rate for Calcs": "0", "Tax Effect of Unusual Items": "81,880"}, "12/31/2019": {"Duration": "12/31/2019", "Total Revenue": "11,503,000", "Cost of Revenue": "7,468,000", "Gross Profit": "4,035,000", "Operating Expense": "2,729,000", "Operating Income": "1,306,000", "Net Non Operating Interest Income Expense": "-200,000", "Other Income Expense": "110,000", "Pretax Income": "1,216,000", "Tax Provision": "256,000", "Net Income Common Stockholders": "862,000", "Average Dilution Earnings": "98,000", "Diluted NI Available to Com Stockholders": "960,000", "Basic EPS": "1.11", "Diluted EPS": "1.07", "Basic Average Shares": "776,000", "Diluted Average Shares": "899,000", "Total Operating Income as Reported": "1,306,000", "Total Expenses": "10,197,000", "Net Income from Continuing & Discontinued Operation": "960,000", "Normalized Income": "764,328", "Interest Income": "21,000", "Interest Expense": "221,000", "Net Interest Income": "-200,000", "EBIT": "1,437,000", "EBITDA": "-", "Reconciled Cost of Revenue": "6,078,000", "Reconciled Depreciation": "1,503,000", "Net Income from Continuing Operation Net Minority Interest": "960,000", "Total Unusual Items Excluding Goodwill": "248,000", "Total Unusual Items": "248,000", "Normalized EBITDA": "2,692,000", "Tax Rate for Calcs": "0", "Tax Effect of Unusual Items": "52,328"}, "12/31/2018": {"Duration": "12/31/2018", "Total Revenue": "11,290,000", "Cost of Revenue": "6,829,000", "Gross Profit": "4,461,000", "Operating Expense": "2,886,000", "Operating Income": "1,575,000", "Net Non Operating Interest Income Expense": "-153,000", "Other Income Expense": "81,000", "Pretax Income": "1,503,000", "Tax Provision": "437,000", "Net Income Common Stockholders": "968,000", "Average Dilution Earnings": "98,000", "Diluted NI Available to Com Stockholders": "1,066,000", "Basic EPS": "1.19", "Diluted EPS": "1.13", "Basic Average Shares": "816,000", "Diluted Average Shares": "941,000", "Total Operating Income as Reported": "1,575,000", "Total Expenses": "9,715,000", "Net Income from Continuing & Discontinued Operation": "1,066,000", "Normalized Income": "1,131,937", "Interest Income": "38,000", "Interest Expense": "191,000", "Net Interest Income": "-153,000", "EBIT": "1,694,000", "EBITDA": "-", "Reconciled Cost of Revenue": "5,630,000", "Reconciled Depreciation": "1,293,000", "Net Income from Continuing Operation Net Minority Interest": "1,066,000", "Total Unusual Items Excluding Goodwill": "-93,000", "Total Unusual Items": "-93,000", "Normalized EBITDA": "3,080,000", "Tax Rate for Calcs": "0", "Tax Effect of Unusual Items": "-27,063"}}, "bs": {"12/31/2020": {"Duration": "12/31/2020", "Total Assets": "30,775,000", "Total Liabilities Net Minority Interest": "17,327,000", "Total Equity Gross Minority Interest": "13,448,000", "Total Capitalization": "20,910,000", "Preferred Stock Equity": "2,300,000", "Common Stock Equity": "10,957,000", "Capital Lease Obligations": "902,000", "Net Tangible Assets": "9,489,000", "Working Capital": "4,237,000", "Invested Capital": "18,756,000", "Tangible Book Value": "7,189,000", "Total Debt": "8,701,000", "Net Debt": "5,127,000", "Share Issued": "1,726,000", "Ordinary Shares Number": "765,000", "Preferred Shares Number": "2.3", "Treasury Shares Number": "961,000"}, "12/31/2019": {"Duration": "12/31/2019", "Total Assets": "28,898,000", "Total Liabilities Net Minority Interest": "15,901,000", "Total Equity Gross Minority Interest": "12,997,000", "Total Capitalization": "20,636,000", "Preferred Stock Equity": "2,300,000", "Common Stock Equity": "10,607,000", "Capital Lease Obligations": "512,000", "Net Tangible Assets": "9,787,000", "Working Capital": "3,942,000", "Invested Capital": "18,347,000", "Tangible Book Value": "7,487,000", "Total Debt": "8,252,000", "Net Debt": "5,306,000", "Share Issued": "1,718,000", "Ordinary Shares Number": "762,000", "Preferred Shares Number": "2.3", "Treasury Shares Number": "956,000"}, "12/31/2018": {"Duration": "12/31/2018", "Total Assets": "27,505,000", "Total Liabilities Net Minority Interest": "13,619,000", "Total Equity Gross Minority Interest": "13,886,000", "Total Capitalization": "19,786,000", "Preferred Stock Equity": "2,300,000", "Common Stock Equity": "11,492,000", "Capital Lease Obligations": "-", "Net Tangible Assets": "10,564,000", "Working Capital": "3,723,000", "Invested Capital": "17,490,000", "Tangible Book Value": "8,264,000", "Total Debt": "5,998,000", "Net Debt": "3,643,000", "Share Issued": "1,713,000", "Ordinary Shares Number": "788,000", "Preferred Shares Number": "2.3", "Treasury Shares Number": "925,000"}}, "cf": {"TTM": {"Duration": "TTM", "Operating Cash Flow": "2,655,000", "Investing Cash Flow": "-1,059,000", "Financing Cash Flow": "-825,000", "End Cash Position": "2,796,000", "Capital Expenditure": "-1,121,000", "Issuance of Debt": "-", "Repayment of Debt": "-", "Repurchase of Capital Stock": "-", "Free Cash Flow": "1,534,000"}, "12/31/2020": {"Duration": "12/31/2020", "Operating Cash Flow": "2,180,000", "Investing Cash Flow": "-1,310,000", "Financing Cash Flow": "-729,000", "End Cash Position": "2,672,000", "Capital Expenditure": "-1,377,000", "Issuance of Debt": "243,000", "Repayment of Debt": "-221,000", "Repurchase of Capital Stock": "-105,000", "Free Cash Flow": "803,000"}, "12/31/2019": {"Duration": "12/31/2019", "Operating Cash Flow": "2,031,000", "Investing Cash Flow": "-1,891,000", "Financing Cash Flow": "-47,000", "End Cash Position": "2,434,000", "Capital Expenditure": "-1,987,000", "Issuance of Debt": "1,831,000", "Repayment of Debt": "-300,000", "Repurchase of Capital Stock": "-940,000", "Free Cash Flow": "44,000"}, "12/31/2018": {"Duration": "12/31/2018", "Operating Cash Flow": "2,919,000", "Investing Cash Flow": "-2,887,000", "Financing Cash Flow": "-1,995,000", "End Cash Position": "2,355,000", "Capital Expenditure": "-2,310,000", "Issuance of Debt": "1,485,000", "Repayment of Debt": "-629,000", "Repurchase of Capital Stock": "-2,227,000", "Free Cash Flow": "609,000"}}}}, {"SANM": {"quote": {"05/08/2021": {"value": "42.00", "Market Cap": "2.734B", "Beta (5Y Monthly)": "1.12", "PE Ratio (TTM)": "14.96", "EPS (TTM)": "2.81", "Earnings Date": "Jul 27, 2021 - Aug 02, 2021", "Forward Dividend & Yield": "N/A (N/A)", "Ex-Dividend Date": "N/A", "1y Target Est": "50.67"}}, "fin": {"TTM": {"Duration": "TTM", "Total Revenue": "6,984,575", "Cost of Revenue": "6,416,838", "Gross Profit": "567,737", "Operating Expense": "257,387", "Operating Income": "310,350", "Net Non Operating Interest Income Expense": "-24,752", "Other Income Expense": "-9,927", "Pretax Income": "275,671", "Tax Provision": "84,127", "Net Income Common Stockholders": "191,544", "Diluted NI Available to Com Stockholders": "191,544", "Basic EPS": "-", "Diluted EPS": "-", "Basic Average Shares": "-", "Diluted Average Shares": "-", "Total Operating Income as Reported": "286,419", "Total Expenses": "6,674,225", "Net Income from Continuing & Discontinued Operation": "191,544", "Normalized Income": "208,172", "Interest Income": "2,068", "Interest Expense": "26,820", "Net Interest Income": "-24,752", "EBIT": "302,491", "EBITDA": "302,491", "Reconciled Cost of Revenue": "6,416,838", "Reconciled Depreciation": "-", "Net Income from Continuing Operation Net Minority Interest": "191,544", "Total Unusual Items Excluding Goodwill": "-23,931", "Total Unusual Items": "-23,931", "Normalized EBITDA": "326,422", "Tax Rate for Calcs": "0", "Tax Effect of Unusual Items": "-7,303"}, "9/30/2020": {"Duration": "9/30/2020", "Total Revenue": "6,960,370", "Cost of Revenue": "6,434,663", "Gross Profit": "525,707", "Operating Expense": "263,495", "Operating Income": "262,212", "Net Non Operating Interest Income Expense": "-26,581", "Other Income Expense": "-34,873", "Pretax Income": "200,758", "Tax Provision": "61,045", "Net Income Common Stockholders": "139,713", "Diluted NI Available to Com Stockholders": "139,713", "Basic EPS": "2.02", "Diluted EPS": "1.97", "Basic Average Shares": "69,041", "Diluted Average Shares": "70,793", "Total Operating Income as Reported": "227,687", "Total Expenses": "6,698,158", "Net Income from Continuing & Discontinued Operation": "139,713", "Normalized Income": "163,742", "Interest Income": "2,322", "Interest Expense": "28,903", "Net Interest Income": "-26,581", "EBIT": "229,661", "EBITDA": "-", "Reconciled Cost of Revenue": "6,434,663", "Reconciled Depreciation": "114,218", "Net Income from Continuing Operation Net Minority Interest": "139,713", "Total Unusual Items Excluding Goodwill": "-34,525", "Total Unusual Items": "-34,525", "Normalized EBITDA": "378,404", "Tax Rate for Calcs": "0", "Tax Effect of Unusual Items": "-10,496"}, "9/30/2019": {"Duration": "9/30/2019", "Total Revenue": "8,233,859", "Cost of Revenue": "7,641,921", "Gross Profit": "591,938", "Operating Expense": "292,068", "Operating Income": "299,870", "Net Non Operating Interest Income Expense": "-29,652", "Other Income Expense": "-24,599", "Pretax Income": "245,619", "Tax Provision": "104,104", "Net Income Common Stockholders": "141,515", "Diluted NI Available to Com Stockholders": "141,515", "Basic EPS": "2.05", "Diluted EPS": "1.97", "Basic Average Shares": "69,129", "Diluted Average Shares": "71,678", "Total Operating Income as Reported": "286,117", "Total Expenses": "7,933,989", "Net Income from Continuing & Discontinued Operation": "141,515", "Normalized Income": "151,350", "Interest Income": "1,111", "Interest Expense": "30,763", "Net Interest Income": "-29,652", "EBIT": "276,382", "EBITDA": "-", "Reconciled Cost of Revenue": "7,641,921", "Reconciled Depreciation": "116,949", "Net Income from Continuing Operation Net Minority Interest": "141,515", "Total Unusual Items Excluding Goodwill": "-13,472", "Total Unusual Items": "-13,472", "Normalized EBITDA": "406,803", "Tax Rate for Calcs": "0", "Tax Effect of Unusual Items": "-3,637"}, "9/30/2018": {"Duration": "9/30/2018", "Total Revenue": "7,110,130", "Cost of Revenue": "6,646,347", "Gross Profit": "463,783", "Operating Expense": "284,586", "Operating Income": "179,197", "Net Non Operating Interest Income Expense": "-26,466", "Other Income Expense": "-55,192", "Pretax Income": "97,539", "Tax Provision": "193,072", "Net Income Common Stockholders": "-95,533", "Diluted NI Available to Com Stockholders": "-95,533", "Basic EPS": "-1.37", "Diluted EPS": "-1.37", "Basic Average Shares": "69,833", "Diluted Average Shares": "69,833", "Total Operating Income as Reported": "119,441", "Total Expenses": "6,930,933", "Net Income from Continuing & Discontinued Operation": "-95,533", "Normalized Income": "-52,470", "Interest Income": "1,268", "Interest Expense": "27,734", "Net Interest Income": "-26,466", "EBIT": "125,273", "EBITDA": "-", "Reconciled Cost of Revenue": "6,530,435", "Reconciled Depreciation": "118,820", "Net Income from Continuing Operation Net Minority Interest": "-95,533", "Total Unusual Items Excluding Goodwill": "-58,990", "Total Unusual Items": "-58,990", "Normalized EBITDA": "303,083", "Tax Rate for Calcs": "0", "Tax Effect of Unusual Items": "-15,927"}}, "bs": {"9/30/2020": {"Duration": "9/30/2020", "Total Assets": "3,772,656", "Total Liabilities Net Minority Interest": "2,142,740", "Total Equity Gross Minority Interest": "1,629,916", "Total Capitalization": "1,959,165", "Common Stock Equity": "1,629,916", "Net Tangible Assets": "1,629,916", "Working Capital": "1,296,853", "Invested Capital": "1,977,915", "Tangible Book Value": "1,629,916", "Total Debt": "347,999", "Net Debt": "-", "Share Issued": "107,629", "Ordinary Shares Number": "64,999", "Treasury Shares Number": "42,630"}, "9/30/2019": {"Duration": "9/30/2019", "Total Assets": "3,905,513", "Total Liabilities Net Minority Interest": "2,262,940", "Total Equity Gross Minority Interest": "1,642,573", "Total Capitalization": "1,989,544", "Common Stock Equity": "1,642,573", "Net Tangible Assets": "1,642,573", "Working Capital": "1,237,907", "Invested Capital": "2,027,898", "Tangible Book Value": "1,642,573", "Total Debt": "385,325", "Net Debt": "-", "Share Issued": "105,551", "Ordinary Shares Number": "69,720", "Treasury Shares Number": "35,831"}, "9/30/2018": {"Duration": "9/30/2018", "Total Assets": "4,085,133", "Total Liabilities Net Minority Interest": "2,612,289", "Total Equity Gross Minority Interest": "1,472,844", "Total Capitalization": "1,487,190", "Common Stock Equity": "1,472,844", "Net Tangible Assets": "1,472,844", "Working Capital": "612,532", "Invested Capital": "2,080,511", "Tangible Book Value": "1,472,844", "Total Debt": "607,667", "Net Debt": "188,139", "Share Issued": "103,128", "Ordinary Shares Number": "67,777", "Treasury Shares Number": "35,351"}}, "cf": {"TTM": {"Duration": "TTM", "Operating Cash Flow": "-", "Investing Cash Flow": "-", "Financing Cash Flow": "-", "End Cash Position": "-", "Income Tax Paid Supplemental Data": "-", "Interest Paid Supplemental Data": "-", "Capital Expenditure": "-", "Issuance of Capital Stock": "-", "Issuance of Debt": "-", "Repayment of Debt": "-", "Repurchase of Capital Stock": "-", "Free Cash Flow": "-"}, "9/30/2020": {"Duration": "9/30/2020", "Operating Cash Flow": "300,555", "Investing Cash Flow": "-64,409", "Financing Cash Flow": "-210,280", "End Cash Position": "480,526", "Income Tax Paid Supplemental Data": "30,700", "Interest Paid Supplemental Data": "20,477", "Capital Expenditure": "-65,982", "Issuance of Capital Stock": "7,793", "Issuance of Debt": "1,909,000", "Repayment of Debt": "-1,948,048", "Repurchase of Capital Stock": "-179,025", "Free Cash Flow": "234,573"}, "9/30/2019": {"Duration": "9/30/2019", "Operating Cash Flow": "382,965", "Investing Cash Flow": "-127,641", "Financing Cash Flow": "-220,218", "End Cash Position": "454,741", "Income Tax Paid Supplemental Data": "32,132", "Interest Paid Supplemental Data": "30,143", "Capital Expenditure": "-134,674", "Issuance of Capital Stock": "13,539", "Issuance of Debt": "4,259,325", "Repayment of Debt": "-4,477,741", "Repurchase of Capital Stock": "-12,614", "Free Cash Flow": "248,291"}, "9/30/2018": {"Duration": "9/30/2018", "Operating Cash Flow": "156,424", "Investing Cash Flow": "-116,178", "Financing Cash Flow": "-28,335", "End Cash Position": "419,528", "Income Tax Paid Supplemental Data": "34,819", "Interest Paid Supplemental Data": "26,156", "Capital Expenditure": "-118,881", "Issuance of Capital Stock": "4,407", "Issuance of Debt": "4,040,600", "Repayment of Debt": "-3,914,016", "Repurchase of Capital Stock": "-157,625", "Free Cash Flow": "37,543"}}}}, {"WIRE": {"quote": {"05/08/2021": {"value": "81.68", "Market Cap": "1.685B", "Beta (5Y Monthly)": "1.14", "PE Ratio (TTM)": "17.07", "EPS (TTM)": "4.78", "Earnings Date": "Jul 27, 2021 - Aug 02, 2021", "Forward Dividend & Yield": "0.08 (0.10%)", "Ex-Dividend Date": "Jul 01, 2021", "1y Target Est": "90.50"}}, "fin": {"TTM": {"Duration": "TTM", "Total Revenue": "1,418,294", "Cost of Revenue": "1,185,028", "Gross Profit": "233,266", "Operating Expense": "105,870", "Operating Income": "127,396", "Net Non Operating Interest Income Expense": "410", "Pretax Income": "127,806", "Tax Provision": "29,157", "Net Income Common Stockholders": "98,649", "Diluted NI Available to Com Stockholders": "98,649", "Basic EPS": "-", "Diluted EPS": "-", "Basic Average Shares": "-", "Diluted Average Shares": "-", "Total Operating Income as Reported": "127,396", "Total Expenses": "1,290,898", "Net Income from Continuing & Discontinued Operation": "98,649", "Normalized Income": "98,649", "Interest Income": "-", "Net Interest Income": "410", "EBIT": "127,396", "EBITDA": "147,584", "Reconciled Cost of Revenue": "1,185,028", "Reconciled Depreciation": "20,188", "Net Income from Continuing Operation Net Minority Interest": "98,649", "Normalized EBITDA": "147,584", "Tax Rate for Calcs": "0", "Tax Effect of Unusual Items": "0"}, "12/31/2020": {"Duration": "12/31/2020", "Total Revenue": "1,276,948", "Cost of Revenue": "1,082,413", "Gross Profit": "194,535", "Operating Expense": "97,008", "Operating Income": "97,527", "Net Non Operating Interest Income Expense": "1,269", "Pretax Income": "98,796", "Tax Provision": "22,729", "Net Income Common Stockholders": "76,067", "Diluted NI Available to Com Stockholders": "76,067", "Basic EPS": "3.69", "Diluted EPS": "3.68", "Basic Average Shares": "20,599", "Diluted Average Shares": "20,653", "Total Operating Income as Reported": "97,527", "Total Expenses": "1,179,421", "Net Income from Continuing & Discontinued Operation": "76,067", "Normalized Income": "76,067", "Interest Income": "1,269", "Net Interest Income": "1,269", "EBIT": "97,527", "EBITDA": "-", "Reconciled Cost of Revenue": "1,082,413", "Reconciled Depreciation": "19,459", "Net Income from Continuing Operation Net Minority Interest": "76,067", "Normalized EBITDA": "116,986", "Tax Rate for Calcs": "0", "Tax Effect of Unusual Items": "0"}, "12/31/2019": {"Duration": "12/31/2019", "Total Revenue": "1,274,994", "Cost of Revenue": "1,109,023", "Gross Profit": "165,971", "Operating Expense": "94,442", "Operating Income": "71,529", "Net Non Operating Interest Income Expense": "4,199", "Pretax Income": "75,728", "Tax Provision": "17,599", "Net Income Common Stockholders": "58,129", "Diluted NI Available to Com Stockholders": "58,129", "Basic EPS": "2.78", "Diluted EPS": "2.77", "Basic Average Shares": "20,904", "Diluted Average Shares": "20,990", "Total Operating Income as Reported": "71,529", "Total Expenses": "1,203,465", "Net Income from Continuing & Discontinued Operation": "58,129", "Normalized Income": "58,129", "Interest Income": "4,199", "Net Interest Income": "4,199", "EBIT": "71,529", "EBITDA": "-", "Reconciled Cost of Revenue": "1,109,023", "Reconciled Depreciation": "17,707", "Net Income from Continuing Operation Net Minority Interest": "58,129", "Normalized EBITDA": "89,236", "Tax Rate for Calcs": "0", "Tax Effect of Unusual Items": "0"}, "12/31/2018": {"Duration": "12/31/2018", "Total Revenue": "1,288,683", "Cost of Revenue": "1,098,961", "Gross Profit": "189,722", "Operating Expense": "90,212", "Operating Income": "99,510", "Net Non Operating Interest Income Expense": "2,174", "Pretax Income": "101,684", "Tax Provision": "23,534", "Net Income Common Stockholders": "78,150", "Diluted NI Available to Com Stockholders": "78,150", "Basic EPS": "3.75", "Diluted EPS": "3.74", "Basic Average Shares": "20,845", "Diluted Average Shares": "20,910", "Total Operating Income as Reported": "99,510", "Total Expenses": "1,189,173", "Net Income from Continuing & Discontinued Operation": "78,150", "Normalized Income": "78,150", "Interest Income": "2,174", "Net Interest Income": "2,174", "EBIT": "99,510", "EBITDA": "-", "Reconciled Cost of Revenue": "1,098,961", "Reconciled Depreciation": "16,513", "Net Income from Continuing Operation Net Minority Interest": "78,150", "Normalized EBITDA": "116,023", "Tax Rate for Calcs": "0", "Tax Effect of Unusual Items": "0"}}, "bs": {"12/31/2020": {"Duration": "12/31/2020", "Total Assets": "966,454", "Total Liabilities Net Minority Interest": "128,725", "Total Equity Gross Minority Interest": "837,729", "Total Capitalization": "837,729", "Common Stock Equity": "837,729", "Net Tangible Assets": "837,729", "Working Capital": "461,541", "Invested Capital": "837,729", "Tangible Book Value": "837,729", "Share Issued": "27,025", "Ordinary Shares Number": "20,557", "Treasury Shares Number": "6,469"}, "12/31/2019": {"Duration": "12/31/2019", "Total Assets": "883,154", "Total Liabilities Net Minority Interest": "104,058", "Total Equity Gross Minority Interest": "779,096", "Total Capitalization": "779,096", "Common Stock Equity": "779,096", "Net Tangible Assets": "779,096", "Working Capital": "473,942", "Invested Capital": "779,096", "Tangible Book Value": "779,096", "Share Issued": "26,939", "Ordinary Shares Number": "20,912", "Treasury Shares Number": "6,027"}, "12/31/2018": {"Duration": "12/31/2018", "Total Assets": "818,060", "Total Liabilities Net Minority Interest": "97,604", "Total Equity Gross Minority Interest": "720,456", "Total Capitalization": "720,456", "Common Stock Equity": "720,456", "Net Tangible Assets": "720,456", "Working Capital": "445,665", "Invested Capital": "720,456", "Tangible Book Value": "720,456", "Share Issued": "26,907", "Ordinary Shares Number": "20,879", "Treasury Shares Number": "6,027"}}, "cf": {"TTM": {"Duration": "TTM", "Operating Cash Flow": "47,612", "Investing Cash Flow": "-100,361", "Financing Cash Flow": "879", "End Cash Position": "154,968", "Capital Expenditure": "-100,362", "Issuance of Capital Stock": "3,154", "Issuance of Debt": "-", "Repayment of Debt": "-", "Repurchase of Capital Stock": "-82", "Free Cash Flow": "-52,750"}, "12/31/2020": {"Duration": "12/31/2020", "Operating Cash Flow": "57,462", "Investing Cash Flow": "-85,991", "Financing Cash Flow": "-19,313", "End Cash Position": "183,123", "Capital Expenditure": "-86,082", "Issuance of Capital Stock": "2,999", "Issuance of Debt": "-", "Repayment of Debt": "-", "Repurchase of Capital Stock": "-20,662", "Free Cash Flow": "-28,620"}, "12/31/2019": {"Duration": "12/31/2019", "Operating Cash Flow": "106,121", "Investing Cash Flow": "-52,456", "Financing Cash Flow": "-1,105", "End Cash Position": "230,965", "Capital Expenditure": "-52,484", "Issuance of Capital Stock": "568", "Issuance of Debt": "0", "Repayment of Debt": "0", "Repurchase of Capital Stock": "-", "Free Cash Flow": "53,637"}, "12/31/2018": {"Duration": "12/31/2018", "Operating Cash Flow": "81,590", "Investing Cash Flow": "-26,065", "Financing Cash Flow": "-482", "End Cash Position": "178,405", "Capital Expenditure": "-26,181", "Issuance of Capital Stock": "1,186", "Issuance of Debt": "67,300", "Repayment of Debt": "-67,300", "Repurchase of Capital Stock": "-", "Free Cash Flow": "55,409"}}}}, {"DDPW": {"quote": {"05/08/2021": {"value": "", "Net Assets": "N/A", "Beta (5Y Monthly)": "N/A", "Yield": "N/A", "5y Average Return": "N/A", "Holdings Turnover": "N/A", "Last Dividend": "N/A", "Average for Category": "N/A", "Inception Date": "N/A"}}, "fin": {}, "bs": {}, "cf": {}}}, {"ESP": {"quote": {"05/08/2021": {"value": "15.19", "Market Cap": "41.039M", "Beta (5Y Monthly)": "0.18", "PE Ratio (TTM)": "42.30", "EPS (TTM)": "0.36", "Earnings Date": "Feb 16, 2021", "Forward Dividend & Yield": "N/A (N/A)", "Ex-Dividend Date": "Dec 21, 2020", "1y Target Est": "N/A"}}, "fin": {"TTM": {"Duration": "TTM", "Total Revenue": "32,543", "Cost of Revenue": "27,760", "Gross Profit": "4,783", "Operating Expense": "3,912", "Operating Income": "870.497", "Net Non Operating Interest Income Expense": "60.643", "Other Income Expense": "23.816", "Pretax Income": "954.956", "Tax Provision": "93.211", "Net Income Common Stockholders": "861.745", "Diluted NI Available to Com Stockholders": "861.745", "Basic EPS": "-", "Diluted EPS": "-", "Basic Average Shares": "-", "Diluted Average Shares": "-", "Total Operating Income as Reported": "870.497", "Total Expenses": "31,673", "Net Income from Continuing & Discontinued Operation": "861.745", "Normalized Income": "861.745", "Interest Income": "60.643", "Net Interest Income": "60.643", "EBIT": "870.497", "EBITDA": "1,424", "Reconciled Cost of Revenue": "27,760", "Reconciled Depreciation": "553.32", "Net Income from Continuing Operation Net Minority Interest": "861.745", "Normalized EBITDA": "1,424", "Tax Rate for Calcs": "0", "Tax Effect of Unusual Items": "0"}, "6/30/2020": {"Duration": "6/30/2020", "Total Revenue": "31,526", "Cost of Revenue": "25,968", "Gross Profit": "5,559", "Operating Expense": "4,386", "Operating Income": "1,172", "Net Non Operating Interest Income Expense": "109.749", "Other Income Expense": "27.132", "Pretax Income": "1,309", "Tax Provision": "145.521", "Net Income Common Stockholders": "1,164", "Diluted NI Available to Com Stockholders": "1,164", "Basic EPS": "0.49", "Diluted EPS": "0.49", "Basic Average Shares": "2,393", "Diluted Average Shares": "2,397", "Total Operating Income as Reported": "1,172", "Total Expenses": "30,354", "Net Income from Continuing & Discontinued Operation": "1,164", "Normalized Income": "1,164", "Interest Income": "109.749", "Net Interest Income": "109.749", "EBIT": "1,172", "EBITDA": "-", "Reconciled Cost of Revenue": "25,968", "Reconciled Depreciation": "568.528", "Net Income from Continuing Operation Net Minority Interest": "1,164", "Normalized EBITDA": "1,741", "Tax Rate for Calcs": "0", "Tax Effect of Unusual Items": "0"}, "6/30/2019": {"Duration": "6/30/2019", "Total Revenue": "36,478", "Cost of Revenue": "29,415", "Gross Profit": "7,063", "Operating Expense": "4,410", "Operating Income": "2,653", "Net Non Operating Interest Income Expense": "167.682", "Other Income Expense": "61.012", "Pretax Income": "2,882", "Tax Provision": "538.939", "Net Income Common Stockholders": "2,343", "Diluted NI Available to Com Stockholders": "2,343", "Basic EPS": "0.99", "Diluted EPS": "0.98", "Basic Average Shares": "2,373", "Diluted Average Shares": "2,389", "Total Operating Income as Reported": "2,653", "Total Expenses": "33,825", "Net Income from Continuing & Discontinued Operation": "2,343", "Normalized Income": "2,343", "Interest Income": "167.682", "Net Interest Income": "167.682", "EBIT": "2,653", "EBITDA": "-", "Reconciled Cost of Revenue": "29,415", "Reconciled Depreciation": "540.978", "Net Income from Continuing Operation Net Minority Interest": "2,343", "Normalized EBITDA": "3,194", "Tax Rate for Calcs": "0", "Tax Effect of Unusual Items": "0"}, "6/30/2018": {"Duration": "6/30/2018", "Total Revenue": "32,518", "Cost of Revenue": "24,856", "Gross Profit": "7,662", "Operating Expense": "3,808", "Operating Income": "3,854", "Net Non Operating Interest Income Expense": "160.65", "Other Income Expense": "54.569", "Pretax Income": "4,069", "Tax Provision": "993.279", "Net Income Common Stockholders": "3,076", "Diluted NI Available to Com Stockholders": "3,076", "Basic EPS": "1.32", "Diluted EPS": "1.31", "Basic Average Shares": "2,334", "Diluted Average Shares": "2,348", "Total Operating Income as Reported": "3,854", "Total Expenses": "28,664", "Net Income from Continuing & Discontinued Operation": "3,076", "Normalized Income": "3,076", "Interest Income": "160.65", "Net Interest Income": "160.65", "EBIT": "3,854", "EBITDA": "-", "Reconciled Cost of Revenue": "24,856", "Reconciled Depreciation": "429.679", "Net Income from Continuing Operation Net Minority Interest": "3,076", "Normalized EBITDA": "4,284", "Tax Rate for Calcs": "0", "Tax Effect of Unusual Items": "0"}}, "bs": {"6/30/2020": {"Duration": "6/30/2020", "Total Assets": "38,209", "Total Liabilities Net Minority Interest": "6,982", "Total Equity Gross Minority Interest": "31,227", "Total Capitalization": "31,227", "Common Stock Equity": "31,227", "Net Tangible Assets": "31,227", "Working Capital": "27,993", "Invested Capital": "31,227", "Tangible Book Value": "31,227", "Share Issued": "3,030", "Ordinary Shares Number": "2,403", "Treasury Shares Number": "627.241"}, "6/30/2019": {"Duration": "6/30/2019", "Total Assets": "35,688", "Total Liabilities Net Minority Interest": "3,762", "Total Equity Gross Minority Interest": "31,926", "Total Capitalization": "31,926", "Common Stock Equity": "31,926", "Net Tangible Assets": "31,926", "Working Capital": "28,377", "Invested Capital": "31,926", "Tangible Book Value": "31,926", "Share Issued": "3,030", "Ordinary Shares Number": "2,401", "Treasury Shares Number": "628.661"}, "6/30/2018": {"Duration": "6/30/2018", "Total Assets": "36,716", "Total Liabilities Net Minority Interest": "3,235", "Total Equity Gross Minority Interest": "33,481", "Total Capitalization": "33,481", "Common Stock Equity": "33,481", "Net Tangible Assets": "33,481", "Working Capital": "29,740", "Invested Capital": "33,481", "Tangible Book Value": "33,481", "Share Issued": "3,030", "Ordinary Shares Number": "2,387", "Treasury Shares Number": "642.75"}}, "cf": {"TTM": {"Duration": "TTM", "Operating Cash Flow": "2,896", "Investing Cash Flow": "2,398", "Financing Cash Flow": "-2,365", "End Cash Position": "9,040", "Income Tax Paid Supplemental Data": "196.725", "Capital Expenditure": "-65.768", "Repurchase of Capital Stock": "0", "Free Cash Flow": "2,830"}, "6/30/2020": {"Duration": "6/30/2020", "Operating Cash Flow": "5,969", "Investing Cash Flow": "326.01", "Financing Cash Flow": "-2,355", "End Cash Position": "5,402", "Income Tax Paid Supplemental Data": "172.475", "Capital Expenditure": "-214.421", "Repurchase of Capital Stock": "-47.949", "Free Cash Flow": "5,754"}, "6/30/2019": {"Duration": "6/30/2019", "Operating Cash Flow": "-3,604", "Investing Cash Flow": "5,235", "Financing Cash Flow": "-4,466", "End Cash Position": "1,463", "Income Tax Paid Supplemental Data": "87.2", "Capital Expenditure": "-608.318", "Repurchase of Capital Stock": "-44.888", "Free Cash Flow": "-4,213"}, "6/30/2018": {"Duration": "6/30/2018", "Operating Cash Flow": "260.907", "Investing Cash Flow": "-4,020", "Financing Cash Flow": "-2,000", "End Cash Position": "4,299", "Income Tax Paid Supplemental Data": "920", "Capital Expenditure": "-1,923", "Repurchase of Capital Stock": "-109.694", "Free Cash Flow": "-1,662"}}}}, {"CTS": {"quote": {"05/08/2021": {"value": "33.11", "Market Cap": "1.071B", "Beta (5Y Monthly)": "0.73", "PE Ratio (TTM)": "25.26", "EPS (TTM)": "1.31", "Earnings Date": "Jul 29, 2021 - Aug 02, 2021", "Forward Dividend & Yield": "0.16 (0.48%)", "Ex-Dividend Date": "Mar 18, 2021", "1y Target Est": "37.00"}}, "fin": {"TTM": {"Duration": "TTM", "Total Revenue": "449,418", "Cost of Revenue": "300,663", "Gross Profit": "148,755", "Operating Expense": "91,949", "Operating Income": "56,806", "Net Non Operating Interest Income Expense": "-2,058", "Other Income Expense": "-470", "Pretax Income": "54,278", "Tax Provision": "11,410", "Net Income Common Stockholders": "42,868", "Diluted NI Available to Com Stockholders": "42,868", "Basic EPS": "-", "Diluted EPS": "-", "Basic Average Shares": "-", "Diluted Average Shares": "-", "Total Operating Income as Reported": "55,135", "Total Expenses": "392,612", "Net Income from Continuing & Discontinued Operation": "42,868", "Normalized Income": "44,188", "Interest Income": "918", "Interest Expense": "2,976", "Net Interest Income": "-2,058", "EBIT": "57,254", "EBITDA": "84,192", "Reconciled Cost of Revenue": "300,663", "Reconciled Depreciation": "26,938", "Net Income from Continuing Operation Net Minority Interest": "42,868", "Total Unusual Items Excluding Goodwill": "-1,671", "Total Unusual Items": "-1,671", "Normalized EBITDA": "85,863", "Tax Rate for Calcs": "0", "Tax Effect of Unusual Items": "-351.2677"}, "12/31/2020": {"Duration": "12/31/2020", "Total Revenue": "424,066", "Cost of Revenue": "285,003", "Gross Profit": "139,063", "Operating Expense": "92,104", "Operating Income": "46,959", "Net Non Operating Interest Income Expense": "-2,225", "Other Income Expense": "745", "Pretax Income": "45,479", "Tax Provision": "10,793", "Net Income Common Stockholders": "34,686", "Diluted NI Available to Com Stockholders": "34,686", "Basic EPS": "-", "Diluted EPS": "-", "Basic Average Shares": "-", "Diluted Average Shares": "-", "Total Operating Income as Reported": "45,129", "Total Expenses": "377,107", "Net Income from Continuing & Discontinued Operation": "34,686", "Normalized Income": "36,082", "Interest Income": "1,047", "Interest Expense": "3,272", "Net Interest Income": "-2,225", "EBIT": "48,751", "EBITDA": "-", "Reconciled Cost of Revenue": "285,003", "Reconciled Depreciation": "26,670", "Net Income from Continuing Operation Net Minority Interest": "34,686", "Total Unusual Items Excluding Goodwill": "-1,830", "Total Unusual Items": "-1,830", "Normalized EBITDA": "77,251", "Tax Rate for Calcs": "0", "Tax Effect of Unusual Items": "-433.71"}, "12/31/2019": {"Duration": "12/31/2019", "Total Revenue": "468,999", "Cost of Revenue": "311,424", "Gross Profit": "157,575", "Operating Expense": "96,375", "Operating Income": "61,200", "Net Non Operating Interest Income Expense": "-911", "Other Income Expense": "-10,023", "Pretax Income": "50,266", "Tax Provision": "14,120", "Net Income Common Stockholders": "36,146", "Diluted NI Available to Com Stockholders": "36,146", "Basic EPS": "1.11", "Diluted EPS": "1.09", "Basic Average Shares": "32,700", "Diluted Average Shares": "33,105", "Total Operating Income as Reported": "53,815", "Total Expenses": "407,799", "Net Income from Continuing & Discontinued Operation": "36,146", "Normalized Income": "41,456", "Interest Income": "1,737", "Interest Expense": "2,648", "Net Interest Income": "-911", "EBIT": "52,914", "EBITDA": "-", "Reconciled Cost of Revenue": "311,424", "Reconciled Depreciation": "24,619", "Net Income from Continuing Operation Net Minority Interest": "36,146", "Total Unusual Items Excluding Goodwill": "-7,385", "Total Unusual Items": "-7,385", "Normalized EBITDA": "84,918", "Tax Rate for Calcs": "0", "Tax Effect of Unusual Items": "-2,075"}, "12/31/2018": {"Duration": "12/31/2018", "Total Revenue": "470,483", "Cost of Revenue": "305,510", "Gross Profit": "164,973", "Operating Expense": "98,873", "Operating Income": "66,100", "Net Non Operating Interest Income Expense": "-259", "Other Income Expense": "-7,738", "Pretax Income": "58,103", "Tax Provision": "11,571", "Net Income Common Stockholders": "46,532", "Diluted NI Available to Com Stockholders": "46,532", "Basic EPS": "1.41", "Diluted EPS": "1.39", "Basic Average Shares": "33,024", "Diluted Average Shares": "33,569", "Total Operating Income as Reported": "61,038", "Total Expenses": "404,383", "Net Income from Continuing & Discontinued Operation": "46,532", "Normalized Income": "50,587", "Interest Income": "1,826", "Interest Expense": "2,085", "Net Interest Income": "-259", "EBIT": "60,188", "EBITDA": "-", "Reconciled Cost of Revenue": "305,510", "Reconciled Depreciation": "22,514", "Net Income from Continuing Operation Net Minority Interest": "46,532", "Total Unusual Items Excluding Goodwill": "-5,062", "Total Unusual Items": "-5,062", "Normalized EBITDA": "87,764", "Tax Rate for Calcs": "0", "Tax Effect of Unusual Items": "-1,007"}}, "bs": {"12/31/2020": {"Duration": "12/31/2020", "Total Assets": "626,049", "Total Liabilities Net Minority Interest": "202,367", "Total Equity Gross Minority Interest": "423,682", "Total Capitalization": "478,282", "Common Stock Equity": "423,682", "Capital Lease Obligations": "26,457", "Net Tangible Assets": "235,064", "Working Capital": "128,299", "Invested Capital": "478,282", "Tangible Book Value": "235,064", "Total Debt": "81,057", "Share Issued": "57,076", "Ordinary Shares Number": "32,277", "Treasury Shares Number": "24,800"}, "12/31/2019": {"Duration": "12/31/2019", "Total Assets": "643,354", "Total Liabilities Net Minority Interest": "238,135", "Total Equity Gross Minority Interest": "405,219", "Total Capitalization": "504,919", "Common Stock Equity": "405,219", "Capital Lease Obligations": "27,713", "Net Tangible Assets": "213,948", "Working Capital": "140,530", "Invested Capital": "504,919", "Tangible Book Value": "213,948", "Total Debt": "127,413", "Share Issued": "56,929", "Ordinary Shares Number": "32,472", "Treasury Shares Number": "24,457"}, "12/31/2018": {"Duration": "12/31/2018", "Total Assets": "548,341", "Total Liabilities Net Minority Interest": "170,412", "Total Equity Gross Minority Interest": "377,929", "Total Capitalization": "427,929", "Common Stock Equity": "377,929", "Capital Lease Obligations": "-", "Net Tangible Assets": "246,692", "Working Capital": "135,366", "Invested Capital": "427,929", "Tangible Book Value": "246,692", "Total Debt": "50,000", "Share Issued": "56,787", "Ordinary Shares Number": "32,751", "Treasury Shares Number": "24,036"}}, "cf": {"TTM": {"Duration": "TTM", "Operating Cash Flow": "84,966", "Investing Cash Flow": "-20,235", "Financing Cash Flow": "-111,620", "End Cash Position": "104,066", "Income Tax Paid Supplemental Data": "14,294", "Interest Paid Supplemental Data": "2,297", "Capital Expenditure": "-11,926", "Issuance of Debt": "3,168,400", "Repayment of Debt": "-3,269,600", "Repurchase of Capital Stock": "-2,776", "Free Cash Flow": "73,040"}, "12/31/2020": {"Duration": "12/31/2020", "Operating Cash Flow": "76,783", "Investing Cash Flow": "-23,167", "Financing Cash Flow": "-61,333", "End Cash Position": "91,773", "Income Tax Paid Supplemental Data": "11,967", "Interest Paid Supplemental Data": "2,597", "Capital Expenditure": "-14,858", "Issuance of Debt": "3,747,450", "Repayment of Debt": "-3,792,550", "Repurchase of Capital Stock": "-8,080", "Free Cash Flow": "61,925"}, "12/31/2019": {"Duration": "12/31/2019", "Operating Cash Flow": "64,405", "Investing Cash Flow": "-95,502", "Financing Cash Flow": "30,059", "End Cash Position": "100,241", "Income Tax Paid Supplemental Data": "11,113", "Interest Paid Supplemental Data": "1,961", "Capital Expenditure": "-21,733", "Issuance of Debt": "1,935,500", "Repayment of Debt": "-1,885,800", "Repurchase of Capital Stock": "-11,746", "Free Cash Flow": "42,672"}, "12/31/2018": {"Duration": "12/31/2018", "Operating Cash Flow": "58,152", "Investing Cash Flow": "-28,485", "Financing Cash Flow": "-42,493", "End Cash Position": "100,933", "Income Tax Paid Supplemental Data": "9,916", "Interest Paid Supplemental Data": "1,582", "Capital Expenditure": "-28,488", "Issuance of Debt": "1,033,800", "Repayment of Debt": "-1,060,100", "Repurchase of Capital Stock": "-9,440", "Free Cash Flow": "29,664"}}}}, {"QBAK": {"quote": {"05/08/2021": {"value": "3.0000", "Market Cap": "5.775M", "Beta (5Y Monthly)": "0.99", "PE Ratio (TTM)": "N/A", "EPS (TTM)": "-0.1590", "Earnings Date": "May 07, 2020", "Forward Dividend & Yield": "N/A (N/A)", "Ex-Dividend Date": "Nov 27, 2009", "1y Target Est": "N/A"}}, "fin": {"TTM": {"Duration": "TTM", "Total Revenue": "12,637", "Cost of Revenue": "9,364", "Gross Profit": "3,273", "Operating Expense": "3,643", "Operating Income": "-370", "Other Income Expense": "48", "Pretax Income": "-322", "Tax Provision": "-18", "Net Income Common Stockholders": "-304", "Diluted NI Available to Com Stockholders": "-304", "Basic EPS": "-", "Diluted EPS": "-", "Basic Average Shares": "-", "Diluted Average Shares": "-", "Total Operating Income as Reported": "-370", "Total Expenses": "13,007", "Net Income from Continuing & Discontinued Operation": "-304", "Normalized Income": "-304", "EBIT": "-370", "EBITDA": "-370", "Reconciled Cost of Revenue": "9,364", "Reconciled Depreciation": "-191", "Net Income from Continuing Operation Net Minority Interest": "-304", "Total Unusual Items Excluding Goodwill": "-", "Total Unusual Items": "-", "Normalized EBITDA": "-370", "Tax Rate for Calcs": "0", "Tax Effect of Unusual Items": "0"}, "12/31/2019": {"Duration": "12/31/2019", "Total Revenue": "13,439", "Cost of Revenue": "9,916", "Gross Profit": "3,523", "Operating Expense": "3,593", "Operating Income": "-70", "Other Income Expense": "45", "Pretax Income": "-25", "Tax Provision": "-18", "Net Income Common Stockholders": "-7", "Diluted NI Available to Com Stockholders": "-7", "Basic EPS": "-0.00", "Diluted EPS": "-0.00", "Basic Average Shares": "1,925", "Diluted Average Shares": "1,925", "Total Operating Income as Reported": "-70", "Total Expenses": "13,509", "Net Income from Continuing & Discontinued Operation": "-7", "Normalized Income": "-7", "EBIT": "-70", "EBITDA": "-", "Reconciled Cost of Revenue": "9,916", "Reconciled Depreciation": "-235", "Net Income from Continuing Operation Net Minority Interest": "-7", "Total Unusual Items Excluding Goodwill": "-", "Total Unusual Items": "-", "Normalized EBITDA": "-70", "Tax Rate for Calcs": "0", "Tax Effect of Unusual Items": "0"}, "12/31/2018": {"Duration": "12/31/2018", "Total Revenue": "12,229", "Cost of Revenue": "7,184", "Gross Profit": "5,045", "Operating Expense": "3,555", "Operating Income": "1,490", "Other Income Expense": "-", "Pretax Income": "1,490", "Tax Provision": "4", "Net Income Common Stockholders": "1,486", "Diluted NI Available to Com Stockholders": "1,486", "Basic EPS": "0.73", "Diluted EPS": "0.72", "Basic Average Shares": "2,030", "Diluted Average Shares": "2,057", "Total Operating Income as Reported": "1,490", "Total Expenses": "10,739", "Net Income from Continuing & Discontinued Operation": "1,486", "Normalized Income": "1,486", "EBIT": "1,490", "EBITDA": "-", "Reconciled Cost of Revenue": "7,184", "Reconciled Depreciation": "86", "Net Income from Continuing Operation Net Minority Interest": "1,486", "Total Unusual Items Excluding Goodwill": "-", "Total Unusual Items": "-", "Normalized EBITDA": "1,576", "Tax Rate for Calcs": "0", "Tax Effect of Unusual Items": "0"}}, "bs": {"12/31/2019": {"Duration": "12/31/2019", "Total Assets": "10,038", "Total Liabilities Net Minority Interest": "3,295", "Total Equity Gross Minority Interest": "6,743", "Total Capitalization": "6,743", "Common Stock Equity": "6,743", "Capital Lease Obligations": "705", "Net Tangible Assets": "6,743", "Working Capital": "6,537", "Invested Capital": "6,743", "Tangible Book Value": "6,743", "Total Debt": "705", "Share Issued": "1,925", "Ordinary Shares Number": "1,925"}, "12/31/2018": {"Duration": "12/31/2018", "Total Assets": "9,998", "Total Liabilities Net Minority Interest": "2,670", "Total Equity Gross Minority Interest": "7,328", "Total Capitalization": "7,328", "Common Stock Equity": "7,328", "Capital Lease Obligations": "-", "Net Tangible Assets": "7,328", "Working Capital": "7,264", "Invested Capital": "7,328", "Tangible Book Value": "7,328", "Total Debt": "-", "Share Issued": "2,030", "Ordinary Shares Number": "2,030"}}, "cf": {"TTM": {"Duration": "TTM", "Operating Cash Flow": "109", "Investing Cash Flow": "-109", "Financing Cash Flow": "-388", "End Cash Position": "4,377", "Income Tax Paid Supplemental Data": "11", "Capital Expenditure": "-", "Repurchase of Capital Stock": "-388", "Free Cash Flow": "0"}, "12/31/2019": {"Duration": "12/31/2019", "Operating Cash Flow": "-116", "Investing Cash Flow": "-85", "Financing Cash Flow": "-717", "End Cash Position": "3,963", "Income Tax Paid Supplemental Data": "11", "Capital Expenditure": "-85", "Repurchase of Capital Stock": "-717", "Free Cash Flow": "-201"}, "12/31/2018": {"Duration": "12/31/2018", "Operating Cash Flow": "163", "Investing Cash Flow": "-26", "Financing Cash Flow": "-54", "End Cash Position": "4,881", "Income Tax Paid Supplemental Data": "32", "Capital Expenditure": "-26", "Repurchase of Capital Stock": "-93", "Free Cash Flow": "137"}}}}, {"ROG": {"quote": {"05/08/2021": {"value": "190.16", "Market Cap": "3.558B", "Beta (5Y Monthly)": "1.81", "PE Ratio (TTM)": "52.49", "EPS (TTM)": "3.62", "Earnings Date": "Jul 28, 2021 - Aug 02, 2021", "Forward Dividend & Yield": "N/A (N/A)", "Ex-Dividend Date": "Jan 09, 1992", "1y Target Est": "233.33"}}, "fin": {"TTM": {"Duration": "TTM", "Total Revenue": "833,038", "Cost of Revenue": "517,349", "Gross Profit": "315,689", "Operating Expense": "212,908", "Operating Income": "102,781", "Net Non Operating Interest Income Expense": "-6,536", "Other Income Expense": "-2,677", "Pretax Income": "93,569", "Tax Provision": "25,620", "Net Income Common Stockholders": "67,949", "Diluted NI Available to Com Stockholders": "67,949", "Basic EPS": "-", "Diluted EPS": "-", "Basic Average Shares": "-", "Diluted Average Shares": "-", "Total Operating Income as Reported": "87,052", "Total Expenses": "730,257", "Net Income from Continuing & Discontinued Operation": "67,949", "Normalized Income": "79,411", "Interest Income": "814", "Interest Expense": "6,716", "Net Interest Income": "-6,536", "EBIT": "100,285", "EBITDA": "171,109", "Reconciled Cost of Revenue": "517,349", "Reconciled Depreciation": "70,824", "Net Income from Continuing Operation Net Minority Interest": "67,949", "Total Unusual Items Excluding Goodwill": "-15,784", "Total Unusual Items": "-15,784", "Normalized EBITDA": "186,893", "Tax Rate for Calcs": "0", "Tax Effect of Unusual Items": "-4,322"}, "12/31/2020": {"Duration": "12/31/2020", "Total Revenue": "802,583", "Cost of Revenue": "510,763", "Gross Profit": "291,820", "Operating Expense": "211,458", "Operating Income": "80,362", "Net Non Operating Interest Income Expense": "-7,135", "Other Income Expense": "-4,693", "Pretax Income": "68,534", "Tax Provision": "18,544", "Net Income Common Stockholders": "49,990", "Diluted NI Available to Com Stockholders": "49,990", "Basic EPS": "-", "Diluted EPS": "-", "Basic Average Shares": "-", "Diluted Average Shares": "-", "Total Operating Income as Reported": "67,334", "Total Expenses": "722,221", "Net Income from Continuing & Discontinued Operation": "49,990", "Normalized Income": "59,528", "Interest Income": "939", "Interest Expense": "7,481", "Net Interest Income": "-7,135", "EBIT": "76,015", "EBITDA": "-", "Reconciled Cost of Revenue": "439,338", "Reconciled Depreciation": "71,425", "Net Income from Continuing Operation Net Minority Interest": "49,990", "Total Unusual Items Excluding Goodwill": "-13,083", "Total Unusual Items": "-13,083", "Normalized EBITDA": "160,523", "Tax Rate for Calcs": "0", "Tax Effect of Unusual Items": "-3,545"}, "12/31/2019": {"Duration": "12/31/2019", "Total Revenue": "898,260", "Cost of Revenue": "583,968", "Gross Profit": "314,292", "Operating Expense": "202,274", "Operating Income": "112,018", "Net Non Operating Interest Income Expense": "-6,869", "Other Income Expense": "-50,023", "Pretax Income": "55,126", "Tax Provision": "7,807", "Net Income Common Stockholders": "47,319", "Diluted NI Available to Com Stockholders": "47,319", "Basic EPS": "2.55", "Diluted EPS": "2.53", "Basic Average Shares": "18,573", "Diluted Average Shares": "18,713", "Total Operating Income as Reported": "110,481", "Total Expenses": "786,242", "Net Income from Continuing & Discontinued Operation": "47,319", "Normalized Income": "95,143", "Interest Income": "1,610", "Interest Expense": "7,927", "Net Interest Income": "-6,869", "EBIT": "63,053", "EBITDA": "-", "Reconciled Cost of Revenue": "536,713", "Reconciled Depreciation": "49,162", "Net Income from Continuing Operation Net Minority Interest": "47,319", "Total Unusual Items Excluding Goodwill": "-55,739", "Total Unusual Items": "-55,739", "Normalized EBITDA": "167,954", "Tax Rate for Calcs": "0", "Tax Effect of Unusual Items": "-7,915"}, "12/31/2018": {"Duration": "12/31/2018", "Total Revenue": "879,091", "Cost of Revenue": "568,308", "Gross Profit": "310,783", "Operating Expense": "200,077", "Operating Income": "110,706", "Net Non Operating Interest Income Expense": "-6,629", "Other Income Expense": "6,512", "Pretax Income": "110,589", "Tax Provision": "22,938", "Net Income Common Stockholders": "87,651", "Diluted NI Available to Com Stockholders": "87,651", "Basic EPS": "4.77", "Diluted EPS": "4.70", "Basic Average Shares": "18,374", "Diluted Average Shares": "18,659", "Total Operating Income as Reported": "112,711", "Total Expenses": "768,385", "Net Income from Continuing & Discontinued Operation": "87,651", "Normalized Income": "86,813", "Interest Income": "-", "Interest Expense": "-", "Net Interest Income": "-6,629", "EBIT": "110,706", "EBITDA": "-", "Reconciled Cost of Revenue": "521,747", "Reconciled Depreciation": "50,073", "Net Income from Continuing Operation Net Minority Interest": "87,651", "Total Unusual Items Excluding Goodwill": "1,057", "Total Unusual Items": "1,057", "Normalized EBITDA": "159,722", "Tax Rate for Calcs": "0", "Tax Effect of Unusual Items": "218.799"}}, "bs": {"12/31/2020": {"Duration": "12/31/2020", "Total Assets": "1,264,005", "Total Liabilities Net Minority Interest": "243,250", "Total Equity Gross Minority Interest": "1,020,755", "Total Capitalization": "1,045,755", "Common Stock Equity": "1,020,755", "Capital Lease Obligations": "-", "Net Tangible Assets": "632,557", "Working Capital": "362,666", "Invested Capital": "1,045,755", "Tangible Book Value": "632,557", "Total Debt": "25,000", "Net Debt": "-", "Share Issued": "18,677", "Ordinary Shares Number": "18,677"}, "12/31/2019": {"Duration": "12/31/2019", "Total Assets": "1,273,181", "Total Liabilities Net Minority Interest": "339,281", "Total Equity Gross Minority Interest": "933,900", "Total Capitalization": "1,056,900", "Common Stock Equity": "933,900", "Capital Lease Obligations": "-", "Net Tangible Assets": "512,023", "Working Capital": "363,877", "Invested Capital": "1,056,900", "Tangible Book Value": "512,023", "Total Debt": "123,000", "Net Debt": "-", "Share Issued": "18,577", "Ordinary Shares Number": "18,577"}, "12/31/2018": {"Duration": "12/31/2018", "Total Assets": "1,279,344", "Total Liabilities Net Minority Interest": "431,020", "Total Equity Gross Minority Interest": "848,324", "Total Capitalization": "1,076,806", "Common Stock Equity": "848,324", "Capital Lease Obligations": "5,049", "Net Tangible Assets": "406,431", "Working Capital": "378,606", "Invested Capital": "1,076,806", "Tangible Book Value": "406,431", "Total Debt": "233,531", "Net Debt": "60,744", "Share Issued": "18,395", "Ordinary Shares Number": "18,395"}}, "cf": {"TTM": {"Duration": "TTM", "Operating Cash Flow": "192,944", "Investing Cash Flow": "-32,827", "Financing Cash Flow": "-272,941", "End Cash Position": "195,453", "Income Tax Paid Supplemental Data": "26,102", "Interest Paid Supplemental Data": "6,472", "Capital Expenditure": "-32,827", "Issuance of Capital Stock": "-", "Issuance of Debt": "0", "Repayment of Debt": "-269,487", "Repurchase of Capital Stock": "-", "Free Cash Flow": "160,117"}, "12/31/2020": {"Duration": "12/31/2020", "Operating Cash Flow": "165,056", "Investing Cash Flow": "-40,385", "Financing Cash Flow": "-104,189", "End Cash Position": "191,785", "Income Tax Paid Supplemental Data": "29,983", "Interest Paid Supplemental Data": "7,251", "Capital Expenditure": "-40,385", "Issuance of Capital Stock": "-", "Issuance of Debt": "150,000", "Repayment of Debt": "-248,330", "Repurchase of Capital Stock": "0", "Free Cash Flow": "124,671"}, "12/31/2019": {"Duration": "12/31/2019", "Operating Cash Flow": "161,323", "Investing Cash Flow": "-48,963", "Financing Cash Flow": "-111,843", "End Cash Position": "166,849", "Income Tax Paid Supplemental Data": "17,593", "Interest Paid Supplemental Data": "7,762", "Capital Expenditure": "-51,597", "Issuance of Capital Stock": "-", "Issuance of Debt": "0", "Repayment of Debt": "-105,886", "Repurchase of Capital Stock": "0", "Free Cash Flow": "109,726"}, "12/31/2018": {"Duration": "12/31/2018", "Operating Cash Flow": "66,820", "Investing Cash Flow": "-167,437", "Financing Cash Flow": "88,682", "End Cash Position": "167,738", "Income Tax Paid Supplemental Data": "29,161", "Interest Paid Supplemental Data": "7,040", "Capital Expenditure": "-47,115", "Issuance of Capital Stock": "-", "Issuance of Debt": "102,500", "Repayment of Debt": "-6,162", "Repurchase of Capital Stock": "-2,999", "Free Cash Flow": "19,705"}}}}, {"DLB": {"quote": {"05/08/2021": {"value": "96.64", "Market Cap": "9.796B", "Beta (5Y Monthly)": "0.97", "PE Ratio (TTM)": "32.78", "EPS (TTM)": "2.95", "Earnings Date": "Aug 02, 2021 - Aug 06, 2021", "Forward Dividend & Yield": "0.88 (0.91%)", "Ex-Dividend Date": "May 14, 2021", "1y Target Est": "115.00"}}, "fin": {"TTM": {"Duration": "TTM", "Total Revenue": "1,227,532", "Cost of Revenue": "140,035", "Gross Profit": "1,087,497", "Operating Expense": "776,986", "Operating Income": "310,511", "Net Non Operating Interest Income Expense": "4,667", "Other Income Expense": "11,633", "Pretax Income": "326,811", "Tax Provision": "13,422", "Net Income Common Stockholders": "305,529", "Diluted NI Available to Com Stockholders": "305,529", "Basic EPS": "-", "Diluted EPS": "-", "Basic Average Shares": "-", "Diluted Average Shares": "-", "Total Operating Income as Reported": "312,141", "Total Expenses": "917,021", "Net Income from Continuing & Discontinued Operation": "305,529", "Normalized Income": "303,966", "Interest Income": "5,008", "Interest Expense": "341", "Net Interest Income": "4,667", "EBIT": "327,152", "EBITDA": "425,217", "Reconciled Cost of Revenue": "140,035", "Reconciled Depreciation": "98,065", "Net Income from Continuing Operation Net Minority Interest": "305,529", "Total Unusual Items Excluding Goodwill": "1,630", "Total Unusual Items": "1,630", "Normalized EBITDA": "423,587", "Tax Rate for Calcs": "0", "Tax Effect of Unusual Items": "66.9435"}, "9/30/2020": {"Duration": "9/30/2020", "Total Revenue": "1,161,792", "Cost of Revenue": "146,498", "Gross Profit": "1,015,294", "Operating Expense": "794,731", "Operating Income": "220,563", "Net Non Operating Interest Income Expense": "12,539", "Other Income Expense": "6,613", "Pretax Income": "239,715", "Tax Provision": "8,096", "Net Income Common Stockholders": "231,363", "Diluted NI Available to Com Stockholders": "231,363", "Basic EPS": "2.30", "Diluted EPS": "2.25", "Basic Average Shares": "100,564", "Diluted Average Shares": "102,944", "Total Operating Income as Reported": "218,742", "Total Expenses": "941,229", "Net Income from Continuing & Discontinued Operation": "231,363", "Normalized Income": "233,122", "Interest Income": "12,725", "Interest Expense": "186", "Net Interest Income": "12,539", "EBIT": "239,901", "EBITDA": "-", "Reconciled Cost of Revenue": "146,498", "Reconciled Depreciation": "90,878", "Net Income from Continuing Operation Net Minority Interest": "231,363", "Total Unusual Items Excluding Goodwill": "-1,821", "Total Unusual Items": "-1,821", "Normalized EBITDA": "332,600", "Tax Rate for Calcs": "0", "Tax Effect of Unusual Items": "-61.914"}, "9/30/2019": {"Duration": "9/30/2019", "Total Revenue": "1,241,620", "Cost of Revenue": "160,854", "Gross Profit": "1,080,766", "Operating Expense": "787,131", "Operating Income": "293,635", "Net Non Operating Interest Income Expense": "24,749", "Other Income Expense": "-36,077", "Pretax Income": "282,307", "Tax Provision": "26,802", "Net Income Common Stockholders": "255,151", "Diluted NI Available to Com Stockholders": "255,151", "Basic EPS": "2.51", "Diluted EPS": "2.44", "Basic Average Shares": "101,629", "Diluted Average Shares": "104,572", "Total Operating Income as Reported": "257,077", "Total Expenses": "947,985", "Net Income from Continuing & Discontinued Operation": "255,151", "Normalized Income": "288,236", "Interest Income": "24,919", "Interest Expense": "170", "Net Interest Income": "24,749", "EBIT": "282,477", "EBITDA": "-", "Reconciled Cost of Revenue": "160,854", "Reconciled Depreciation": "85,123", "Net Income from Continuing Operation Net Minority Interest": "255,151", "Total Unusual Items Excluding Goodwill": "-36,558", "Total Unusual Items": "-36,558", "Normalized EBITDA": "404,158", "Tax Rate for Calcs": "0", "Tax Effect of Unusual Items": "-3,473"}, "9/30/2018": {"Duration": "9/30/2018", "Total Revenue": "1,171,924", "Cost of Revenue": "128,260", "Gross Profit": "1,043,664", "Operating Expense": "744,112", "Operating Income": "299,552", "Net Non Operating Interest Income Expense": "18,772", "Other Income Expense": "-5,457", "Pretax Income": "312,867", "Tax Provision": "190,062", "Net Income Common Stockholders": "122,246", "Diluted NI Available to Com Stockholders": "122,246", "Basic EPS": "1.18", "Diluted EPS": "1.14", "Basic Average Shares": "103,377", "Diluted Average Shares": "106,978", "Total Operating Income as Reported": "299,998", "Total Expenses": "872,372", "Net Income from Continuing & Discontinued Operation": "122,246", "Normalized Income": "121,920", "Interest Income": "18,970", "Interest Expense": "198", "Net Interest Income": "18,772", "EBIT": "313,065", "EBITDA": "-", "Reconciled Cost of Revenue": "128,260", "Reconciled Depreciation": "81,283", "Net Income from Continuing Operation Net Minority Interest": "122,246", "Total Unusual Items Excluding Goodwill": "446", "Total Unusual Items": "446", "Normalized EBITDA": "393,902", "Tax Rate for Calcs": "0", "Tax Effect of Unusual Items": "120.42"}}, "bs": {"9/30/2020": {"Duration": "9/30/2020", "Total Assets": "2,917,325", "Total Liabilities Net Minority Interest": "478,920", "Total Equity Gross Minority Interest": "2,438,405", "Total Capitalization": "2,432,643", "Common Stock Equity": "2,432,643", "Capital Lease Obligations": "81,137", "Net Tangible Assets": "1,943,267", "Working Capital": "1,280,087", "Invested Capital": "2,432,643", "Tangible Book Value": "1,943,267", "Total Debt": "81,137", "Share Issued": "100,296", "Ordinary Shares Number": "100,296"}, "9/30/2019": {"Duration": "9/30/2019", "Total Assets": "2,821,749", "Total Liabilities Net Minority Interest": "508,719", "Total Equity Gross Minority Interest": "2,313,030", "Total Capitalization": "2,307,351", "Common Stock Equity": "2,307,351", "Capital Lease Obligations": "-", "Net Tangible Assets": "1,791,631", "Working Capital": "1,074,687", "Invested Capital": "2,307,351", "Tangible Book Value": "1,791,631", "Total Debt": "-", "Share Issued": "100,141", "Ordinary Shares Number": "100,141"}, "9/30/2018": {"Duration": "9/30/2018", "Total Assets": "2,659,269", "Total Liabilities Net Minority Interest": "463,151", "Total Equity Gross Minority Interest": "2,196,118", "Total Capitalization": "2,189,551", "Common Stock Equity": "2,189,551", "Capital Lease Obligations": "-", "Net Tangible Assets": "1,677,550", "Working Capital": "1,029,827", "Invested Capital": "2,189,551", "Tangible Book Value": "1,677,550", "Total Debt": "-", "Share Issued": "103,240", "Ordinary Shares Number": "103,240"}}, "cf": {"TTM": {"Duration": "TTM", "Operating Cash Flow": "412,578", "Investing Cash Flow": "165,825", "Financing Cash Flow": "-212,055", "End Cash Position": "1,100,792", "Income Tax Paid Supplemental Data": "47,357", "Capital Expenditure": "-53,452", "Issuance of Capital Stock": "99,829", "Repurchase of Capital Stock": "-214,032", "Free Cash Flow": "359,126"}, "9/30/2020": {"Duration": "9/30/2020", "Operating Cash Flow": "343,849", "Investing Cash Flow": "134,374", "Financing Cash Flow": "-207,775", "End Cash Position": "1,079,979", "Income Tax Paid Supplemental Data": "52,869", "Capital Expenditure": "-68,987", "Issuance of Capital Stock": "82,658", "Repurchase of Capital Stock": "-196,807", "Free Cash Flow": "274,862"}, "9/30/2019": {"Duration": "9/30/2019", "Operating Cash Flow": "327,674", "Investing Cash Flow": "-56,229", "Financing Cash Flow": "-385,281", "End Cash Position": "805,593", "Income Tax Paid Supplemental Data": "59,722", "Capital Expenditure": "-113,536", "Issuance of Capital Stock": "57,346", "Repurchase of Capital Stock": "-363,373", "Free Cash Flow": "214,138"}, "9/30/2018": {"Duration": "9/30/2018", "Operating Cash Flow": "352,202", "Investing Cash Flow": "78,250", "Financing Cash Flow": "-133,629", "End Cash Position": "918,063", "Income Tax Paid Supplemental Data": "60,875", "Capital Expenditure": "-85,357", "Issuance of Capital Stock": "106,162", "Repurchase of Capital Stock": "-172,614", "Free Cash Flow": "266,845"}}}}, {"DAIO": {"quote": {"05/08/2021": {"value": "5.41", "Market Cap": "45.561M", "Beta (5Y Monthly)": "N/A", "PE Ratio (TTM)": "N/A", "EPS (TTM)": "-0.45", "Earnings Date": "Aug 02, 2021 - Aug 06, 2021", "Forward Dividend & Yield": "N/A (N/A)", "Ex-Dividend Date": "Mar 09, 1989", "1y Target Est": "6.50"}}, "fin": {"TTM": {"Duration": "TTM", "Total Revenue": "21,558", "Cost of Revenue": "10,182", "Gross Profit": "11,376", "Operating Expense": "13,523", "Operating Income": "-2,147", "Net Non Operating Interest Income Expense": "9", "Other Income Expense": "-1,191", "Pretax Income": "-3,329", "Tax Provision": "414", "Net Income Common Stockholders": "-3,743", "Diluted NI Available to Com Stockholders": "-3,743", "Basic EPS": "-", "Diluted EPS": "-", "Basic Average Shares": "-", "Diluted Average Shares": "-", "Total Operating Income as Reported": "-2,799", "Total Expenses": "23,705", "Net Income from Continuing & Discontinued Operation": "-3,743", "Normalized Income": "-3,028", "Interest Income": "9", "Net Interest Income": "9", "EBIT": "-2,147", "EBITDA": "-2,147", "Reconciled Cost of Revenue": "10,182", "Reconciled Depreciation": "-", "Net Income from Continuing Operation Net Minority Interest": "-3,743", "Total Unusual Items Excluding Goodwill": "-1,191", "Total Unusual Items": "-1,191", "Normalized EBITDA": "-956", "Tax Rate for Calcs": "0", "Tax Effect of Unusual Items": "-476.4"}, "12/31/2020": {"Duration": "12/31/2020", "Total Revenue": "20,328", "Cost of Revenue": "9,506", "Gross Profit": "10,822", "Operating Expense": "13,248", "Operating Income": "-2,426", "Net Non Operating Interest Income Expense": "14", "Other Income Expense": "-1,165", "Pretax Income": "-3,577", "Tax Provision": "387", "Net Income Common Stockholders": "-3,964", "Diluted NI Available to Com Stockholders": "-3,964", "Basic EPS": "-", "Diluted EPS": "-", "Basic Average Shares": "-", "Diluted Average Shares": "-", "Total Operating Income as Reported": "-3,078", "Total Expenses": "22,754", "Net Income from Continuing & Discontinued Operation": "-3,964", "Normalized Income": "-3,114", "Interest Income": "14", "Net Interest Income": "14", "EBIT": "-2,426", "EBITDA": "-", "Reconciled Cost of Revenue": "9,506", "Reconciled Depreciation": "815", "Net Income from Continuing Operation Net Minority Interest": "-3,964", "Total Unusual Items Excluding Goodwill": "-1,165", "Total Unusual Items": "-1,165", "Normalized EBITDA": "-446", "Tax Rate for Calcs": "0", "Tax Effect of Unusual Items": "-314.55"}, "12/31/2019": {"Duration": "12/31/2019", "Total Revenue": "21,568", "Cost of Revenue": "9,018", "Gross Profit": "12,550", "Operating Expense": "13,828", "Operating Income": "-1,278", "Net Non Operating Interest Income Expense": "53", "Other Income Expense": "69", "Pretax Income": "-1,156", "Tax Provision": "31", "Net Income Common Stockholders": "-1,187", "Diluted NI Available to Com Stockholders": "-1,187", "Basic EPS": "-0.14", "Diluted EPS": "-0.14", "Basic Average Shares": "8,247", "Diluted Average Shares": "8,247", "Total Operating Income as Reported": "-1,278", "Total Expenses": "22,846", "Net Income from Continuing & Discontinued Operation": "-1,187", "Normalized Income": "-1,237", "Interest Income": "53", "Net Interest Income": "53", "EBIT": "-1,278", "EBITDA": "-", "Reconciled Cost of Revenue": "9,018", "Reconciled Depreciation": "867", "Net Income from Continuing Operation Net Minority Interest": "-1,187", "Total Unusual Items Excluding Goodwill": "69", "Total Unusual Items": "69", "Normalized EBITDA": "-480", "Tax Rate for Calcs": "0", "Tax Effect of Unusual Items": "18.63"}, "12/31/2018": {"Duration": "12/31/2018", "Total Revenue": "29,224", "Cost of Revenue": "11,868", "Gross Profit": "17,356", "Operating Expense": "15,618", "Operating Income": "1,738", "Net Non Operating Interest Income Expense": "37", "Other Income Expense": "122", "Pretax Income": "1,897", "Tax Provision": "291", "Net Income Common Stockholders": "1,606", "Diluted NI Available to Com Stockholders": "1,606", "Basic EPS": "0.19", "Diluted EPS": "0.19", "Basic Average Shares": "8,378", "Diluted Average Shares": "8,514", "Total Operating Income as Reported": "1,738", "Total Expenses": "27,486", "Net Income from Continuing & Discontinued Operation": "1,606", "Normalized Income": "1,503", "Interest Income": "37", "Net Interest Income": "37", "EBIT": "1,738", "EBITDA": "-", "Reconciled Cost of Revenue": "11,868", "Reconciled Depreciation": "955", "Net Income from Continuing Operation Net Minority Interest": "1,606", "Total Unusual Items Excluding Goodwill": "122", "Total Unusual Items": "122", "Normalized EBITDA": "2,571", "Tax Rate for Calcs": "0", "Tax Effect of Unusual Items": "18.7148"}}, "bs": {"12/31/2020": {"Duration": "12/31/2020", "Total Assets": "25,592", "Total Liabilities Net Minority Interest": "5,953", "Total Equity Gross Minority Interest": "19,639", "Total Capitalization": "19,639", "Common Stock Equity": "19,639", "Capital Lease Obligations": "1,261", "Net Tangible Assets": "19,639", "Working Capital": "18,059", "Invested Capital": "19,639", "Tangible Book Value": "19,639", "Total Debt": "1,261", "Share Issued": "8,416", "Ordinary Shares Number": "8,416"}, "12/31/2019": {"Duration": "12/31/2019", "Total Assets": "28,281", "Total Liabilities Net Minority Interest": "6,751", "Total Equity Gross Minority Interest": "21,530", "Total Capitalization": "21,530", "Common Stock Equity": "21,530", "Capital Lease Obligations": "1,856", "Net Tangible Assets": "21,530", "Working Capital": "18,497", "Invested Capital": "21,530", "Tangible Book Value": "21,530", "Total Debt": "1,856", "Share Issued": "8,213", "Ordinary Shares Number": "8,213"}, "12/31/2018": {"Duration": "12/31/2018", "Total Assets": "30,723", "Total Liabilities Net Minority Interest": "7,366", "Total Equity Gross Minority Interest": "23,357", "Total Capitalization": "23,357", "Common Stock Equity": "23,357", "Capital Lease Obligations": "-", "Net Tangible Assets": "23,357", "Working Capital": "21,065", "Invested Capital": "23,357", "Tangible Book Value": "23,357", "Total Debt": "-", "Share Issued": "8,339", "Ordinary Shares Number": "8,339"}}, "cf": {"TTM": {"Duration": "TTM", "Operating Cash Flow": "-", "Investing Cash Flow": "-", "Financing Cash Flow": "-", "End Cash Position": "-", "Income Tax Paid Supplemental Data": "-", "Capital Expenditure": "-", "Issuance of Capital Stock": "-", "Repurchase of Capital Stock": "-", "Free Cash Flow": "-"}, "12/31/2020": {"Duration": "12/31/2020", "Operating Cash Flow": "631", "Investing Cash Flow": "-860", "Financing Cash Flow": "-144", "End Cash Position": "14,167", "Income Tax Paid Supplemental Data": "137", "Capital Expenditure": "-860", "Issuance of Capital Stock": "-", "Repurchase of Capital Stock": "-144", "Free Cash Flow": "-229"}, "12/31/2019": {"Duration": "12/31/2019", "Operating Cash Flow": "-2,096", "Investing Cash Flow": "-548", "Financing Cash Flow": "-1,677", "End Cash Position": "13,936", "Income Tax Paid Supplemental Data": "307", "Capital Expenditure": "-612", "Issuance of Capital Stock": "-", "Repurchase of Capital Stock": "-1,677", "Free Cash Flow": "-2,708"}, "12/31/2018": {"Duration": "12/31/2018", "Operating Cash Flow": "2,112", "Investing Cash Flow": "-888", "Financing Cash Flow": "-966", "End Cash Position": "18,343", "Income Tax Paid Supplemental Data": "463", "Capital Expenditure": "-907", "Issuance of Capital Stock": "-", "Repurchase of Capital Stock": "-966", "Free Cash Flow": "1,205"}}}}, {"MEI": {"quote": {"05/08/2021": {"value": "47.33", "Market Cap": "1.803B", "Beta (5Y Monthly)": "1.26", "PE Ratio (TTM)": "14.88", "EPS (TTM)": "3.18", "Earnings Date": "Jun 28, 2021 - Jul 02, 2021", "Forward Dividend & Yield": "0.44 (0.93%)", "Ex-Dividend Date": "Apr 15, 2021", "1y Target Est": "48.00"}}, "fin": {"TTM": {"Duration": "TTM", "Total Revenue": "997,600", "Cost of Revenue": "739,900", "Gross Profit": "257,700", "Operating Expense": "127,200", "Operating Income": "130,500", "Net Non Operating Interest Income Expense": "-6,400", "Other Income Expense": "14,300", "Pretax Income": "138,400", "Tax Provision": "17,100", "Net Income Common Stockholders": "121,300", "Diluted NI Available to Com Stockholders": "121,300", "Basic EPS": "-", "Diluted EPS": "-", "Basic Average Shares": "-", "Diluted Average Shares": "-", "Total Operating Income as Reported": "130,500", "Total Expenses": "867,100", "Net Income from Continuing & Discontinued Operation": "121,300", "Normalized Income": "121,300", "Interest Expense": "6,400", "Net Interest Income": "-6,400", "EBIT": "144,800", "EBITDA": "195,300", "Reconciled Cost of Revenue": "708,600", "Reconciled Depreciation": "50,500", "Net Income from Continuing Operation Net Minority Interest": "121,300", "Normalized EBITDA": "195,300", "Tax Rate for Calcs": "0", "Tax Effect of Unusual Items": "0"}, "4/30/2020": {"Duration": "4/30/2020", "Total Revenue": "1,023,900", "Cost of Revenue": "741,000", "Gross Profit": "282,900", "Operating Expense": "135,800", "Operating Income": "147,100", "Net Non Operating Interest Income Expense": "-10,100", "Other Income Expense": "11,700", "Pretax Income": "148,700", "Tax Provision": "25,300", "Net Income Common Stockholders": "123,400", "Diluted NI Available to Com Stockholders": "123,400", "Basic EPS": "3.28", "Diluted EPS": "3.26", "Basic Average Shares": "37,575", "Diluted Average Shares": "37,844", "Total Operating Income as Reported": "147,100", "Total Expenses": "876,800", "Net Income from Continuing & Discontinued Operation": "123,400", "Normalized Income": "123,400", "Interest Expense": "10,100", "Net Interest Income": "-10,100", "EBIT": "158,800", "EBITDA": "-", "Reconciled Cost of Revenue": "711,700", "Reconciled Depreciation": "48,300", "Net Income from Continuing Operation Net Minority Interest": "123,400", "Normalized EBITDA": "207,100", "Tax Rate for Calcs": "0", "Tax Effect of Unusual Items": "0"}, "4/30/2019": {"Duration": "4/30/2019", "Total Revenue": "1,000,300", "Cost of Revenue": "734,500", "Gross Profit": "265,800", "Operating Expense": "159,000", "Operating Income": "106,800", "Net Non Operating Interest Income Expense": "-8,300", "Other Income Expense": "5,100", "Pretax Income": "103,600", "Tax Provision": "12,000", "Net Income Common Stockholders": "91,600", "Diluted NI Available to Com Stockholders": "91,600", "Basic EPS": "2.45", "Diluted EPS": "2.43", "Basic Average Shares": "37,405", "Diluted Average Shares": "37,670", "Total Operating Income as Reported": "106,800", "Total Expenses": "893,500", "Net Income from Continuing & Discontinued Operation": "91,600", "Normalized Income": "91,600", "Interest Expense": "-", "Net Interest Income": "-8,300", "EBIT": "106,800", "EBITDA": "-", "Reconciled Cost of Revenue": "707,300", "Reconciled Depreciation": "43,300", "Net Income from Continuing Operation Net Minority Interest": "91,600", "Normalized EBITDA": "150,100", "Tax Rate for Calcs": "0", "Tax Effect of Unusual Items": "0"}}, "bs": {"4/30/2020": {"Duration": "4/30/2020", "Total Assets": "1,370,600", "Total Liabilities Net Minority Interest": "587,200", "Total Equity Gross Minority Interest": "783,400", "Total Capitalization": "1,120,200", "Common Stock Equity": "783,400", "Capital Lease Obligations": "25,900", "Net Tangible Assets": "307,000", "Working Capital": "421,800", "Invested Capital": "1,135,500", "Tangible Book Value": "307,000", "Total Debt": "378,000", "Net Debt": "134,800", "Share Issued": "38,438", "Ordinary Shares Number": "37,091", "Treasury Shares Number": "1,347"}, "4/30/2019": {"Duration": "4/30/2019", "Total Assets": "1,231,700", "Total Liabilities Net Minority Interest": "542,000", "Total Equity Gross Minority Interest": "689,700", "Total Capitalization": "966,600", "Common Stock Equity": "689,700", "Capital Lease Obligations": "-", "Net Tangible Assets": "191,500", "Working Capital": "272,600", "Invested Capital": "982,300", "Tangible Book Value": "191,500", "Total Debt": "292,600", "Net Debt": "209,400", "Share Issued": "38,334", "Ordinary Shares Number": "36,987", "Treasury Shares Number": "1,347"}}, "cf": {"TTM": {"Duration": "TTM", "Operating Cash Flow": "201,800", "Investing Cash Flow": "-30,100", "Financing Cash Flow": "-36,400", "End Cash Position": "215,200", "Income Tax Paid Supplemental Data": "14,500", "Interest Paid Supplemental Data": "6,600", "Capital Expenditure": "-30,300", "Issuance of Debt": "101,700", "Repayment of Debt": "-117,000", "Repurchase of Capital Stock": "-", "Free Cash Flow": "171,500"}, "4/30/2020": {"Duration": "4/30/2020", "Operating Cash Flow": "140,600", "Investing Cash Flow": "-44,500", "Financing Cash Flow": "41,700", "End Cash Position": "217,300", "Income Tax Paid Supplemental Data": "21,100", "Interest Paid Supplemental Data": "9,900", "Capital Expenditure": "-45,100", "Issuance of Debt": "157,500", "Repayment of Debt": "-99,100", "Repurchase of Capital Stock": "-", "Free Cash Flow": "95,500"}, "4/30/2019": {"Duration": "4/30/2019", "Operating Cash Flow": "102,000", "Investing Cash Flow": "-470,800", "Financing Cash Flow": "217,400", "End Cash Position": "83,200", "Income Tax Paid Supplemental Data": "-", "Interest Paid Supplemental Data": "-", "Capital Expenditure": "-49,800", "Issuance of Debt": "359,000", "Repayment of Debt": "-120,500", "Repurchase of Capital Stock": "0", "Free Cash Flow": "52,200"}}}}, {"OESX": {"quote": {"05/08/2021": {"value": "5.65", "Market Cap": "173.794M", "Beta (5Y Monthly)": "2.49", "PE Ratio (TTM)": "50.45", "EPS (TTM)": "0.11", "Earnings Date": "Jun 02, 2021 - Jun 07, 2021", "Forward Dividend & Yield": "N/A (N/A)", "Ex-Dividend Date": "N/A", "1y Target Est": "12.38"}}, "fin": {"TTM": {"Duration": "TTM", "Total Revenue": "107,235", "Cost of Revenue": "80,556", "Gross Profit": "26,679", "Operating Expense": "22,727", "Operating Income": "3,952", "Net Non Operating Interest Income Expense": "-272", "Other Income Expense": "-", "Pretax Income": "3,624", "Tax Provision": "145", "Net Income Common Stockholders": "3,479", "Diluted NI Available to Com Stockholders": "3,479", "Basic EPS": "-", "Diluted EPS": "-", "Basic Average Shares": "-", "Diluted Average Shares": "-", "Total Operating Income as Reported": "3,924", "Total Expenses": "103,283", "Net Income from Continuing & Discontinued Operation": "3,479", "Normalized Income": "3,592", "Interest Income": "0", "Interest Expense": "69", "Net Interest Income": "-272", "EBIT": "3,693", "EBITDA": "5,177", "Reconciled Cost of Revenue": "80,556", "Reconciled Depreciation": "1,484", "Net Income from Continuing Operation Net Minority Interest": "3,479", "Total Unusual Items Excluding Goodwill": "-118", "Total Unusual Items": "-118", "Normalized EBITDA": "5,295", "Tax Rate for Calcs": "0", "Tax Effect of Unusual Items": "-4.7213"}, "3/31/2020": {"Duration": "3/31/2020", "Total Revenue": "150,841", "Cost of Revenue": "113,718", "Gross Profit": "37,123", "Operating Expense": "23,985", "Operating Income": "13,138", "Net Non Operating Interest Income Expense": "-517", "Other Income Expense": "28", "Pretax Income": "12,621", "Tax Provision": "159", "Net Income Common Stockholders": "12,462", "Diluted NI Available to Com Stockholders": "12,462", "Basic EPS": "0.41", "Diluted EPS": "0.40", "Basic Average Shares": "30,105", "Diluted Average Shares": "30,965", "Total Operating Income as Reported": "13,110", "Total Expenses": "137,703", "Net Income from Continuing & Discontinued Operation": "12,462", "Normalized Income": "12,490", "Interest Income": "5", "Interest Expense": "279", "Net Interest Income": "-517", "EBIT": "12,900", "EBITDA": "-", "Reconciled Cost of Revenue": "113,718", "Reconciled Depreciation": "1,562", "Net Income from Continuing Operation Net Minority Interest": "12,462", "Total Unusual Items Excluding Goodwill": "-28", "Total Unusual Items": "-28", "Normalized EBITDA": "14,490", "Tax Rate for Calcs": "0", "Tax Effect of Unusual Items": "-0.364"}, "3/31/2019": {"Duration": "3/31/2019", "Total Revenue": "65,754", "Cost of Revenue": "51,202", "Gross Profit": "14,552", "Operating Expense": "20,709", "Operating Income": "-6,157", "Net Non Operating Interest Income Expense": "-583", "Other Income Expense": "80", "Pretax Income": "-6,660", "Tax Provision": "14", "Net Income Common Stockholders": "-6,674", "Diluted NI Available to Com Stockholders": "-6,674", "Basic EPS": "-0.23", "Diluted EPS": "-0.23", "Basic Average Shares": "29,430", "Diluted Average Shares": "29,430", "Total Operating Income as Reported": "-6,157", "Total Expenses": "71,911", "Net Income from Continuing & Discontinued Operation": "-6,674", "Normalized Income": "-6,674", "Interest Income": "11", "Interest Expense": "493", "Net Interest Income": "-583", "EBIT": "-6,167", "EBITDA": "-", "Reconciled Cost of Revenue": "51,202", "Reconciled Depreciation": "1,783", "Net Income from Continuing Operation Net Minority Interest": "-6,674", "Total Unusual Items Excluding Goodwill": "0", "Total Unusual Items": "0", "Normalized EBITDA": "-4,384", "Tax Rate for Calcs": "0", "Tax Effect of Unusual Items": "0"}}, "bs": {"3/31/2020": {"Duration": "3/31/2020", "Total Assets": "72,563", "Total Liabilities Net Minority Interest": "41,528", "Total Equity Gross Minority Interest": "31,035", "Total Capitalization": "41,098", "Common Stock Equity": "31,035", "Capital Lease Obligations": "3,521", "Net Tangible Assets": "28,819", "Working Capital": "27,764", "Invested Capital": "41,133", "Tangible Book Value": "28,819", "Total Debt": "13,619", "Net Debt": "-", "Share Issued": "39,730", "Ordinary Shares Number": "30,266", "Treasury Shares Number": "9,464"}, "3/31/2019": {"Duration": "3/31/2019", "Total Assets": "56,021", "Total Liabilities Net Minority Interest": "38,051", "Total Equity Gross Minority Interest": "17,970", "Total Capitalization": "27,253", "Common Stock Equity": "17,970", "Capital Lease Obligations": "-", "Net Tangible Assets": "15,501", "Working Capital": "14,042", "Invested Capital": "27,349", "Tangible Book Value": "15,501", "Total Debt": "9,379", "Net Debt": "650", "Share Issued": "39,038", "Ordinary Shares Number": "29,600", "Treasury Shares Number": "9,438"}}, "cf": {"TTM": {"Duration": "TTM", "Operating Cash Flow": "424", "Investing Cash Flow": "-982", "Financing Cash Flow": "-925", "End Cash Position": "12,279", "Interest Paid Supplemental Data": "-", "Capital Expenditure": "-991", "Issuance of Debt": "18,900", "Repayment of Debt": "-19,786", "Free Cash Flow": "-567"}, "3/31/2020": {"Duration": "3/31/2020", "Operating Cash Flow": "20,343", "Investing Cash Flow": "-936", "Financing Cash Flow": "615", "End Cash Position": "28,751", "Interest Paid Supplemental Data": "254", "Capital Expenditure": "-945", "Issuance of Debt": "74,100", "Repayment of Debt": "-73,381", "Free Cash Flow": "19,398"}, "3/31/2019": {"Duration": "3/31/2019", "Operating Cash Flow": "-5,058", "Investing Cash Flow": "-449", "Financing Cash Flow": "4,812", "End Cash Position": "8,729", "Interest Paid Supplemental Data": "176", "Capital Expenditure": "-449", "Issuance of Debt": "60,270", "Repayment of Debt": "-55,056", "Free Cash Flow": "-5,507"}}}}, {"KE": {"quote": {"05/08/2021": {"value": "22.44", "Market Cap": "536.327M", "Beta (5Y Monthly)": "1.41", "PE Ratio (TTM)": "13.87", "EPS (TTM)": "1.62", "Earnings Date": "May 05, 2021", "Forward Dividend & Yield": "N/A (N/A)", "Ex-Dividend Date": "N/A", "1y Target Est": "26.00"}}, "fin": {"TTM": {"Duration": "TTM", "Total Revenue": "1,232,434", "Cost of Revenue": "1,131,049", "Gross Profit": "101,385", "Operating Expense": "47,277", "Operating Income": "54,108", "Net Non Operating Interest Income Expense": "-3,435", "Other Income Expense": "-4,524", "Pretax Income": "46,149", "Tax Provision": "9,290", "Net Income Common Stockholders": "36,808", "Diluted NI Available to Com Stockholders": "36,808", "Basic EPS": "-", "Diluted EPS": "-", "Basic Average Shares": "-", "Diluted Average Shares": "-", "Total Operating Income as Reported": "46,183", "Total Expenses": "1,178,326", "Net Income from Continuing & Discontinued Operation": "36,859", "Normalized Income": "43,414", "Interest Income": "68", "Interest Expense": "3,503", "Net Interest Income": "-3,435", "EBIT": "49,652", "EBITDA": "82,300", "Reconciled Cost of Revenue": "1,131,049", "Reconciled Depreciation": "32,648", "Net Income from Continuing Operation Net Minority Interest": "36,859", "Total Unusual Items Excluding Goodwill": "-8,207", "Total Unusual Items": "-8,207", "Normalized EBITDA": "90,507", "Tax Rate for Calcs": "0", "Tax Effect of Unusual Items": "-1,652"}, "6/30/2020": {"Duration": "6/30/2020", "Total Revenue": "1,200,550", "Cost of Revenue": "1,116,709", "Gross Profit": "83,841", "Operating Expense": "43,920", "Operating Income": "39,921", "Net Non Operating Interest Income Expense": "-4,361", "Other Income Expense": "-10,403", "Pretax Income": "25,157", "Tax Provision": "6,961", "Net Income Common Stockholders": "18,172", "Diluted NI Available to Com Stockholders": "18,172", "Basic EPS": "0.72", "Diluted EPS": "0.71", "Basic Average Shares": "25,243", "Diluted Average Shares": "25,428", "Total Operating Income as Reported": "31,996", "Total Expenses": "1,160,629", "Net Income from Continuing & Discontinued Operation": "18,196", "Normalized Income": "23,926", "Interest Income": "60", "Interest Expense": "4,421", "Net Interest Income": "-4,361", "EBIT": "29,578", "EBITDA": "-", "Reconciled Cost of Revenue": "1,116,709", "Reconciled Depreciation": "30,872", "Net Income from Continuing Operation Net Minority Interest": "18,196", "Total Unusual Items Excluding Goodwill": "-7,925", "Total Unusual Items": "-7,925", "Normalized EBITDA": "68,375", "Tax Rate for Calcs": "0", "Tax Effect of Unusual Items": "-2,195"}, "6/30/2019": {"Duration": "6/30/2019", "Total Revenue": "1,181,844", "Cost of Revenue": "1,093,438", "Gross Profit": "88,406", "Operating Expense": "46,346", "Operating Income": "42,060", "Net Non Operating Interest Income Expense": "-4,007", "Other Income Expense": "432", "Pretax Income": "38,485", "Tax Provision": "6,927", "Net Income Common Stockholders": "31,526", "Diluted NI Available to Com Stockholders": "31,526", "Basic EPS": "1.22", "Diluted EPS": "1.21", "Basic Average Shares": "25,857", "Diluted Average Shares": "26,082", "Total Operating Income as Reported": "42,060", "Total Expenses": "1,139,784", "Net Income from Continuing & Discontinued Operation": "31,558", "Normalized Income": "31,558", "Interest Income": "62", "Interest Expense": "4,069", "Net Interest Income": "-4,007", "EBIT": "42,554", "EBITDA": "-", "Reconciled Cost of Revenue": "1,093,438", "Reconciled Depreciation": "28,873", "Net Income from Continuing Operation Net Minority Interest": "31,558", "Total Unusual Items Excluding Goodwill": "-", "Total Unusual Items": "-", "Normalized EBITDA": "71,427", "Tax Rate for Calcs": "0", "Tax Effect of Unusual Items": "0"}, "6/30/2018": {"Duration": "6/30/2018", "Total Revenue": "1,072,061", "Cost of Revenue": "985,859", "Gross Profit": "86,202", "Operating Expense": "43,854", "Operating Income": "42,348", "Net Non Operating Interest Income Expense": "-454", "Other Income Expense": "2,881", "Pretax Income": "44,775", "Tax Provision": "28,023", "Net Income Common Stockholders": "16,743", "Diluted NI Available to Com Stockholders": "16,743", "Basic EPS": "0.63", "Diluted EPS": "0.62", "Basic Average Shares": "26,745", "Diluted Average Shares": "27,007", "Total Operating Income as Reported": "42,348", "Total Expenses": "1,029,713", "Net Income from Continuing & Discontinued Operation": "16,752", "Normalized Income": "16,752", "Interest Income": "73", "Interest Expense": "527", "Net Interest Income": "-454", "EBIT": "45,302", "EBITDA": "-", "Reconciled Cost of Revenue": "985,859", "Reconciled Depreciation": "26,376", "Net Income from Continuing Operation Net Minority Interest": "16,752", "Total Unusual Items Excluding Goodwill": "-", "Total Unusual Items": "-", "Normalized EBITDA": "71,678", "Tax Rate for Calcs": "0", "Tax Effect of Unusual Items": "0"}}, "bs": {"6/30/2020": {"Duration": "6/30/2020", "Total Assets": "774,829", "Total Liabilities Net Minority Interest": "395,464", "Total Equity Gross Minority Interest": "379,365", "Total Capitalization": "470,865", "Common Stock Equity": "379,365", "Net Tangible Assets": "348,011", "Working Capital": "285,802", "Invested Capital": "497,503", "Tangible Book Value": "348,011", "Total Debt": "118,138", "Net Debt": "53,148", "Share Issued": "29,430", "Ordinary Shares Number": "24,987", "Treasury Shares Number": "4,443"}, "6/30/2019": {"Duration": "6/30/2019", "Total Assets": "764,111", "Total Liabilities Net Minority Interest": "394,257", "Total Equity Gross Minority Interest": "369,854", "Total Capitalization": "461,354", "Common Stock Equity": "369,854", "Net Tangible Assets": "329,562", "Working Capital": "280,403", "Invested Capital": "496,067", "Tangible Book Value": "329,562", "Total Debt": "126,213", "Net Debt": "76,937", "Share Issued": "29,430", "Ordinary Shares Number": "25,419", "Treasury Shares Number": "4,011"}, "6/30/2018": {"Duration": "6/30/2018", "Total Assets": "608,758", "Total Liabilities Net Minority Interest": "253,231", "Total Equity Gross Minority Interest": "355,527", "Total Capitalization": "355,527", "Common Stock Equity": "355,527", "Net Tangible Assets": "344,961", "Working Capital": "208,417", "Invested Capital": "363,864", "Tangible Book Value": "344,961", "Total Debt": "8,337", "Net Debt": "-", "Share Issued": "29,430", "Ordinary Shares Number": "26,532", "Treasury Shares Number": "2,898"}}, "cf": {"TTM": {"Duration": "TTM", "Operating Cash Flow": "105,782", "Investing Cash Flow": "-30,925", "Financing Cash Flow": "-37,464", "End Cash Position": "89,596", "Capital Expenditure": "-31,315", "Issuance of Debt": "0", "Repayment of Debt": "-33,923", "Repurchase of Capital Stock": "-5,682", "Free Cash Flow": "74,467"}, "6/30/2020": {"Duration": "6/30/2020", "Operating Cash Flow": "72,808", "Investing Cash Flow": "-38,482", "Financing Cash Flow": "-17,934", "End Cash Position": "64,990", "Capital Expenditure": "-38,749", "Issuance of Debt": "0", "Repayment of Debt": "-8,083", "Repurchase of Capital Stock": "-8,794", "Free Cash Flow": "34,059"}, "6/30/2019": {"Duration": "6/30/2019", "Operating Cash Flow": "-6,748", "Investing Cash Flow": "-68,709", "Financing Cash Flow": "79,430", "End Cash Position": "49,276", "Capital Expenditure": "-25,843", "Issuance of Debt": "117,915", "Repayment of Debt": "-12,843", "Repurchase of Capital Stock": "-23,431", "Free Cash Flow": "-32,591"}, "6/30/2018": {"Duration": "6/30/2018", "Operating Cash Flow": "40,200", "Investing Cash Flow": "-26,214", "Financing Cash Flow": "-12,603", "End Cash Position": "46,428", "Capital Expenditure": "-26,519", "Issuance of Debt": "-", "Repayment of Debt": "-1,542", "Repurchase of Capital Stock": "-9,553", "Free Cash Flow": "13,681"}}}}, {"MFCO": {"quote": {"05/08/2021": {"value": "0.8500", "Market Cap": "2.192M", "Beta (5Y Monthly)": "0.49", "PE Ratio (TTM)": "16.67", "EPS (TTM)": "0.0510", "Earnings Date": "N/A", "Forward Dividend & Yield": "N/A (N/A)", "Ex-Dividend Date": "Jul 11, 2012", "1y Target Est": "N/A"}}, "fin": {"TTM": {"Duration": "TTM", "Total Revenue": "3,764", "Cost of Revenue": "2,189", "Gross Profit": "1,576", "Operating Expense": "1,442", "Operating Income": "133.561", "Net Non Operating Interest Income Expense": "-", "Other Income Expense": "9.832", "Pretax Income": "131.27", "Tax Provision": "0.05", "Net Income Common Stockholders": "131.22", "Diluted NI Available to Com Stockholders": "131.22", "Basic EPS": "-", "Diluted EPS": "-", "Basic Average Shares": "-", "Diluted Average Shares": "-", "Total Operating Income as Reported": "133.561", "Total Expenses": "3,631", "Net Income from Continuing & Discontinued Operation": "131.22", "Normalized Income": "131.22", "Interest Income": "-", "Interest Expense": "-", "Net Interest Income": "-", "EBIT": "138.744", "EBITDA": "196.254", "Reconciled Cost of Revenue": "2,189", "Reconciled Depreciation": "57.51", "Net Income from Continuing Operation Net Minority Interest": "131.22", "Total Unusual Items Excluding Goodwill": "-", "Total Unusual Items": "-", "Normalized EBITDA": "196.254", "Tax Rate for Calcs": "0", "Tax Effect of Unusual Items": "0"}, "9/30/2018": {"Duration": "9/30/2018", "Total Revenue": "3,342", "Cost of Revenue": "2,016", "Gross Profit": "1,326", "Operating Expense": "1,334", "Operating Income": "-7.826", "Net Non Operating Interest Income Expense": "-12.123", "Other Income Expense": "3.94", "Pretax Income": "-16.009", "Tax Provision": "0.05", "Net Income Common Stockholders": "-16.059", "Diluted NI Available to Com Stockholders": "-16.059", "Basic EPS": "-0.01", "Diluted EPS": "-0.01", "Basic Average Shares": "2,580", "Diluted Average Shares": "2,580", "Total Operating Income as Reported": "-7.826", "Total Expenses": "3,350", "Net Income from Continuing & Discontinued Operation": "-16.059", "Normalized Income": "-16.059", "Interest Income": "1.243", "Interest Expense": "13.366", "Net Interest Income": "-12.123", "EBIT": "-2.643", "EBITDA": "-", "Reconciled Cost of Revenue": "2,016", "Reconciled Depreciation": "72.652", "Net Income from Continuing Operation Net Minority Interest": "-16.059", "Total Unusual Items Excluding Goodwill": "3.94", "Total Unusual Items": "-", "Normalized EBITDA": "70.009", "Tax Rate for Calcs": "0", "Tax Effect of Unusual Items": "0"}}, "bs": {"9/30/2018": {"Duration": "9/30/2018", "Total Assets": "1,770", "Total Liabilities Net Minority Interest": "580.386", "Total Equity Gross Minority Interest": "1,190", "Total Capitalization": "1,409", "Common Stock Equity": "1,190", "Net Tangible Assets": "1,190", "Working Capital": "1,148", "Invested Capital": "1,460", "Tangible Book Value": "1,190", "Total Debt": "270.172", "Share Issued": "4,324", "Ordinary Shares Number": "2,580", "Treasury Shares Number": "1,744"}}, "cf": {"TTM": {"Duration": "TTM", "Operating Cash Flow": "99.977", "Investing Cash Flow": "-61.32", "Financing Cash Flow": "-50.744", "End Cash Position": "537.967", "Income Tax Paid Supplemental Data": "0.05", "Interest Paid Supplemental Data": "11.846", "Capital Expenditure": "-61.32", "Repayment of Debt": "-50.518", "Repurchase of Capital Stock": "-0.226", "Free Cash Flow": "38.657"}, "9/30/2018": {"Duration": "9/30/2018", "Operating Cash Flow": "62.282", "Investing Cash Flow": "-7.348", "Financing Cash Flow": "-48.829", "End Cash Position": "674.045", "Income Tax Paid Supplemental Data": "0.05", "Interest Paid Supplemental Data": "13.538", "Capital Expenditure": "-7.348", "Repayment of Debt": "-48.826", "Repurchase of Capital Stock": "-0.003", "Free Cash Flow": "54.934"}}}}, {"HUBB": {"quote": {"05/08/2021": {"value": "199.18", "Market Cap": "10.819B", "Beta (5Y Monthly)": "1.19", "PE Ratio (TTM)": "30.74", "EPS (TTM)": "6.48", "Earnings Date": "Jul 28, 2021 - Aug 02, 2021", "Forward Dividend & Yield": "3.92 (1.96%)", "Ex-Dividend Date": "May 27, 2021", "1y Target Est": "200.40"}}, "fin": {"TTM": {"Duration": "TTM", "Total Revenue": "4,174,100", "Cost of Revenue": "2,988,500", "Gross Profit": "1,185,600", "Operating Expense": "661,400", "Operating Income": "524,200", "Net Non Operating Interest Income Expense": "-60,400", "Other Income Expense": "-8,700", "Pretax Income": "455,100", "Tax Provision": "95,700", "Net Income Common Stockholders": "352,600", "Diluted NI Available to Com Stockholders": "352,600", "Basic EPS": "-", "Diluted EPS": "-", "Basic Average Shares": "-", "Diluted Average Shares": "-", "Total Operating Income as Reported": "531,800", "Total Expenses": "3,649,900", "Net Income from Continuing & Discontinued Operation": "353,900", "Normalized Income": "353,900", "Interest Expense": "60,400", "Net Interest Income": "-60,400", "EBIT": "515,500", "EBITDA": "676,800", "Reconciled Cost of Revenue": "2,988,500", "Reconciled Depreciation": "161,300", "Net Income from Continuing Operation Net Minority Interest": "353,900", "Total Unusual Items Excluding Goodwill": "0", "Total Unusual Items": "0", "Normalized EBITDA": "676,800", "Tax Rate for Calcs": "0", "Tax Effect of Unusual Items": "0"}, "12/31/2020": {"Duration": "12/31/2020", "Total Revenue": "4,186,000", "Cost of Revenue": "2,976,700", "Gross Profit": "1,209,300", "Operating Expense": "683,900", "Operating Income": "525,400", "Net Non Operating Interest Income Expense": "-60,300", "Other Income Expense": "-11,600", "Pretax Income": "453,500", "Tax Provision": "97,500", "Net Income Common Stockholders": "349,900", "Diluted NI Available to Com Stockholders": "349,900", "Basic EPS": "6.46", "Diluted EPS": "6.43", "Basic Average Shares": "54,200", "Diluted Average Shares": "54,500", "Total Operating Income as Reported": "533,000", "Total Expenses": "3,660,600", "Net Income from Continuing & Discontinued Operation": "351,200", "Normalized Income": "351,200", "Interest Expense": "60,300", "Net Interest Income": "-60,300", "EBIT": "513,800", "EBITDA": "-", "Reconciled Cost of Revenue": "2,976,700", "Reconciled Depreciation": "157,600", "Net Income from Continuing Operation Net Minority Interest": "351,200", "Total Unusual Items Excluding Goodwill": "0", "Total Unusual Items": "0", "Normalized EBITDA": "671,400", "Tax Rate for Calcs": "0", "Tax Effect of Unusual Items": "0"}, "12/31/2019": {"Duration": "12/31/2019", "Total Revenue": "4,591,000", "Cost of Revenue": "3,238,300", "Gross Profit": "1,352,700", "Operating Expense": "756,100", "Operating Income": "596,600", "Net Non Operating Interest Income Expense": "-69,400", "Other Income Expense": "-6,700", "Pretax Income": "520,500", "Tax Provision": "113,100", "Net Income Common Stockholders": "399,400", "Diluted NI Available to Com Stockholders": "399,400", "Basic EPS": "7.35", "Diluted EPS": "7.31", "Basic Average Shares": "54,400", "Diluted Average Shares": "54,700", "Total Operating Income as Reported": "596,600", "Total Expenses": "3,994,400", "Net Income from Continuing & Discontinued Operation": "400,900", "Normalized Income": "382,734", "Interest Expense": "69,400", "Net Interest Income": "-69,400", "EBIT": "589,900", "EBITDA": "-", "Reconciled Cost of Revenue": "3,238,300", "Reconciled Depreciation": "151,000", "Net Income from Continuing Operation Net Minority Interest": "400,900", "Total Unusual Items Excluding Goodwill": "23,200", "Total Unusual Items": "23,200", "Normalized EBITDA": "717,700", "Tax Rate for Calcs": "0", "Tax Effect of Unusual Items": "5,034"}, "12/31/2018": {"Duration": "12/31/2018", "Total Revenue": "4,481,700", "Cost of Revenue": "3,181,300", "Gross Profit": "1,300,400", "Operating Expense": "743,500", "Operating Income": "556,900", "Net Non Operating Interest Income Expense": "-72,400", "Other Income Expense": "-17,500", "Pretax Income": "467,000", "Tax Provision": "100,900", "Net Income Common Stockholders": "358,900", "Diluted NI Available to Com Stockholders": "358,900", "Basic EPS": "6.57", "Diluted EPS": "6.54", "Basic Average Shares": "54,600", "Diluted Average Shares": "54,900", "Total Operating Income as Reported": "556,900", "Total Expenses": "3,924,800", "Net Income from Continuing & Discontinued Operation": "360,200", "Normalized Income": "360,122", "Interest Expense": "72,400", "Net Interest Income": "-72,400", "EBIT": "539,400", "EBITDA": "-", "Reconciled Cost of Revenue": "3,181,300", "Reconciled Depreciation": "148,400", "Net Income from Continuing Operation Net Minority Interest": "360,200", "Total Unusual Items Excluding Goodwill": "100", "Total Unusual Items": "100", "Normalized EBITDA": "687,700", "Tax Rate for Calcs": "0", "Tax Effect of Unusual Items": "21.6"}}, "bs": {"12/31/2020": {"Duration": "12/31/2020", "Total Assets": "5,085,100", "Total Liabilities Net Minority Interest": "2,999,700", "Total Equity Gross Minority Interest": "2,085,400", "Total Capitalization": "3,506,900", "Common Stock Equity": "2,070,000", "Capital Lease Obligations": "107,000", "Net Tangible Assets": "-663,900", "Working Capital": "639,400", "Invested Capital": "3,660,000", "Tangible Book Value": "-663,900", "Total Debt": "1,697,000", "Net Debt": "1,330,400", "Share Issued": "54,383", "Ordinary Shares Number": "54,383"}, "12/31/2019": {"Duration": "12/31/2019", "Total Assets": "4,903,000", "Total Liabilities Net Minority Interest": "2,942,500", "Total Equity Gross Minority Interest": "1,960,500", "Total Capitalization": "3,453,100", "Common Stock Equity": "1,947,100", "Capital Lease Obligations": "101,300", "Net Tangible Assets": "-646,200", "Working Capital": "729,300", "Invested Capital": "3,518,500", "Tangible Book Value": "-646,200", "Total Debt": "1,672,700", "Net Debt": "1,389,400", "Share Issued": "54,514", "Ordinary Shares Number": "54,514"}, "12/31/2018": {"Duration": "12/31/2018", "Total Assets": "4,872,100", "Total Liabilities Net Minority Interest": "3,073,200", "Total Equity Gross Minority Interest": "1,798,900", "Total Capitalization": "3,517,700", "Common Stock Equity": "1,780,600", "Capital Lease Obligations": "-", "Net Tangible Assets": "-823,300", "Working Capital": "804,400", "Invested Capital": "3,573,800", "Tangible Book Value": "-823,300", "Total Debt": "1,793,200", "Net Debt": "1,604,200", "Share Issued": "54,715", "Ordinary Shares Number": "54,715"}}, "cf": {"TTM": {"Duration": "TTM", "Operating Cash Flow": "598,500", "Investing Cash Flow": "-328,500", "Financing Cash Flow": "-147,500", "End Cash Position": "422,500", "Capital Expenditure": "-90,200", "Issuance of Debt": "511,100", "Repayment of Debt": "-420,200", "Repurchase of Capital Stock": "-10,000", "Free Cash Flow": "508,300"}, "12/31/2020": {"Duration": "12/31/2020", "Operating Cash Flow": "648,000", "Investing Cash Flow": "-328,800", "Financing Cash Flow": "-244,200", "End Cash Position": "259,600", "Capital Expenditure": "-88,400", "Issuance of Debt": "350,500", "Repayment of Debt": "-334,900", "Repurchase of Capital Stock": "-41,300", "Free Cash Flow": "559,600"}, "12/31/2019": {"Duration": "12/31/2019", "Operating Cash Flow": "591,600", "Investing Cash Flow": "-128,900", "Financing Cash Flow": "-471,000", "End Cash Position": "182,000", "Capital Expenditure": "-93,900", "Issuance of Debt": "700", "Repayment of Debt": "-225,800", "Repurchase of Capital Stock": "-35,000", "Free Cash Flow": "497,700"}, "12/31/2018": {"Duration": "12/31/2018", "Operating Cash Flow": "517,100", "Investing Cash Flow": "-1,201,400", "Financing Cash Flow": "506,500", "End Cash Position": "189,000", "Capital Expenditure": "-96,200", "Issuance of Debt": "948,300", "Repayment of Debt": "-206,800", "Repurchase of Capital Stock": "-40,000", "Free Cash Flow": "420,900"}}}}, {"PLUG": {"quote": {"05/08/2021": {"value": "23.05", "Market Cap": "13.592B", "Beta (5Y Monthly)": "1.42", "PE Ratio (TTM)": "N/A", "EPS (TTM)": "-1.58", "Earnings Date": "May 10, 2021 - May 14, 2021", "Forward Dividend & Yield": "N/A (N/A)", "Ex-Dividend Date": "N/A", "1y Target Est": "53.75"}}, "fin": {"TTM": {"Duration": "TTM", "Total Revenue": "-100,469", "Cost of Revenue": "322,874", "Gross Profit": "-423,343", "Operating Expense": "126,921", "Operating Income": "-550,264", "Net Non Operating Interest Income Expense": "-58,441", "Other Income Expense": "16,230", "Pretax Income": "-592,475", "Tax Provision": "-30,793", "Net Income Common Stockholders": "-561,708", "Diluted NI Available to Com Stockholders": "-561,708", "Basic EPS": "-", "Diluted EPS": "-", "Basic Average Shares": "-", "Diluted Average Shares": "-", "Total Operating Income as Reported": "-550,264", "Total Expenses": "449,795", "Net Income from Continuing & Discontinued Operation": "-561,682", "Normalized Income": "-577,068", "Interest Income": "-58,441", "Interest Expense": "-", "Net Interest Income": "-58,441", "EBIT": "-550,264", "EBITDA": "-535,469", "Reconciled Cost of Revenue": "322,874", "Reconciled Depreciation": "14,795", "Net Income from Continuing Operation Net Minority Interest": "-561,682", "Total Unusual Items Excluding Goodwill": "16,230", "Total Unusual Items": "16,230", "Normalized EBITDA": "-551,699", "Tax Rate for Calcs": "0", "Tax Effect of Unusual Items": "843.5299"}, "12/31/2020": {"Duration": "12/31/2020", "Total Revenue": "-100,469", "Cost of Revenue": "322,874", "Gross Profit": "-423,343", "Operating Expense": "126,921", "Operating Income": "-550,264", "Net Non Operating Interest Income Expense": "-58,441", "Other Income Expense": "16,230", "Pretax Income": "-592,475", "Tax Provision": "-30,793", "Net Income Common Stockholders": "-561,708", "Diluted NI Available to Com Stockholders": "-561,708", "Basic EPS": "-", "Diluted EPS": "-", "Basic Average Shares": "-", "Diluted Average Shares": "-", "Total Operating Income as Reported": "-550,264", "Total Expenses": "449,795", "Net Income from Continuing & Discontinued Operation": "-561,682", "Normalized Income": "-577,068", "Interest Income": "-58,441", "Interest Expense": "-", "Net Interest Income": "-58,441", "EBIT": "-550,264", "EBITDA": "-", "Reconciled Cost of Revenue": "322,874", "Reconciled Depreciation": "14,795", "Net Income from Continuing Operation Net Minority Interest": "-561,682", "Total Unusual Items Excluding Goodwill": "16,230", "Total Unusual Items": "16,230", "Normalized EBITDA": "-551,699", "Tax Rate for Calcs": "0", "Tax Effect of Unusual Items": "843.5299"}, "12/31/2019": {"Duration": "12/31/2019", "Total Revenue": "230,239", "Cost of Revenue": "202,273", "Gross Profit": "27,966", "Operating Expense": "78,008", "Operating Income": "-50,042", "Net Non Operating Interest Income Expense": "-35,502", "Other Income Expense": "79", "Pretax Income": "-85,465", "Tax Provision": "0", "Net Income Common Stockholders": "-85,517", "Diluted NI Available to Com Stockholders": "-85,517", "Basic EPS": "-0.36", "Diluted EPS": "-0.36", "Basic Average Shares": "237,153", "Diluted Average Shares": "237,153", "Total Operating Income as Reported": "-50,042", "Total Expenses": "280,281", "Net Income from Continuing & Discontinued Operation": "-85,465", "Normalized Income": "-85,544", "Interest Income": "-", "Interest Expense": "35,502", "Net Interest Income": "-35,502", "EBIT": "-49,963", "EBITDA": "-", "Reconciled Cost of Revenue": "202,273", "Reconciled Depreciation": "12,687", "Net Income from Continuing Operation Net Minority Interest": "-85,465", "Total Unusual Items Excluding Goodwill": "79", "Total Unusual Items": "79", "Normalized EBITDA": "-37,355", "Tax Rate for Calcs": "0", "Tax Effect of Unusual Items": "0"}, "12/31/2018": {"Duration": "12/31/2018", "Total Revenue": "174,632", "Cost of Revenue": "172,010", "Gross Profit": "2,622", "Operating Expense": "72,105", "Operating Income": "-69,483", "Net Non Operating Interest Income Expense": "-22,135", "Other Income Expense": "4,286", "Pretax Income": "-87,332", "Tax Provision": "-9,217", "Net Income Common Stockholders": "-78,167", "Diluted NI Available to Com Stockholders": "-78,167", "Basic EPS": "-0.36", "Diluted EPS": "-0.36", "Basic Average Shares": "218,882", "Diluted Average Shares": "218,882", "Total Operating Income as Reported": "-69,483", "Total Expenses": "244,115", "Net Income from Continuing & Discontinued Operation": "-78,115", "Normalized Income": "-81,947", "Interest Income": "-", "Interest Expense": "22,135", "Net Interest Income": "-22,135", "EBIT": "-65,197", "EBITDA": "-", "Reconciled Cost of Revenue": "172,010", "Reconciled Depreciation": "11,707", "Net Income from Continuing Operation Net Minority Interest": "-78,115", "Total Unusual Items Excluding Goodwill": "4,286", "Total Unusual Items": "4,286", "Normalized EBITDA": "-57,776", "Tax Rate for Calcs": "0", "Tax Effect of Unusual Items": "454.316"}}, "bs": {"12/31/2020": {"Duration": "12/31/2020", "Total Assets": "2,416,137", "Total Liabilities Net Minority Interest": "910,103", "Total Equity Gross Minority Interest": "1,506,034", "Total Capitalization": "1,742,113", "Preferred Stock Equity": "-", "Common Stock Equity": "1,506,034", "Capital Lease Obligations": "454,076", "Net Tangible Assets": "1,394,796", "Working Capital": "1,366,930", "Invested Capital": "1,767,076", "Tangible Book Value": "1,394,796", "Total Debt": "715,118", "Net Debt": "-", "Share Issued": "473,974", "Ordinary Shares Number": "468,048", "Treasury Shares Number": "5,926"}, "12/31/2019": {"Duration": "12/31/2019", "Total Assets": "771,184", "Total Liabilities Net Minority Interest": "636,505", "Total Equity Gross Minority Interest": "134,679", "Total Capitalization": "424,509", "Preferred Stock Equity": "1,150", "Common Stock Equity": "134,679", "Capital Lease Obligations": "205,313", "Net Tangible Assets": "120,298", "Working Capital": "162,549", "Invested Capital": "466,516", "Tangible Book Value": "120,298", "Total Debt": "537,150", "Net Debt": "192,341", "Share Issued": "318,638", "Ordinary Shares Number": "303,379", "Treasury Shares Number": "15,259"}, "12/31/2018": {"Duration": "12/31/2018", "Total Assets": "390,326", "Total Liabilities Net Minority Interest": "387,613", "Total Equity Gross Minority Interest": "2,713", "Total Capitalization": "66,093", "Preferred Stock Equity": "31,643", "Common Stock Equity": "2,713", "Capital Lease Obligations": "192,340", "Net Tangible Assets": "-10,200", "Working Capital": "9,245", "Invested Capital": "82,896", "Tangible Book Value": "-10,200", "Total Debt": "272,523", "Net Debt": "41,581", "Share Issued": "234,161", "Ordinary Shares Number": "219,158", "Treasury Shares Number": "15,003"}}, "cf": {"TTM": {"Duration": "TTM", "Operating Cash Flow": "-156,308", "Investing Cash Flow": "-95,334", "Financing Cash Flow": "1,516,361", "End Cash Position": "1,634,284", "Interest Paid Supplemental Data": "26,460", "Capital Expenditure": "-50,221", "Issuance of Capital Stock": "1,271,714", "Issuance of Debt": "369,357", "Repayment of Debt": "-164,638", "Repurchase of Capital Stock": "0", "Free Cash Flow": "-206,529"}, "12/31/2020": {"Duration": "12/31/2020", "Operating Cash Flow": "-156,308", "Investing Cash Flow": "-95,334", "Financing Cash Flow": "1,516,361", "End Cash Position": "1,634,284", "Interest Paid Supplemental Data": "26,460", "Capital Expenditure": "-50,221", "Issuance of Capital Stock": "1,271,714", "Issuance of Debt": "369,357", "Repayment of Debt": "-164,638", "Repurchase of Capital Stock": "0", "Free Cash Flow": "-206,529"}, "12/31/2019": {"Duration": "12/31/2019", "Operating Cash Flow": "-51,522", "Investing Cash Flow": "-14,244", "Financing Cash Flow": "325,060", "End Cash Position": "369,500", "Interest Paid Supplemental Data": "19,180", "Capital Expenditure": "-14,619", "Issuance of Capital Stock": "172,517", "Issuance of Debt": "241,906", "Repayment of Debt": "-86,540", "Repurchase of Capital Stock": "-4,040", "Free Cash Flow": "-66,141"}, "12/31/2018": {"Duration": "12/31/2018", "Operating Cash Flow": "-57,617", "Investing Cash Flow": "-19,572", "Financing Cash Flow": "119,344", "End Cash Position": "110,153", "Interest Paid Supplemental Data": "13,057", "Capital Expenditure": "-19,572", "Issuance of Capital Stock": "38,129", "Issuance of Debt": "172,031", "Repayment of Debt": "-47,454", "Repurchase of Capital Stock": "0", "Free Cash Flow": "-77,189"}}}}, {"UNXL": {"quote": {"05/08/2021": {"value": "", "Net Assets": "N/A", "Beta (5Y Monthly)": "N/A", "Yield": "N/A", "5y Average Return": "N/A", "Holdings Turnover": "N/A", "Last Dividend": "N/A", "Average for Category": "N/A", "Inception Date": "N/A"}}, "fin": {}, "bs": {}, "cf": {}}}, {"OIIM": {"quote": {"05/08/2021": {"value": "7.25", "Market Cap": "197.473M", "Beta (5Y Monthly)": "0.71", "PE Ratio (TTM)": "21.39", "EPS (TTM)": "0.34", "Earnings Date": "Jul 29, 2021 - Aug 02, 2021", "Forward Dividend & Yield": "N/A (N/A)", "Ex-Dividend Date": "N/A", "1y Target Est": "20.33"}}, "fin": {"TTM": {"Duration": "TTM", "Total Revenue": "78,335", "Cost of Revenue": "37,951", "Gross Profit": "40,384", "Operating Expense": "34,044", "Operating Income": "6,340", "Net Non Operating Interest Income Expense": "506", "Other Income Expense": "218", "Pretax Income": "7,064", "Tax Provision": "937", "Net Income Common Stockholders": "6,127", "Diluted NI Available to Com Stockholders": "6,127", "Basic EPS": "-", "Diluted EPS": "-", "Basic Average Shares": "-", "Diluted Average Shares": "-", "Total Operating Income as Reported": "5,523", "Total Expenses": "71,995", "Net Income from Continuing & Discontinued Operation": "6,127", "Normalized Income": "6,402", "Interest Income": "506", "Net Interest Income": "506", "EBIT": "6,340", "EBITDA": "6,340", "Reconciled Cost of Revenue": "37,951", "Reconciled Depreciation": "-", "Net Income from Continuing Operation Net Minority Interest": "6,127", "Total Unusual Items Excluding Goodwill": "-317", "Total Unusual Items": "-317", "Normalized EBITDA": "6,657", "Tax Rate for Calcs": "0", "Tax Effect of Unusual Items": "-42.0483"}, "12/31/2020": {"Duration": "12/31/2020", "Total Revenue": "78,335", "Cost of Revenue": "37,951", "Gross Profit": "40,384", "Operating Expense": "34,044", "Operating Income": "6,340", "Net Non Operating Interest Income Expense": "506", "Other Income Expense": "218", "Pretax Income": "7,064", "Tax Provision": "937", "Net Income Common Stockholders": "6,127", "Diluted NI Available to Com Stockholders": "6,127", "Basic EPS": "-", "Diluted EPS": "-", "Basic Average Shares": "-", "Diluted Average Shares": "-", "Total Operating Income as Reported": "5,523", "Total Expenses": "71,995", "Net Income from Continuing & Discontinued Operation": "6,127", "Normalized Income": "6,402", "Interest Income": "506", "Net Interest Income": "506", "EBIT": "6,340", "EBITDA": "-", "Reconciled Cost of Revenue": "37,951", "Reconciled Depreciation": "-", "Net Income from Continuing Operation Net Minority Interest": "6,127", "Total Unusual Items Excluding Goodwill": "-317", "Total Unusual Items": "-317", "Normalized EBITDA": "6,657", "Tax Rate for Calcs": "0", "Tax Effect of Unusual Items": "-42.0483"}, "12/31/2019": {"Duration": "12/31/2019", "Total Revenue": "60,928", "Cost of Revenue": "28,960", "Gross Profit": "31,968", "Operating Expense": "38,351", "Operating Income": "-6,383", "Net Non Operating Interest Income Expense": "543", "Other Income Expense": "1,972", "Pretax Income": "-3,868", "Tax Provision": "1,171", "Net Income Common Stockholders": "-5,039", "Diluted NI Available to Com Stockholders": "-5,039", "Basic EPS": "-0.19", "Diluted EPS": "-0.19", "Basic Average Shares": "26,321", "Diluted Average Shares": "26,321", "Total Operating Income as Reported": "-6,383", "Total Expenses": "67,311", "Net Income from Continuing & Discontinued Operation": "-5,039", "Normalized Income": "-5,883", "Interest Income": "543", "Net Interest Income": "543", "EBIT": "-6,383", "EBITDA": "-", "Reconciled Cost of Revenue": "28,960", "Reconciled Depreciation": "1,780", "Net Income from Continuing Operation Net Minority Interest": "-5,039", "Total Unusual Items Excluding Goodwill": "1,126", "Total Unusual Items": "1,126", "Normalized EBITDA": "-5,729", "Tax Rate for Calcs": "0", "Tax Effect of Unusual Items": "281.5"}, "12/31/2018": {"Duration": "12/31/2018", "Total Revenue": "62,714", "Cost of Revenue": "30,741", "Gross Profit": "31,973", "Operating Expense": "40,098", "Operating Income": "-8,125", "Net Non Operating Interest Income Expense": "369", "Other Income Expense": "10,985", "Pretax Income": "3,229", "Tax Provision": "1,141", "Net Income Common Stockholders": "2,088", "Diluted NI Available to Com Stockholders": "2,088", "Basic EPS": "0.08", "Diluted EPS": "0.08", "Basic Average Shares": "26,016", "Diluted Average Shares": "26,616", "Total Operating Income as Reported": "-8,125", "Total Expenses": "70,839", "Net Income from Continuing & Discontinued Operation": "2,088", "Normalized Income": "-4,394", "Interest Income": "369", "Net Interest Income": "369", "EBIT": "-8,125", "EBITDA": "-", "Reconciled Cost of Revenue": "30,741", "Reconciled Depreciation": "1,641", "Net Income from Continuing Operation Net Minority Interest": "2,088", "Total Unusual Items Excluding Goodwill": "10,024", "Total Unusual Items": "10,024", "Normalized EBITDA": "-16,508", "Tax Rate for Calcs": "0", "Tax Effect of Unusual Items": "3,542"}}, "bs": {"12/31/2020": {"Duration": "12/31/2020", "Total Assets": "102,036", "Total Liabilities Net Minority Interest": "17,947", "Total Equity Gross Minority Interest": "84,089", "Total Capitalization": "84,089", "Common Stock Equity": "84,089", "Capital Lease Obligations": "2,956", "Net Tangible Assets": "84,089", "Working Capital": "64,343", "Invested Capital": "84,089", "Tangible Book Value": "84,089", "Total Debt": "2,956", "Share Issued": "1,669,037", "Ordinary Shares Number": "1,361,886", "Treasury Shares Number": "307,151"}, "12/31/2019": {"Duration": "12/31/2019", "Total Assets": "88,999", "Total Liabilities Net Minority Interest": "13,944", "Total Equity Gross Minority Interest": "75,055", "Total Capitalization": "75,055", "Common Stock Equity": "75,055", "Capital Lease Obligations": "2,759", "Net Tangible Assets": "74,387", "Working Capital": "55,706", "Invested Capital": "75,055", "Tangible Book Value": "74,387", "Total Debt": "2,759", "Share Issued": "1,669,037", "Ordinary Shares Number": "1,314,799", "Treasury Shares Number": "354,238"}, "12/31/2018": {"Duration": "12/31/2018", "Total Assets": "89,309", "Total Liabilities Net Minority Interest": "10,263", "Total Equity Gross Minority Interest": "79,046", "Total Capitalization": "79,046", "Common Stock Equity": "79,046", "Capital Lease Obligations": "-", "Net Tangible Assets": "78,359", "Working Capital": "53,396", "Invested Capital": "79,046", "Tangible Book Value": "78,359", "Total Debt": "-", "Share Issued": "1,669,037", "Ordinary Shares Number": "1,298,809", "Treasury Shares Number": "370,228"}}, "cf": {"TTM": {"Duration": "TTM", "Operating Cash Flow": "-", "Investing Cash Flow": "-", "Financing Cash Flow": "-", "End Cash Position": "-", "Income Tax Paid Supplemental Data": "-", "Interest Paid Supplemental Data": "-", "Capital Expenditure": "-", "Repurchase of Capital Stock": "-", "Free Cash Flow": "-"}, "12/31/2019": {"Duration": "12/31/2019", "Operating Cash Flow": "861", "Investing Cash Flow": "-22,131", "Financing Cash Flow": "-394", "End Cash Position": "10,731", "Income Tax Paid Supplemental Data": "1,171", "Interest Paid Supplemental Data": "-", "Capital Expenditure": "-1,672", "Repurchase of Capital Stock": "-510", "Free Cash Flow": "-811"}, "12/31/2018": {"Duration": "12/31/2018", "Operating Cash Flow": "-8,035", "Investing Cash Flow": "12,657", "Financing Cash Flow": "-355", "End Cash Position": "32,448", "Income Tax Paid Supplemental Data": "1,218", "Interest Paid Supplemental Data": "-", "Capital Expenditure": "-1,272", "Repurchase of Capital Stock": "-451", "Free Cash Flow": "-9,307"}}}}, {"MVIS": {"quote": {"05/08/2021": {"value": "14.10", "Market Cap": "2.227B", "Beta (5Y Monthly)": "3.94", "PE Ratio (TTM)": "N/A", "EPS (TTM)": "-0.10", "Earnings Date": "Aug 03, 2021 - Aug 09, 2021", "Forward Dividend & Yield": "N/A (N/A)", "Ex-Dividend Date": "N/A", "1y Target Est": "N/A"}}, "fin": {"TTM": {"Duration": "TTM", "Total Revenue": "2,100", "Cost of Revenue": "-6", "Gross Profit": "2,106", "Operating Expense": "17,012", "Operating Income": "-14,906", "Other Income Expense": "-25", "Pretax Income": "-14,931", "Net Income Common Stockholders": "-14,931", "Diluted NI Available to Com Stockholders": "-14,931", "Basic EPS": "-", "Diluted EPS": "-", "Basic Average Shares": "-", "Diluted Average Shares": "-", "Total Operating Income as Reported": "-14,906", "Total Expenses": "17,006", "Net Income from Continuing & Discontinued Operation": "-14,931", "Normalized Income": "-14,931", "EBIT": "-14,906", "EBITDA": "-13,890", "Reconciled Cost of Revenue": "-6", "Reconciled Depreciation": "1,016", "Net Income from Continuing Operation Net Minority Interest": "-14,931", "Total Unusual Items Excluding Goodwill": "0", "Total Unusual Items": "0", "Normalized EBITDA": "-13,890", "Tax Rate for Calcs": "0", "Tax Effect of Unusual Items": "0"}, "12/31/2020": {"Duration": "12/31/2020", "Total Revenue": "3,090", "Cost of Revenue": "1,398", "Gross Profit": "1,692", "Operating Expense": "15,757", "Operating Income": "-14,065", "Other Income Expense": "431", "Pretax Income": "-13,634", "Net Income Common Stockholders": "-13,634", "Diluted NI Available to Com Stockholders": "-13,634", "Basic EPS": "-", "Diluted EPS": "-", "Basic Average Shares": "-", "Diluted Average Shares": "-", "Total Operating Income as Reported": "-13,615", "Total Expenses": "17,155", "Net Income from Continuing & Discontinued Operation": "-13,634", "Normalized Income": "-14,084", "EBIT": "-14,065", "EBITDA": "-", "Reconciled Cost of Revenue": "1,398", "Reconciled Depreciation": "963", "Net Income from Continuing Operation Net Minority Interest": "-13,634", "Total Unusual Items Excluding Goodwill": "450", "Total Unusual Items": "450", "Normalized EBITDA": "-13,552", "Tax Rate for Calcs": "0", "Tax Effect of Unusual Items": "0"}, "12/31/2019": {"Duration": "12/31/2019", "Total Revenue": "8,886", "Cost of Revenue": "8,564", "Gross Profit": "322", "Operating Expense": "26,794", "Operating Income": "-26,472", "Other Income Expense": "-11", "Pretax Income": "-26,483", "Net Income Common Stockholders": "-26,483", "Diluted NI Available to Com Stockholders": "-26,483", "Basic EPS": "-0.24", "Diluted EPS": "-0.24", "Basic Average Shares": "111,297", "Diluted Average Shares": "111,297", "Total Operating Income as Reported": "-26,472", "Total Expenses": "35,358", "Net Income from Continuing & Discontinued Operation": "-26,483", "Normalized Income": "-26,483", "EBIT": "-26,472", "EBITDA": "-", "Reconciled Cost of Revenue": "8,564", "Reconciled Depreciation": "1,649", "Net Income from Continuing Operation Net Minority Interest": "-26,483", "Total Unusual Items Excluding Goodwill": "-", "Total Unusual Items": "-", "Normalized EBITDA": "-24,823", "Tax Rate for Calcs": "0", "Tax Effect of Unusual Items": "0"}, "12/31/2018": {"Duration": "12/31/2018", "Total Revenue": "17,607", "Cost of Revenue": "10,638", "Gross Profit": "6,969", "Operating Expense": "34,189", "Operating Income": "-27,220", "Other Income Expense": "-30", "Pretax Income": "-27,250", "Net Income Common Stockholders": "-27,250", "Diluted NI Available to Com Stockholders": "-27,250", "Basic EPS": "-0.31", "Diluted EPS": "-0.31", "Basic Average Shares": "86,983", "Diluted Average Shares": "86,983", "Total Operating Income as Reported": "-27,220", "Total Expenses": "44,827", "Net Income from Continuing & Discontinued Operation": "-27,250", "Normalized Income": "-27,250", "EBIT": "-27,220", "EBITDA": "-", "Reconciled Cost of Revenue": "10,638", "Reconciled Depreciation": "1,838", "Net Income from Continuing Operation Net Minority Interest": "-27,250", "Total Unusual Items Excluding Goodwill": "-", "Total Unusual Items": "-", "Normalized EBITDA": "-25,382", "Tax Rate for Calcs": "0", "Tax Effect of Unusual Items": "0"}}, "bs": {"12/31/2020": {"Duration": "12/31/2020", "Total Assets": "21,006", "Total Liabilities Net Minority Interest": "11,997", "Total Equity Gross Minority Interest": "9,009", "Total Capitalization": "10,160", "Common Stock Equity": "9,009", "Capital Lease Obligations": "1,525", "Net Tangible Assets": "8,845", "Working Capital": "7,532", "Invested Capital": "10,591", "Tangible Book Value": "8,845", "Total Debt": "3,107", "Share Issued": "152,926", "Ordinary Shares Number": "152,926"}, "12/31/2019": {"Duration": "12/31/2019", "Total Assets": "11,836", "Total Liabilities Net Minority Interest": "15,813", "Total Equity Gross Minority Interest": "-3,977", "Total Capitalization": "-3,977", "Common Stock Equity": "-3,977", "Capital Lease Obligations": "2,038", "Net Tangible Assets": "-4,198", "Working Capital": "-6,619", "Invested Capital": "-3,977", "Tangible Book Value": "-4,198", "Total Debt": "2,038", "Share Issued": "125,803", "Ordinary Shares Number": "125,803"}, "12/31/2018": {"Duration": "12/31/2018", "Total Assets": "23,033", "Total Liabilities Net Minority Interest": "18,916", "Total Equity Gross Minority Interest": "4,117", "Total Capitalization": "4,117", "Common Stock Equity": "4,117", "Capital Lease Obligations": "54", "Net Tangible Assets": "3,631", "Working Capital": "-539", "Invested Capital": "4,117", "Tangible Book Value": "3,631", "Total Debt": "54", "Share Issued": "100,105", "Ordinary Shares Number": "100,105"}}, "cf": {"TTM": {"Duration": "TTM", "Operating Cash Flow": "-15,169", "Investing Cash Flow": "-892", "Financing Cash Flow": "89,074", "End Cash Position": "75,773", "Capital Expenditure": "-892", "Issuance of Capital Stock": "81,399", "Issuance of Debt": "-", "Repayment of Debt": "-31", "Free Cash Flow": "-16,061"}, "12/31/2020": {"Duration": "12/31/2020", "Operating Cash Flow": "-16,075", "Investing Cash Flow": "123", "Financing Cash Flow": "26,977", "End Cash Position": "17,297", "Capital Expenditure": "-402", "Issuance of Capital Stock": "25,435", "Issuance of Debt": "1,571", "Repayment of Debt": "-29", "Free Cash Flow": "-16,477"}, "12/31/2019": {"Duration": "12/31/2019", "Operating Cash Flow": "-24,043", "Investing Cash Flow": "-745", "Financing Cash Flow": "16,859", "End Cash Position": "6,272", "Capital Expenditure": "-745", "Issuance of Capital Stock": "16,879", "Issuance of Debt": "-", "Repayment of Debt": "-20", "Free Cash Flow": "-24,788"}, "12/31/2018": {"Duration": "12/31/2018", "Operating Cash Flow": "-22,572", "Investing Cash Flow": "-1,118", "Financing Cash Flow": "20,490", "End Cash Position": "14,201", "Capital Expenditure": "-1,118", "Issuance of Capital Stock": "20,363", "Issuance of Debt": "-", "Repayment of Debt": "-12", "Free Cash Flow": "-23,690"}}}}, {"NEON": {"quote": {"05/08/2021": {"value": "8.38", "Market Cap": "96.409M", "Beta (5Y Monthly)": "3.05", "PE Ratio (TTM)": "N/A", "EPS (TTM)": "-0.56", "Earnings Date": "May 12, 2021", "Forward Dividend & Yield": "N/A (N/A)", "Ex-Dividend Date": "N/A", "1y Target Est": "10.50"}}, "fin": {"TTM": {"Duration": "TTM", "Total Revenue": "5,984", "Cost of Revenue": "1,078", "Gross Profit": "4,906", "Operating Expense": "11,097", "Operating Income": "-6,191", "Net Non Operating Interest Income Expense": "-27", "Other Income Expense": "-5", "Pretax Income": "-6,223", "Tax Provision": "59", "Net Income Common Stockholders": "-5,638", "Diluted NI Available to Com Stockholders": "-5,638", "Basic EPS": "-", "Diluted EPS": "-", "Basic Average Shares": "-", "Diluted Average Shares": "-", "Total Operating Income as Reported": "-6,191", "Total Expenses": "12,175", "Net Income from Continuing & Discontinued Operation": "-5,605", "Normalized Income": "-5,605", "Interest Expense": "27", "Net Interest Income": "-27", "EBIT": "-6,196", "EBITDA": "-5,024", "Reconciled Cost of Revenue": "1,078", "Reconciled Depreciation": "1,172", "Net Income from Continuing Operation Net Minority Interest": "-5,605", "Total Unusual Items Excluding Goodwill": "-", "Normalized EBITDA": "-5,024", "Tax Rate for Calcs": "0", "Tax Effect of Unusual Items": "0"}, "12/31/2020": {"Duration": "12/31/2020", "Total Revenue": "5,984", "Cost of Revenue": "1,078", "Gross Profit": "4,906", "Operating Expense": "11,097", "Operating Income": "-6,191", "Net Non Operating Interest Income Expense": "-27", "Other Income Expense": "-5", "Pretax Income": "-6,223", "Tax Provision": "59", "Net Income Common Stockholders": "-5,638", "Diluted NI Available to Com Stockholders": "-5,638", "Basic EPS": "-", "Diluted EPS": "-", "Basic Average Shares": "-", "Diluted Average Shares": "-", "Total Operating Income as Reported": "-6,191", "Total Expenses": "12,175", "Net Income from Continuing & Discontinued Operation": "-5,605", "Normalized Income": "-5,605", "Interest Expense": "27", "Net Interest Income": "-27", "EBIT": "-6,196", "EBITDA": "-", "Reconciled Cost of Revenue": "1,078", "Reconciled Depreciation": "1,172", "Net Income from Continuing Operation Net Minority Interest": "-5,605", "Total Unusual Items Excluding Goodwill": "-", "Normalized EBITDA": "-5,024", "Tax Rate for Calcs": "0", "Tax Effect of Unusual Items": "0"}, "12/31/2019": {"Duration": "12/31/2019", "Total Revenue": "6,646", "Cost of Revenue": "683", "Gross Profit": "5,963", "Operating Expense": "11,693", "Operating Income": "-5,730", "Net Non Operating Interest Income Expense": "-34", "Other Income Expense": "-", "Pretax Income": "-5,764", "Tax Provision": "38", "Net Income Common Stockholders": "-5,298", "Diluted NI Available to Com Stockholders": "-5,298", "Basic EPS": "-0.60", "Diluted EPS": "-0.60", "Basic Average Shares": "8,844", "Diluted Average Shares": "8,844", "Total Operating Income as Reported": "-5,730", "Total Expenses": "12,376", "Net Income from Continuing & Discontinued Operation": "-5,298", "Normalized Income": "-5,298", "Interest Expense": "34", "Net Interest Income": "-34", "EBIT": "-5,730", "EBITDA": "-", "Reconciled Cost of Revenue": "683", "Reconciled Depreciation": "1,259", "Net Income from Continuing Operation Net Minority Interest": "-5,298", "Total Unusual Items Excluding Goodwill": "-", "Normalized EBITDA": "-4,471", "Tax Rate for Calcs": "0", "Tax Effect of Unusual Items": "0"}, "12/31/2018": {"Duration": "12/31/2018", "Total Revenue": "8,538", "Cost of Revenue": "921", "Gross Profit": "7,617", "Operating Expense": "11,494", "Operating Income": "-3,877", "Net Non Operating Interest Income Expense": "-49", "Other Income Expense": "-3", "Pretax Income": "-3,929", "Tax Provision": "13", "Net Income Common Stockholders": "-3,060", "Diluted NI Available to Com Stockholders": "-3,060", "Basic EPS": "-0.52", "Diluted EPS": "-0.52", "Basic Average Shares": "5,884", "Diluted Average Shares": "5,884", "Total Operating Income as Reported": "-3,877", "Total Expenses": "12,415", "Net Income from Continuing & Discontinued Operation": "-3,060", "Normalized Income": "-3,060", "Interest Expense": "49", "Net Interest Income": "-49", "EBIT": "-3,880", "EBITDA": "-", "Reconciled Cost of Revenue": "921", "Reconciled Depreciation": "1,008", "Net Income from Continuing Operation Net Minority Interest": "-3,060", "Total Unusual Items Excluding Goodwill": "-", "Normalized EBITDA": "-2,872", "Tax Rate for Calcs": "0", "Tax Effect of Unusual Items": "0"}}, "bs": {"12/31/2020": {"Duration": "12/31/2020", "Total Assets": "16,572", "Total Liabilities Net Minority Interest": "4,682", "Total Equity Gross Minority Interest": "11,890", "Total Capitalization": "15,113", "Common Stock Equity": "15,113", "Capital Lease Obligations": "1,745", "Net Tangible Assets": "15,113", "Working Capital": "10,440", "Invested Capital": "15,113", "Tangible Book Value": "15,113", "Total Debt": "1,745", "Share Issued": "11,505", "Ordinary Shares Number": "11,505", "Preferred Shares Number": "-"}, "12/31/2019": {"Duration": "12/31/2019", "Total Assets": "7,436", "Total Liabilities Net Minority Interest": "3,589", "Total Equity Gross Minority Interest": "3,847", "Total Capitalization": "6,393", "Common Stock Equity": "6,393", "Capital Lease Obligations": "1,466", "Net Tangible Assets": "6,393", "Working Capital": "2,411", "Invested Capital": "6,393", "Tangible Book Value": "6,393", "Total Debt": "1,466", "Share Issued": "9,171", "Ordinary Shares Number": "9,171", "Preferred Shares Number": "0.082"}, "12/31/2018": {"Duration": "12/31/2018", "Total Assets": "13,242", "Total Liabilities Net Minority Interest": "3,446", "Total Equity Gross Minority Interest": "9,796", "Total Capitalization": "11,838", "Common Stock Equity": "11,838", "Capital Lease Obligations": "1,703", "Net Tangible Assets": "11,838", "Working Capital": "8,181", "Invested Capital": "11,838", "Tangible Book Value": "11,838", "Total Debt": "1,703", "Share Issued": "8,800", "Ordinary Shares Number": "8,800", "Preferred Shares Number": "0.082"}}, "cf": {"TTM": {"Duration": "TTM", "Operating Cash Flow": "-5,752", "Investing Cash Flow": "-58", "Financing Cash Flow": "13,611", "End Cash Position": "10,473", "Income Tax Paid Supplemental Data": "59", "Interest Paid Supplemental Data": "27", "Capital Expenditure": "-60", "Issuance of Capital Stock": "13,530", "Issuance of Debt": "1,508", "Repayment of Debt": "-837", "Free Cash Flow": "-5,812"}, "12/31/2020": {"Duration": "12/31/2020", "Operating Cash Flow": "-5,752", "Investing Cash Flow": "-58", "Financing Cash Flow": "13,611", "End Cash Position": "10,473", "Income Tax Paid Supplemental Data": "59", "Interest Paid Supplemental Data": "27", "Capital Expenditure": "-60", "Issuance of Capital Stock": "13,530", "Issuance of Debt": "1,508", "Repayment of Debt": "-837", "Free Cash Flow": "-5,812"}, "12/31/2019": {"Duration": "12/31/2019", "Operating Cash Flow": "-3,517", "Investing Cash Flow": "-89", "Financing Cash Flow": "-499", "End Cash Position": "2,357", "Income Tax Paid Supplemental Data": "38", "Interest Paid Supplemental Data": "34", "Capital Expenditure": "-89", "Issuance of Capital Stock": "36", "Issuance of Debt": "-", "Repayment of Debt": "-535", "Free Cash Flow": "-3,606"}, "12/31/2018": {"Duration": "12/31/2018", "Operating Cash Flow": "-2,859", "Investing Cash Flow": "-232", "Financing Cash Flow": "4,069", "End Cash Position": "6,555", "Income Tax Paid Supplemental Data": "13", "Interest Paid Supplemental Data": "49", "Capital Expenditure": "-236", "Issuance of Capital Stock": "4,620", "Issuance of Debt": "0", "Repayment of Debt": "-551", "Free Cash Flow": "-3,095"}}}}, {"NSYS": {"quote": {"05/08/2021": {"value": "6.16", "Market Cap": "16.388M", "Beta (5Y Monthly)": "1.41", "PE Ratio (TTM)": "N/A", "EPS (TTM)": "-0.58", "Earnings Date": "May 13, 2021", "Forward Dividend & Yield": "N/A (N/A)", "Ex-Dividend Date": "N/A", "1y Target Est": "N/A"}}, "fin": {"TTM": {"Duration": "TTM", "Total Revenue": "104,106", "Cost of Revenue": "95,651", "Gross Profit": "8,455", "Operating Expense": "10,517", "Operating Income": "-2,062", "Net Non Operating Interest Income Expense": "-620", "Other Income Expense": "1,446", "Pretax Income": "-1,236", "Tax Provision": "310", "Net Income Common Stockholders": "-1,546", "Diluted NI Available to Com Stockholders": "-1,546", "Basic EPS": "-", "Diluted EPS": "-", "Basic Average Shares": "-", "Diluted Average Shares": "-", "Total Operating Income as Reported": "-616", "Total Expenses": "106,168", "Net Income from Continuing & Discontinued Operation": "-1,546", "Normalized Income": "-2,602", "Interest Expense": "620", "Net Interest Income": "-620", "EBIT": "-616", "EBITDA": "1,577", "Reconciled Cost of Revenue": "95,651", "Reconciled Depreciation": "2,193", "Net Income from Continuing Operation Net Minority Interest": "-1,546", "Total Unusual Items Excluding Goodwill": "1,446", "Total Unusual Items": "1,446", "Normalized EBITDA": "131", "Tax Rate for Calcs": "0", "Tax Effect of Unusual Items": "390.42"}, "12/31/2020": {"Duration": "12/31/2020", "Total Revenue": "104,106", "Cost of Revenue": "95,651", "Gross Profit": "8,455", "Operating Expense": "10,517", "Operating Income": "-2,062", "Net Non Operating Interest Income Expense": "-620", "Other Income Expense": "1,446", "Pretax Income": "-1,236", "Tax Provision": "310", "Net Income Common Stockholders": "-1,546", "Diluted NI Available to Com Stockholders": "-1,546", "Basic EPS": "-", "Diluted EPS": "-", "Basic Average Shares": "-", "Diluted Average Shares": "-", "Total Operating Income as Reported": "-616", "Total Expenses": "106,168", "Net Income from Continuing & Discontinued Operation": "-1,546", "Normalized Income": "-2,602", "Interest Expense": "620", "Net Interest Income": "-620", "EBIT": "-616", "EBITDA": "-", "Reconciled Cost of Revenue": "95,651", "Reconciled Depreciation": "2,193", "Net Income from Continuing Operation Net Minority Interest": "-1,546", "Total Unusual Items Excluding Goodwill": "1,446", "Total Unusual Items": "1,446", "Normalized EBITDA": "131", "Tax Rate for Calcs": "0", "Tax Effect of Unusual Items": "390.42"}, "12/31/2019": {"Duration": "12/31/2019", "Total Revenue": "116,333", "Cost of Revenue": "103,757", "Gross Profit": "12,576", "Operating Expense": "12,352", "Operating Income": "224", "Net Non Operating Interest Income Expense": "-1,043", "Other Income Expense": "-", "Pretax Income": "-819", "Tax Provision": "409", "Net Income Common Stockholders": "-1,228", "Diluted NI Available to Com Stockholders": "-1,228", "Basic EPS": "-0.46", "Diluted EPS": "-0.46", "Basic Average Shares": "2,658", "Diluted Average Shares": "2,665", "Total Operating Income as Reported": "224", "Total Expenses": "116,109", "Net Income from Continuing & Discontinued Operation": "-1,228", "Normalized Income": "-1,228", "Interest Expense": "1,043", "Net Interest Income": "-1,043", "EBIT": "224", "EBITDA": "-", "Reconciled Cost of Revenue": "103,757", "Reconciled Depreciation": "2,221", "Net Income from Continuing Operation Net Minority Interest": "-1,228", "Total Unusual Items Excluding Goodwill": "-", "Total Unusual Items": "-", "Normalized EBITDA": "2,445", "Tax Rate for Calcs": "0", "Tax Effect of Unusual Items": "0"}, "12/31/2018": {"Duration": "12/31/2018", "Total Revenue": "113,370", "Cost of Revenue": "100,059", "Gross Profit": "13,311", "Operating Expense": "12,062", "Operating Income": "1,249", "Net Non Operating Interest Income Expense": "-757", "Other Income Expense": "-", "Pretax Income": "492", "Tax Provision": "326", "Net Income Common Stockholders": "166", "Diluted NI Available to Com Stockholders": "166", "Basic EPS": "0.06", "Diluted EPS": "0.06", "Basic Average Shares": "2,700", "Diluted Average Shares": "2,700", "Total Operating Income as Reported": "1,249", "Total Expenses": "112,121", "Net Income from Continuing & Discontinued Operation": "166", "Normalized Income": "166", "Interest Expense": "757", "Net Interest Income": "-757", "EBIT": "1,249", "EBITDA": "-", "Reconciled Cost of Revenue": "100,059", "Reconciled Depreciation": "2,189", "Net Income from Continuing Operation Net Minority Interest": "166", "Total Unusual Items Excluding Goodwill": "0", "Total Unusual Items": "0", "Normalized EBITDA": "3,438", "Tax Rate for Calcs": "0", "Tax Effect of Unusual Items": "0"}}, "bs": {"12/31/2020": {"Duration": "12/31/2020", "Total Assets": "57,634", "Total Liabilities Net Minority Interest": "38,916", "Total Equity Gross Minority Interest": "18,718", "Total Capitalization": "27,911", "Preferred Stock Equity": "250", "Common Stock Equity": "18,468", "Capital Lease Obligations": "11,389", "Net Tangible Assets": "17,545", "Working Capital": "21,501", "Invested Capital": "28,865", "Tangible Book Value": "17,295", "Total Debt": "21,786", "Net Debt": "10,045", "Share Issued": "2,660", "Ordinary Shares Number": "2,660", "Preferred Shares Number": "250"}, "12/31/2019": {"Duration": "12/31/2019", "Total Assets": "61,410", "Total Liabilities Net Minority Interest": "41,434", "Total Equity Gross Minority Interest": "19,976", "Total Capitalization": "33,243", "Preferred Stock Equity": "250", "Common Stock Equity": "19,726", "Capital Lease Obligations": "7,232", "Net Tangible Assets": "16,258", "Working Capital": "21,052", "Invested Capital": "33,437", "Tangible Book Value": "16,008", "Total Debt": "20,943", "Net Debt": "13,360", "Share Issued": "2,658", "Ordinary Shares Number": "2,658", "Preferred Shares Number": "250"}, "12/31/2018": {"Duration": "12/31/2018", "Total Assets": "59,960", "Total Liabilities Net Minority Interest": "38,870", "Total Equity Gross Minority Interest": "21,090", "Total Capitalization": "33,978", "Preferred Stock Equity": "250", "Common Stock Equity": "20,840", "Capital Lease Obligations": "1,288", "Net Tangible Assets": "17,192", "Working Capital": "20,964", "Invested Capital": "34,508", "Tangible Book Value": "16,942", "Total Debt": "14,956", "Net Debt": "13,188", "Share Issued": "2,663", "Ordinary Shares Number": "2,663", "Preferred Shares Number": "250"}}, "cf": {"TTM": {"Duration": "TTM", "Operating Cash Flow": "1,363", "Investing Cash Flow": "5,500", "Financing Cash Flow": "-3,959", "End Cash Position": "3,564", "Income Tax Paid Supplemental Data": "855", "Interest Paid Supplemental Data": "577", "Capital Expenditure": "-519", "Issuance of Capital Stock": "-", "Issuance of Debt": "6,077", "Repayment of Debt": "-3,276", "Repurchase of Capital Stock": "0", "Free Cash Flow": "844"}, "12/31/2020": {"Duration": "12/31/2020", "Operating Cash Flow": "1,363", "Investing Cash Flow": "5,500", "Financing Cash Flow": "-3,959", "End Cash Position": "3,564", "Income Tax Paid Supplemental Data": "855", "Interest Paid Supplemental Data": "577", "Capital Expenditure": "-519", "Issuance of Capital Stock": "-", "Issuance of Debt": "6,077", "Repayment of Debt": "-3,276", "Repurchase of Capital Stock": "0", "Free Cash Flow": "844"}, "12/31/2019": {"Duration": "12/31/2019", "Operating Cash Flow": "997", "Investing Cash Flow": "-758", "Financing Cash Flow": "-525", "End Cash Position": "660", "Income Tax Paid Supplemental Data": "194", "Interest Paid Supplemental Data": "980", "Capital Expenditure": "-758", "Issuance of Capital Stock": "-", "Issuance of Debt": "823", "Repayment of Debt": "-1,225", "Repurchase of Capital Stock": "-130", "Free Cash Flow": "239"}, "12/31/2018": {"Duration": "12/31/2018", "Operating Cash Flow": "2,444", "Investing Cash Flow": "-1,390", "Financing Cash Flow": "-889", "End Cash Position": "947", "Income Tax Paid Supplemental Data": "335", "Interest Paid Supplemental Data": "719", "Capital Expenditure": "-1,404", "Issuance of Capital Stock": "-", "Issuance of Debt": "761", "Repayment of Debt": "-1,374", "Repurchase of Capital Stock": "-276", "Free Cash Flow": "1,040"}}}}, {"NTP": {"quote": {"05/08/2021": {"value": "19.03", "Market Cap": "745.938M", "Beta (5Y Monthly)": "0.93", "PE Ratio (TTM)": "16.84", "EPS (TTM)": "1.13", "Earnings Date": "Jul 26, 2021", "Forward Dividend & Yield": "N/A (N/A)", "Ex-Dividend Date": "Sep 27, 2018", "1y Target Est": "N/A"}}, "fin": {"TTM": {"Duration": "TTM", "Total Revenue": "139,554", "Cost of Revenue": "50,841", "Gross Profit": "88,713", "Operating Expense": "27,847", "Operating Income": "60,866", "Net Non Operating Interest Income Expense": "675", "Other Income Expense": "465", "Pretax Income": "62,006", "Tax Provision": "17,507", "Net Income Common Stockholders": "44,499", "Diluted NI Available to Com Stockholders": "44,499", "Basic EPS": "-", "Diluted EPS": "-", "Basic Average Shares": "-", "Diluted Average Shares": "-", "Total Operating Income as Reported": "60,866", "Total Expenses": "78,688", "Net Income from Continuing & Discontinued Operation": "44,499", "Normalized Income": "44,447", "Interest Income": "996", "Interest Expense": "67", "Net Interest Income": "675", "EBIT": "62,555", "EBITDA": "67,454", "Reconciled Cost of Revenue": "50,841", "Reconciled Depreciation": "4,899", "Net Income from Continuing Operation Net Minority Interest": "44,499", "Total Unusual Items Excluding Goodwill": "73", "Total Unusual Items": "73", "Normalized EBITDA": "67,381", "Tax Rate for Calcs": "0", "Tax Effect of Unusual Items": "20.6111"}, "12/31/2020": {"Duration": "12/31/2020", "Total Revenue": "71,206", "Cost of Revenue": "27,381", "Gross Profit": "43,825", "Operating Expense": "22,921", "Operating Income": "20,904", "Net Non Operating Interest Income Expense": "1,005", "Other Income Expense": "363", "Pretax Income": "22,272", "Tax Provision": "6,579", "Net Income Common Stockholders": "15,693", "Diluted NI Available to Com Stockholders": "15,693", "Basic EPS": "-", "Diluted EPS": "-", "Basic Average Shares": "-", "Diluted Average Shares": "-", "Total Operating Income as Reported": "20,904", "Total Expenses": "50,302", "Net Income from Continuing & Discontinued Operation": "15,693", "Normalized Income": "15,642", "Interest Income": "1,326", "Interest Expense": "321", "Net Interest Income": "1,005", "EBIT": "22,593", "EBITDA": "-", "Reconciled Cost of Revenue": "27,381", "Reconciled Depreciation": "4,150", "Net Income from Continuing Operation Net Minority Interest": "15,693", "Total Unusual Items Excluding Goodwill": "73", "Total Unusual Items": "73", "Normalized EBITDA": "26,670", "Tax Rate for Calcs": "0", "Tax Effect of Unusual Items": "21.9"}, "12/31/2019": {"Duration": "12/31/2019", "Total Revenue": "2,965", "Cost of Revenue": "1,356", "Gross Profit": "1,609", "Operating Expense": "18,944", "Operating Income": "-17,335", "Net Non Operating Interest Income Expense": "2,290", "Other Income Expense": "-186", "Pretax Income": "-15,231", "Tax Provision": "-2,040", "Net Income Common Stockholders": "-13,191", "Diluted NI Available to Com Stockholders": "-13,191", "Basic EPS": "-0.35", "Diluted EPS": "-0.35", "Basic Average Shares": "38,331", "Diluted Average Shares": "38,331", "Total Operating Income as Reported": "-17,335", "Total Expenses": "20,300", "Net Income from Continuing & Discontinued Operation": "-13,191", "Normalized Income": "-12,855", "Interest Income": "2,357", "Interest Expense": "67", "Net Interest Income": "2,290", "EBIT": "-15,164", "EBITDA": "-", "Reconciled Cost of Revenue": "1,356", "Reconciled Depreciation": "1,985", "Net Income from Continuing Operation Net Minority Interest": "-13,191", "Total Unusual Items Excluding Goodwill": "-386", "Total Unusual Items": "-386", "Normalized EBITDA": "-12,793", "Tax Rate for Calcs": "0", "Tax Effect of Unusual Items": "-50.18"}, "12/31/2018": {"Duration": "12/31/2018", "Total Revenue": "493", "Cost of Revenue": "73", "Gross Profit": "420", "Operating Expense": "21,215", "Operating Income": "-20,795", "Net Non Operating Interest Income Expense": "5,601", "Other Income Expense": "1,940", "Pretax Income": "-13,254", "Tax Provision": "0", "Net Income Common Stockholders": "-13,254", "Diluted NI Available to Com Stockholders": "-13,254", "Basic EPS": "-0.35", "Diluted EPS": "-0.35", "Basic Average Shares": "37,826", "Diluted Average Shares": "37,826", "Total Operating Income as Reported": "-20,795", "Total Expenses": "21,288", "Net Income from Continuing & Discontinued Operation": "-13,254", "Normalized Income": "-14,611", "Interest Income": "5,601", "Interest Expense": "-", "Net Interest Income": "5,601", "EBIT": "-20,795", "EBITDA": "-", "Reconciled Cost of Revenue": "73", "Reconciled Depreciation": "3,801", "Net Income from Continuing Operation Net Minority Interest": "-13,254", "Total Unusual Items Excluding Goodwill": "1,357", "Total Unusual Items": "1,357", "Normalized EBITDA": "-18,351", "Tax Rate for Calcs": "0", "Tax Effect of Unusual Items": "0"}}, "bs": {"12/31/2020": {"Duration": "12/31/2020", "Total Assets": "701,210", "Total Liabilities Net Minority Interest": "452,382", "Total Equity Gross Minority Interest": "248,828", "Total Capitalization": "248,828", "Common Stock Equity": "248,828", "Capital Lease Obligations": "10,327", "Net Tangible Assets": "239,133", "Working Capital": "-56,184", "Invested Capital": "371,711", "Tangible Book Value": "239,133", "Total Debt": "133,210", "Net Debt": "61,903", "Share Issued": "39,198", "Ordinary Shares Number": "39,198"}, "12/31/2019": {"Duration": "12/31/2019", "Total Assets": "430,410", "Total Liabilities Net Minority Interest": "215,672", "Total Equity Gross Minority Interest": "214,738", "Total Capitalization": "308,599", "Common Stock Equity": "214,738", "Capital Lease Obligations": "4,184", "Net Tangible Assets": "210,660", "Working Capital": "28,374", "Invested Capital": "312,090", "Tangible Book Value": "210,660", "Total Debt": "101,536", "Net Debt": "-", "Share Issued": "38,632", "Ordinary Shares Number": "38,632"}, "12/31/2018": {"Duration": "12/31/2018", "Total Assets": "318,107", "Total Liabilities Net Minority Interest": "90,216", "Total Equity Gross Minority Interest": "227,891", "Total Capitalization": "227,891", "Common Stock Equity": "227,891", "Capital Lease Obligations": "9", "Net Tangible Assets": "227,891", "Working Capital": "26,553", "Invested Capital": "227,891", "Tangible Book Value": "227,891", "Total Debt": "9", "Net Debt": "-", "Share Issued": "38,187", "Ordinary Shares Number": "38,187"}}, "cf": {"TTM": {"Duration": "TTM", "Operating Cash Flow": "-123,079", "Investing Cash Flow": "-85,986", "Financing Cash Flow": "161,018", "End Cash Position": "74,083", "Interest Paid Supplemental Data": "67", "Capital Expenditure": "-500", "Issuance of Capital Stock": "-", "Issuance of Debt": "-34,880", "Repayment of Debt": "-48,873", "Repurchase of Capital Stock": "-", "Free Cash Flow": "-123,579"}, "12/31/2020": {"Duration": "12/31/2020", "Operating Cash Flow": "-130,417", "Investing Cash Flow": "-148,433", "Financing Cash Flow": "191,957", "End Cash Position": "63,045", "Interest Paid Supplemental Data": "321", "Capital Expenditure": "-449", "Issuance of Capital Stock": "174,483", "Issuance of Debt": "6", "Repayment of Debt": "-54,869", "Repurchase of Capital Stock": "-", "Free Cash Flow": "-130,866"}, "12/31/2019": {"Duration": "12/31/2019", "Operating Cash Flow": "54,318", "Investing Cash Flow": "-85,858", "Financing Cash Flow": "99,935", "End Cash Position": "130,218", "Interest Paid Supplemental Data": "67", "Capital Expenditure": "-864", "Issuance of Capital Stock": "-", "Issuance of Debt": "97,980", "Repayment of Debt": "-193", "Repurchase of Capital Stock": "-", "Free Cash Flow": "53,454"}, "12/31/2018": {"Duration": "12/31/2018", "Operating Cash Flow": "-8,733", "Investing Cash Flow": "-78,740", "Financing Cash Flow": "-6,611", "End Cash Position": "62,919", "Interest Paid Supplemental Data": "-", "Capital Expenditure": "-2,189", "Issuance of Capital Stock": "-", "Issuance of Debt": "-", "Repayment of Debt": "-", "Repurchase of Capital Stock": "0", "Free Cash Flow": "-10,922"}}}}, {"ORBT": {"quote": {"05/08/2021": {"value": "5.64", "Market Cap": "23.029M", "Beta (5Y Monthly)": "0.88", "PE Ratio (TTM)": "31.31", "EPS (TTM)": "0.18", "Earnings Date": "Mar 11, 2021", "Forward Dividend & Yield": "0.04 (0.87%)", "Ex-Dividend Date": "Mar 30, 2020", "1y Target Est": "4.50"}}, "fin": {}, "bs": {}, "cf": {}}}, {"INRD": {"quote": {"05/08/2021": {"value": "0.7100", "Market Cap": "9.816M", "Beta (5Y Monthly)": "-0.25", "PE Ratio (TTM)": "N/A", "EPS (TTM)": "-0.0700", "Earnings Date": "N/A", "Forward Dividend & Yield": "N/A (N/A)", "Ex-Dividend Date": "N/A", "1y Target Est": "N/A"}}, "fin": {"TTM": {"Duration": "TTM", "Total Revenue": "9,008", "Cost of Revenue": "7,218", "Gross Profit": "1,789", "Operating Expense": "2,538", "Operating Income": "-748.187", "Net Non Operating Interest Income Expense": "-150.374", "Other Income Expense": "-", "Pretax Income": "-898.561", "Tax Provision": "0", "Net Income Common Stockholders": "-898.561", "Diluted NI Available to Com Stockholders": "-898.561", "Basic EPS": "-", "Diluted EPS": "-", "Basic Average Shares": "-", "Diluted Average Shares": "-", "Total Operating Income as Reported": "-748.188", "Total Expenses": "9,756", "Net Income from Continuing & Discontinued Operation": "-898.561", "Normalized Income": "-898.561", "Interest Expense": "150.374", "Net Interest Income": "-150.374", "EBIT": "-748.187", "EBITDA": "-493.993", "Reconciled Cost of Revenue": "7,218", "Reconciled Depreciation": "254.194", "Net Income from Continuing Operation Net Minority Interest": "-898.561", "Total Unusual Items Excluding Goodwill": "-", "Total Unusual Items": "-", "Normalized EBITDA": "-493.993", "Tax Rate for Calcs": "0", "Tax Effect of Unusual Items": "0"}, "12/31/2020": {"Duration": "12/31/2020", "Total Revenue": "9,008", "Cost of Revenue": "7,218", "Gross Profit": "1,789", "Operating Expense": "2,538", "Operating Income": "-748.187", "Net Non Operating Interest Income Expense": "-150.374", "Other Income Expense": "-", "Pretax Income": "-898.561", "Tax Provision": "0", "Net Income Common Stockholders": "-898.561", "Diluted NI Available to Com Stockholders": "-898.561", "Basic EPS": "-", "Diluted EPS": "-", "Basic Average Shares": "-", "Diluted Average Shares": "-", "Total Operating Income as Reported": "-748.188", "Total Expenses": "9,756", "Net Income from Continuing & Discontinued Operation": "-898.561", "Normalized Income": "-898.561", "Interest Expense": "150.374", "Net Interest Income": "-150.374", "EBIT": "-748.187", "EBITDA": "-", "Reconciled Cost of Revenue": "7,218", "Reconciled Depreciation": "254.194", "Net Income from Continuing Operation Net Minority Interest": "-898.561", "Total Unusual Items Excluding Goodwill": "-", "Total Unusual Items": "-", "Normalized EBITDA": "-493.993", "Tax Rate for Calcs": "0", "Tax Effect of Unusual Items": "0"}, "12/31/2019": {"Duration": "12/31/2019", "Total Revenue": "10,008", "Cost of Revenue": "8,015", "Gross Profit": "1,993", "Operating Expense": "2,614", "Operating Income": "-621.722", "Net Non Operating Interest Income Expense": "-153.938", "Other Income Expense": "-0.438", "Pretax Income": "-776.098", "Tax Provision": "0", "Net Income Common Stockholders": "-776.098", "Diluted NI Available to Com Stockholders": "-776.098", "Basic EPS": "-0.06", "Diluted EPS": "-0.06", "Basic Average Shares": "13,672", "Diluted Average Shares": "13,672", "Total Operating Income as Reported": "-621.722", "Total Expenses": "10,629", "Net Income from Continuing & Discontinued Operation": "-776.098", "Normalized Income": "-776.098", "Interest Expense": "153.938", "Net Interest Income": "-153.938", "EBIT": "-622.16", "EBITDA": "-", "Reconciled Cost of Revenue": "8,015", "Reconciled Depreciation": "267.098", "Net Income from Continuing Operation Net Minority Interest": "-776.098", "Total Unusual Items Excluding Goodwill": "-0.438", "Total Unusual Items": "-0.438", "Normalized EBITDA": "-355.062", "Tax Rate for Calcs": "0", "Tax Effect of Unusual Items": "0"}, "12/31/2018": {"Duration": "12/31/2018", "Total Revenue": "11,489", "Cost of Revenue": "8,388", "Gross Profit": "3,101", "Operating Expense": "2,234", "Operating Income": "867.44", "Net Non Operating Interest Income Expense": "-158.544", "Other Income Expense": "-2.288", "Pretax Income": "706.608", "Tax Provision": "0", "Net Income Common Stockholders": "706.608", "Diluted NI Available to Com Stockholders": "706.608", "Basic EPS": "0.05", "Diluted EPS": "0.05", "Basic Average Shares": "13,561", "Diluted Average Shares": "13,931", "Total Operating Income as Reported": "867.44", "Total Expenses": "10,621", "Net Income from Continuing & Discontinued Operation": "706.608", "Normalized Income": "706.608", "Interest Expense": "158.544", "Net Interest Income": "-158.544", "EBIT": "865.152", "EBITDA": "-", "Reconciled Cost of Revenue": "8,388", "Reconciled Depreciation": "278.173", "Net Income from Continuing Operation Net Minority Interest": "706.608", "Total Unusual Items Excluding Goodwill": "0", "Total Unusual Items": "0", "Normalized EBITDA": "1,143", "Tax Rate for Calcs": "0", "Tax Effect of Unusual Items": "0"}}, "bs": {"12/31/2020": {"Duration": "12/31/2020", "Total Assets": "7,028", "Total Liabilities Net Minority Interest": "5,673", "Total Equity Gross Minority Interest": "1,355", "Total Capitalization": "4,988", "Common Stock Equity": "1,355", "Capital Lease Obligations": "449.072", "Net Tangible Assets": "1,355", "Working Capital": "3,479", "Invested Capital": "5,005", "Tangible Book Value": "1,355", "Total Debt": "4,099", "Net Debt": "2,520", "Share Issued": "13,825", "Ordinary Shares Number": "13,820", "Treasury Shares Number": "4.6"}, "12/31/2019": {"Duration": "12/31/2019", "Total Assets": "7,135", "Total Liabilities Net Minority Interest": "5,118", "Total Equity Gross Minority Interest": "2,017", "Total Capitalization": "4,684", "Common Stock Equity": "2,017", "Capital Lease Obligations": "688.746", "Net Tangible Assets": "2,017", "Working Capital": "3,123", "Invested Capital": "4,700", "Tangible Book Value": "2,017", "Total Debt": "3,372", "Net Debt": "1,732", "Share Issued": "13,735", "Ordinary Shares Number": "13,731", "Treasury Shares Number": "4.6"}, "12/31/2018": {"Duration": "12/31/2018", "Total Assets": "6,932", "Total Liabilities Net Minority Interest": "4,366", "Total Equity Gross Minority Interest": "2,567", "Total Capitalization": "5,312", "Common Stock Equity": "2,567", "Capital Lease Obligations": "-", "Net Tangible Assets": "2,535", "Working Capital": "4,058", "Invested Capital": "5,324", "Tangible Book Value": "2,535", "Total Debt": "2,758", "Net Debt": "1,572", "Share Issued": "13,637", "Ordinary Shares Number": "13,632", "Treasury Shares Number": "4.6"}}, "cf": {"TTM": {"Duration": "TTM", "Operating Cash Flow": "-587.328", "Investing Cash Flow": "-200.837", "Financing Cash Flow": "967.163", "End Cash Position": "1,130", "Income Tax Paid Supplemental Data": "0", "Interest Paid Supplemental Data": "226.513", "Capital Expenditure": "-200.837", "Issuance of Capital Stock": "-", "Issuance of Debt": "973.166", "Repayment of Debt": "-6.003", "Free Cash Flow": "-788.165"}, "12/31/2020": {"Duration": "12/31/2020", "Operating Cash Flow": "-587.328", "Investing Cash Flow": "-200.837", "Financing Cash Flow": "967.163", "End Cash Position": "1,130", "Income Tax Paid Supplemental Data": "0", "Interest Paid Supplemental Data": "226.513", "Capital Expenditure": "-200.837", "Issuance of Capital Stock": "-", "Issuance of Debt": "973.166", "Repayment of Debt": "-6.003", "Free Cash Flow": "-788.165"}, "12/31/2019": {"Duration": "12/31/2019", "Operating Cash Flow": "150.152", "Investing Cash Flow": "-310.066", "Financing Cash Flow": "-74.934", "End Cash Position": "950.705", "Income Tax Paid Supplemental Data": "0", "Interest Paid Supplemental Data": "158.906", "Capital Expenditure": "-310.066", "Issuance of Capital Stock": "0", "Issuance of Debt": "-", "Repayment of Debt": "-74.934", "Free Cash Flow": "-159.914"}, "12/31/2018": {"Duration": "12/31/2018", "Operating Cash Flow": "551.977", "Investing Cash Flow": "-155.282", "Financing Cash Flow": "-11.095", "End Cash Position": "1,186", "Income Tax Paid Supplemental Data": "0", "Interest Paid Supplemental Data": "197.581", "Capital Expenditure": "-154.407", "Issuance of Capital Stock": "1.388", "Issuance of Debt": "-", "Repayment of Debt": "-12.483", "Free Cash Flow": "397.57"}}}}, {"CPSH": {"quote": {"05/08/2021": {"value": "6.55", "Market Cap": "90.535M", "Beta (5Y Monthly)": "1.42", "PE Ratio (TTM)": "262.00", "EPS (TTM)": "0.03", "Earnings Date": "Apr 29, 2021", "Forward Dividend & Yield": "N/A (N/A)", "Ex-Dividend Date": "N/A", "1y Target Est": "N/A"}}, "fin": {"TTM": {"Duration": "TTM", "Total Revenue": "19,227", "Cost of Revenue": "15,663", "Gross Profit": "3,564", "Operating Expense": "3,235", "Operating Income": "328.285", "Net Non Operating Interest Income Expense": "-", "Other Income Expense": "0.936", "Pretax Income": "329.221", "Tax Provision": "-8.092", "Net Income Common Stockholders": "337.313", "Diluted NI Available to Com Stockholders": "337.313", "Basic EPS": "-", "Diluted EPS": "-", "Basic Average Shares": "-", "Diluted Average Shares": "-", "Total Operating Income as Reported": "328.285", "Total Expenses": "18,898", "Net Income from Continuing & Discontinued Operation": "337.313", "Normalized Income": "337.313", "Interest Income": "-", "Net Interest Income": "-", "EBIT": "328.285", "EBITDA": "328.285", "Reconciled Cost of Revenue": "15,663", "Reconciled Depreciation": "-", "Net Income from Continuing Operation Net Minority Interest": "337.313", "Total Unusual Items Excluding Goodwill": "-", "Total Unusual Items": "-", "Normalized EBITDA": "328.285", "Tax Rate for Calcs": "0", "Tax Effect of Unusual Items": "0"}, "12/31/2020": {"Duration": "12/31/2020", "Total Revenue": "20,873", "Cost of Revenue": "16,703", "Gross Profit": "4,170", "Operating Expense": "3,256", "Operating Income": "914.236", "Net Non Operating Interest Income Expense": "-", "Other Income Expense": "-14.72", "Pretax Income": "899.516", "Tax Provision": "-8.548", "Net Income Common Stockholders": "908.064", "Diluted NI Available to Com Stockholders": "908.064", "Basic EPS": "-", "Diluted EPS": "-", "Basic Average Shares": "-", "Diluted Average Shares": "-", "Total Operating Income as Reported": "914.236", "Total Expenses": "19,958", "Net Income from Continuing & Discontinued Operation": "908.064", "Normalized Income": "908.064", "Interest Income": "-", "Net Interest Income": "-", "EBIT": "914.236", "EBITDA": "-", "Reconciled Cost of Revenue": "16,703", "Reconciled Depreciation": "530.42", "Net Income from Continuing Operation Net Minority Interest": "908.064", "Total Unusual Items Excluding Goodwill": "-", "Total Unusual Items": "-", "Normalized EBITDA": "1,445", "Tax Rate for Calcs": "0", "Tax Effect of Unusual Items": "0"}, "12/31/2019": {"Duration": "12/31/2019", "Total Revenue": "21,468", "Cost of Revenue": "18,928", "Gross Profit": "2,540", "Operating Expense": "3,137", "Operating Income": "-597.199", "Net Non Operating Interest Income Expense": "-", "Other Income Expense": "-35.547", "Pretax Income": "-632.746", "Tax Provision": "5.456", "Net Income Common Stockholders": "-638.202", "Diluted NI Available to Com Stockholders": "-638.202", "Basic EPS": "-0.05", "Diluted EPS": "-0.05", "Basic Average Shares": "13,207", "Diluted Average Shares": "13,207", "Total Operating Income as Reported": "-597.199", "Total Expenses": "22,066", "Net Income from Continuing & Discontinued Operation": "-638.202", "Normalized Income": "-638.202", "Interest Income": "-", "Net Interest Income": "-", "EBIT": "-597.199", "EBITDA": "-", "Reconciled Cost of Revenue": "18,928", "Reconciled Depreciation": "525.783", "Net Income from Continuing Operation Net Minority Interest": "-638.202", "Total Unusual Items Excluding Goodwill": "-", "Total Unusual Items": "-", "Normalized EBITDA": "-71.416", "Tax Rate for Calcs": "0", "Tax Effect of Unusual Items": "0"}, "12/31/2018": {"Duration": "12/31/2018", "Total Revenue": "21,581", "Cost of Revenue": "18,668", "Gross Profit": "2,913", "Operating Expense": "3,813", "Operating Income": "-900.563", "Net Non Operating Interest Income Expense": "-34.63", "Other Income Expense": "-20.985", "Pretax Income": "-921.548", "Tax Provision": "2,784", "Net Income Common Stockholders": "-3,706", "Diluted NI Available to Com Stockholders": "-3,706", "Basic EPS": "-0.28", "Diluted EPS": "-0.28", "Basic Average Shares": "13,206", "Diluted Average Shares": "13,206", "Total Operating Income as Reported": "-900.563", "Total Expenses": "22,481", "Net Income from Continuing & Discontinued Operation": "-3,706", "Normalized Income": "-3,706", "Interest Income": "-", "Net Interest Income": "-34.63", "EBIT": "-900.563", "EBITDA": "-", "Reconciled Cost of Revenue": "18,668", "Reconciled Depreciation": "568.164", "Net Income from Continuing Operation Net Minority Interest": "-3,706", "Total Unusual Items Excluding Goodwill": "-", "Total Unusual Items": "-", "Normalized EBITDA": "-332.399", "Tax Rate for Calcs": "0", "Tax Effect of Unusual Items": "0"}}, "bs": {"12/31/2020": {"Duration": "12/31/2020", "Total Assets": "8,321", "Total Liabilities Net Minority Interest": "1,963", "Total Equity Gross Minority Interest": "6,358", "Total Capitalization": "6,512", "Common Stock Equity": "6,358", "Capital Lease Obligations": "25", "Net Tangible Assets": "6,358", "Working Capital": "5,082", "Invested Capital": "6,570", "Tangible Book Value": "6,358", "Total Debt": "237.704", "Net Debt": "17.501", "Share Issued": "13,746", "Ordinary Shares Number": "13,314", "Treasury Shares Number": "432.452"}, "12/31/2019": {"Duration": "12/31/2019", "Total Assets": "9,024", "Total Liabilities Net Minority Interest": "3,693", "Total Equity Gross Minority Interest": "5,331", "Total Capitalization": "5,331", "Common Stock Equity": "5,331", "Capital Lease Obligations": "171", "Net Tangible Assets": "5,331", "Working Capital": "3,798", "Invested Capital": "6,581", "Tangible Book Value": "5,331", "Total Debt": "1,421", "Net Debt": "1,116", "Share Issued": "13,427", "Ordinary Shares Number": "13,207", "Treasury Shares Number": "220.056"}, "12/31/2018": {"Duration": "12/31/2018", "Total Assets": "8,491", "Total Liabilities Net Minority Interest": "2,656", "Total Equity Gross Minority Interest": "5,836", "Total Capitalization": "5,836", "Common Stock Equity": "5,836", "Capital Lease Obligations": "-", "Net Tangible Assets": "5,836", "Working Capital": "4,376", "Invested Capital": "5,836", "Tangible Book Value": "5,836", "Total Debt": "-", "Net Debt": "-", "Share Issued": "13,426", "Ordinary Shares Number": "13,206", "Treasury Shares Number": "220.056"}}, "cf": {"TTM": {"Duration": "TTM", "Operating Cash Flow": "-", "Investing Cash Flow": "-", "Financing Cash Flow": "-", "End Cash Position": "-", "Income Tax Paid Supplemental Data": "-", "Interest Paid Supplemental Data": "-", "Capital Expenditure": "-", "Issuance of Debt": "-", "Repayment of Debt": "-", "Free Cash Flow": "-"}, "12/31/2020": {"Duration": "12/31/2020", "Operating Cash Flow": "1,668", "Investing Cash Flow": "-311.991", "Financing Cash Flow": "-1,295", "End Cash Position": "195.203", "Income Tax Paid Supplemental Data": "-", "Interest Paid Supplemental Data": "104.488", "Capital Expenditure": "-322.991", "Issuance of Debt": "-", "Repayment of Debt": "-1,295", "Free Cash Flow": "1,345"}, "12/31/2019": {"Duration": "12/31/2019", "Operating Cash Flow": "-1,262", "Investing Cash Flow": "-482.529", "Financing Cash Flow": "1,250", "End Cash Position": "133.965", "Income Tax Paid Supplemental Data": "-", "Interest Paid Supplemental Data": "44.113", "Capital Expenditure": "-489.475", "Issuance of Debt": "1,250", "Repayment of Debt": "-", "Free Cash Flow": "-1,751"}, "12/31/2018": {"Duration": "12/31/2018", "Operating Cash Flow": "-373.561", "Investing Cash Flow": "-337.207", "Financing Cash Flow": "0", "End Cash Position": "628.804", "Income Tax Paid Supplemental Data": "0.436", "Interest Paid Supplemental Data": "34.791", "Capital Expenditure": "-350.852", "Issuance of Debt": "900", "Repayment of Debt": "-900", "Free Cash Flow": "-724.413"}}}}, {"IEHC": {"quote": {"05/08/2021": {"value": "16.96", "Market Cap": "40.199M", "Beta (5Y Monthly)": "0.93", "PE Ratio (TTM)": "16.31", "EPS (TTM)": "1.04", "Earnings Date": "Feb 18, 2020", "Forward Dividend & Yield": "N/A (N/A)", "Ex-Dividend Date": "Jun 02, 2017", "1y Target Est": "N/A"}}, "fin": {"TTM": {"Duration": "TTM", "Total Revenue": "32,155", "Cost of Revenue": "21,906", "Gross Profit": "10,248", "Operating Expense": "6,962", "Operating Income": "3,286", "Net Non Operating Interest Income Expense": "-71.595", "Other Income Expense": "26.72", "Pretax Income": "3,241", "Tax Provision": "683.693", "Net Income Common Stockholders": "2,557", "Diluted NI Available to Com Stockholders": "2,557", "Basic EPS": "-", "Diluted EPS": "-", "Basic Average Shares": "-", "Diluted Average Shares": "-", "Total Operating Income as Reported": "3,286", "Total Expenses": "28,869", "Net Income from Continuing & Discontinued Operation": "2,557", "Normalized Income": "2,557", "Interest Expense": "71.595", "Net Interest Income": "-71.595", "EBIT": "3,313", "EBITDA": "4,268", "Reconciled Cost of Revenue": "21,906", "Reconciled Depreciation": "955.124", "Net Income from Continuing Operation Net Minority Interest": "2,557", "Normalized EBITDA": "4,268", "Tax Rate for Calcs": "0", "Tax Effect of Unusual Items": "0"}, "3/31/2020": {"Duration": "3/31/2020", "Total Revenue": "32,155", "Cost of Revenue": "21,906", "Gross Profit": "10,248", "Operating Expense": "6,962", "Operating Income": "3,286", "Net Non Operating Interest Income Expense": "-71.595", "Other Income Expense": "26.72", "Pretax Income": "3,241", "Tax Provision": "683.693", "Net Income Common Stockholders": "2,557", "Diluted NI Available to Com Stockholders": "2,557", "Basic EPS": "-", "Diluted EPS": "-", "Basic Average Shares": "-", "Diluted Average Shares": "-", "Total Operating Income as Reported": "3,286", "Total Expenses": "28,869", "Net Income from Continuing & Discontinued Operation": "2,557", "Normalized Income": "2,557", "Interest Expense": "71.595", "Net Interest Income": "-71.595", "EBIT": "3,313", "EBITDA": "-", "Reconciled Cost of Revenue": "21,906", "Reconciled Depreciation": "955.124", "Net Income from Continuing Operation Net Minority Interest": "2,557", "Normalized EBITDA": "4,268", "Tax Rate for Calcs": "0", "Tax Effect of Unusual Items": "0"}, "3/31/2019": {"Duration": "3/31/2019", "Total Revenue": "28,407", "Cost of Revenue": "16,377", "Gross Profit": "12,030", "Operating Expense": "4,353", "Operating Income": "7,677", "Net Non Operating Interest Income Expense": "-63.271", "Other Income Expense": "16.559", "Pretax Income": "7,630", "Tax Provision": "2,469", "Net Income Common Stockholders": "5,161", "Diluted NI Available to Com Stockholders": "5,161", "Basic EPS": "2.23", "Diluted EPS": "2.15", "Basic Average Shares": "2,321", "Diluted Average Shares": "2,414", "Total Operating Income as Reported": "7,613", "Total Expenses": "20,730", "Net Income from Continuing & Discontinued Operation": "5,161", "Normalized Income": "5,161", "Interest Expense": "63.271", "Net Interest Income": "-63.271", "EBIT": "7,693", "EBITDA": "-", "Reconciled Cost of Revenue": "16,377", "Reconciled Depreciation": "345.84", "Net Income from Continuing Operation Net Minority Interest": "5,161", "Normalized EBITDA": "8,039", "Tax Rate for Calcs": "0", "Tax Effect of Unusual Items": "0"}}, "bs": {"3/31/2020": {"Duration": "3/31/2020", "Total Assets": "28,921", "Total Liabilities Net Minority Interest": "2,410", "Total Equity Gross Minority Interest": "26,511", "Total Capitalization": "26,511", "Common Stock Equity": "26,511", "Capital Lease Obligations": "119.629", "Net Tangible Assets": "26,511", "Working Capital": "23,506", "Invested Capital": "26,511", "Tangible Book Value": "26,511", "Total Debt": "119.629", "Share Issued": "2,370", "Ordinary Shares Number": "2,370"}, "3/31/2019": {"Duration": "3/31/2019", "Total Assets": "26,085", "Total Liabilities Net Minority Interest": "3,816", "Total Equity Gross Minority Interest": "22,268", "Total Capitalization": "22,268", "Common Stock Equity": "22,268", "Capital Lease Obligations": "-", "Net Tangible Assets": "22,268", "Working Capital": "19,653", "Invested Capital": "22,268", "Tangible Book Value": "22,268", "Total Debt": "-", "Share Issued": "2,323", "Ordinary Shares Number": "2,323"}}, "cf": {"TTM": {"Duration": "TTM", "Operating Cash Flow": "1,683", "Investing Cash Flow": "-969.4", "Financing Cash Flow": "-34.082", "End Cash Position": "7,760", "Income Tax Paid Supplemental Data": "1,769", "Interest Paid Supplemental Data": "71.595", "Capital Expenditure": "-969.4", "Free Cash Flow": "714.013"}, "3/31/2020": {"Duration": "3/31/2020", "Operating Cash Flow": "1,683", "Investing Cash Flow": "-969.4", "Financing Cash Flow": "-34.082", "End Cash Position": "7,760", "Income Tax Paid Supplemental Data": "1,769", "Interest Paid Supplemental Data": "71.595", "Capital Expenditure": "-969.4", "Free Cash Flow": "714.013"}, "3/31/2019": {"Duration": "3/31/2019", "Operating Cash Flow": "6,179", "Investing Cash Flow": "-840.292", "Financing Cash Flow": "334.306", "End Cash Position": "7,080", "Income Tax Paid Supplemental Data": "1,691", "Interest Paid Supplemental Data": "59.535", "Capital Expenditure": "-840.292", "Free Cash Flow": "5,339"}}}}, {"DEWY": {"quote": {"05/08/2021": {"value": "4.0400", "Market Cap": "3.519M", "Beta (5Y Monthly)": "0.40", "PE Ratio (TTM)": "4.37", "EPS (TTM)": "0.9240", "Earnings Date": "N/A", "Forward Dividend & Yield": "N/A (N/A)", "Ex-Dividend Date": "N/A", "1y Target Est": "N/A"}}, "fin": {}, "bs": {}, "cf": {}}}, {"IVAC": {"quote": {"05/08/2021": {"value": "5.86", "Market Cap": "141.356M", "Beta (5Y Monthly)": "0.97", "PE Ratio (TTM)": "N/A", "EPS (TTM)": "-0.18", "Earnings Date": "Jul 26, 2021 - Jul 30, 2021", "Forward Dividend & Yield": "N/A (N/A)", "Ex-Dividend Date": "N/A", "1y Target Est": "10.00"}}, "fin": {"TTM": {"Duration": "TTM", "Total Revenue": "97,824", "Cost of Revenue": "57,279", "Gross Profit": "40,545", "Operating Expense": "37,990", "Operating Income": "2,555", "Net Non Operating Interest Income Expense": "284", "Other Income Expense": "-72", "Pretax Income": "2,767", "Tax Provision": "1,711", "Net Income Common Stockholders": "1,056", "Diluted NI Available to Com Stockholders": "1,056", "Basic EPS": "-", "Diluted EPS": "-", "Basic Average Shares": "-", "Diluted Average Shares": "-", "Total Operating Income as Reported": "2,555", "Total Expenses": "95,269", "Net Income from Continuing & Discontinued Operation": "1,056", "Normalized Income": "1,056", "Interest Income": "284", "Net Interest Income": "284", "EBIT": "2,555", "EBITDA": "6,035", "Reconciled Cost of Revenue": "57,279", "Reconciled Depreciation": "3,480", "Net Income from Continuing Operation Net Minority Interest": "1,056", "Total Unusual Items Excluding Goodwill": "-7", "Total Unusual Items": "-7", "Normalized EBITDA": "6,035", "Tax Rate for Calcs": "0", "Tax Effect of Unusual Items": "0"}, "12/31/2020": {"Duration": "12/31/2020", "Total Revenue": "97,824", "Cost of Revenue": "57,279", "Gross Profit": "40,545", "Operating Expense": "37,990", "Operating Income": "2,555", "Net Non Operating Interest Income Expense": "284", "Other Income Expense": "-72", "Pretax Income": "2,767", "Tax Provision": "1,711", "Net Income Common Stockholders": "1,056", "Diluted NI Available to Com Stockholders": "1,056", "Basic EPS": "-", "Diluted EPS": "-", "Basic Average Shares": "-", "Diluted Average Shares": "-", "Total Operating Income as Reported": "2,555", "Total Expenses": "95,269", "Net Income from Continuing & Discontinued Operation": "1,056", "Normalized Income": "1,056", "Interest Income": "284", "Net Interest Income": "284", "EBIT": "2,555", "EBITDA": "-", "Reconciled Cost of Revenue": "57,279", "Reconciled Depreciation": "3,480", "Net Income from Continuing Operation Net Minority Interest": "1,056", "Total Unusual Items Excluding Goodwill": "-", "Total Unusual Items": "-", "Normalized EBITDA": "6,035", "Tax Rate for Calcs": "0", "Tax Effect of Unusual Items": "0"}, "12/31/2019": {"Duration": "12/31/2019", "Total Revenue": "108,885", "Cost of Revenue": "68,017", "Gross Profit": "40,868", "Operating Expense": "36,936", "Operating Income": "3,932", "Net Non Operating Interest Income Expense": "574", "Other Income Expense": "1", "Pretax Income": "4,507", "Tax Provision": "3,359", "Net Income Common Stockholders": "1,148", "Diluted NI Available to Com Stockholders": "1,148", "Basic EPS": "0.05", "Diluted EPS": "0.05", "Basic Average Shares": "23,063", "Diluted Average Shares": "23,340", "Total Operating Income as Reported": "3,925", "Total Expenses": "104,953", "Net Income from Continuing & Discontinued Operation": "1,148", "Normalized Income": "1,153", "Interest Income": "574", "Net Interest Income": "574", "EBIT": "3,932", "EBITDA": "-", "Reconciled Cost of Revenue": "68,017", "Reconciled Depreciation": "3,591", "Net Income from Continuing Operation Net Minority Interest": "1,148", "Total Unusual Items Excluding Goodwill": "-7", "Total Unusual Items": "-7", "Normalized EBITDA": "7,530", "Tax Rate for Calcs": "0", "Tax Effect of Unusual Items": "-1.89"}, "12/31/2018": {"Duration": "12/31/2018", "Total Revenue": "95,114", "Cost of Revenue": "62,420", "Gross Profit": "32,694", "Operating Expense": "37,050", "Operating Income": "-4,356", "Net Non Operating Interest Income Expense": "516", "Other Income Expense": "245", "Pretax Income": "-3,595", "Tax Provision": "-7,176", "Net Income Common Stockholders": "3,581", "Diluted NI Available to Com Stockholders": "3,581", "Basic EPS": "0.16", "Diluted EPS": "0.16", "Basic Average Shares": "22,519", "Diluted Average Shares": "22,904", "Total Operating Income as Reported": "-4,217", "Total Expenses": "99,470", "Net Income from Continuing & Discontinued Operation": "3,581", "Normalized Income": "3,480", "Interest Income": "516", "Net Interest Income": "516", "EBIT": "-4,356", "EBITDA": "-", "Reconciled Cost of Revenue": "62,420", "Reconciled Depreciation": "4,614", "Net Income from Continuing Operation Net Minority Interest": "3,581", "Total Unusual Items Excluding Goodwill": "139", "Total Unusual Items": "139", "Normalized EBITDA": "119", "Tax Rate for Calcs": "0", "Tax Effect of Unusual Items": "37.53"}}, "bs": {"12/31/2020": {"Duration": "12/31/2020", "Total Assets": "127,238", "Total Liabilities Net Minority Interest": "25,682", "Total Equity Gross Minority Interest": "101,556", "Total Capitalization": "101,556", "Common Stock Equity": "101,556", "Capital Lease Obligations": "9,656", "Net Tangible Assets": "101,556", "Working Capital": "77,986", "Invested Capital": "101,556", "Tangible Book Value": "101,556", "Total Debt": "9,656", "Share Issued": "28,961", "Ordinary Shares Number": "23,874", "Treasury Shares Number": "5,087"}, "12/31/2019": {"Duration": "12/31/2019", "Total Assets": "126,322", "Total Liabilities Net Minority Interest": "30,529", "Total Equity Gross Minority Interest": "95,793", "Total Capitalization": "95,793", "Common Stock Equity": "95,793", "Capital Lease Obligations": "12,056", "Net Tangible Assets": "95,519", "Working Capital": "70,706", "Invested Capital": "95,793", "Tangible Book Value": "95,519", "Total Debt": "12,056", "Share Issued": "28,335", "Ordinary Shares Number": "23,346", "Treasury Shares Number": "4,989"}, "12/31/2018": {"Duration": "12/31/2018", "Total Assets": "122,070", "Total Liabilities Net Minority Interest": "32,446", "Total Equity Gross Minority Interest": "89,624", "Total Capitalization": "89,624", "Common Stock Equity": "89,624", "Capital Lease Obligations": "-", "Net Tangible Assets": "88,735", "Working Capital": "65,625", "Invested Capital": "89,624", "Tangible Book Value": "88,735", "Total Debt": "-", "Share Issued": "27,665", "Ordinary Shares Number": "22,700", "Treasury Shares Number": "4,965"}}, "cf": {"TTM": {"Duration": "TTM", "Operating Cash Flow": "8,850", "Investing Cash Flow": "-599", "Financing Cash Flow": "1,102", "End Cash Position": "30,128", "Income Tax Paid Supplemental Data": "850", "Capital Expenditure": "-2,612", "Issuance of Capital Stock": "1,897", "Repurchase of Capital Stock": "-393", "Free Cash Flow": "6,238"}, "12/31/2020": {"Duration": "12/31/2020", "Operating Cash Flow": "8,850", "Investing Cash Flow": "-599", "Financing Cash Flow": "1,102", "End Cash Position": "30,128", "Income Tax Paid Supplemental Data": "850", "Capital Expenditure": "-2,612", "Issuance of Capital Stock": "1,897", "Repurchase of Capital Stock": "-393", "Free Cash Flow": "6,238"}, "12/31/2019": {"Duration": "12/31/2019", "Operating Cash Flow": "4,945", "Investing Cash Flow": "-5,771", "Financing Cash Flow": "1,520", "End Cash Position": "20,554", "Income Tax Paid Supplemental Data": "1,016", "Capital Expenditure": "-4,107", "Issuance of Capital Stock": "2,265", "Repurchase of Capital Stock": "-111", "Free Cash Flow": "838"}, "12/31/2018": {"Duration": "12/31/2018", "Operating Cash Flow": "-1,716", "Investing Cash Flow": "-1,030", "Financing Cash Flow": "1,819", "End Cash Position": "19,884", "Income Tax Paid Supplemental Data": "991", "Capital Expenditure": "-3,244", "Issuance of Capital Stock": "3,208", "Repurchase of Capital Stock": "-558", "Free Cash Flow": "-4,960"}}}}, {"MHTX": {"quote": {"05/08/2021": {"value": "0.0319", "Market Cap": "16.275M", "Beta (5Y Monthly)": "2.01", "PE Ratio (TTM)": "3.99", "EPS (TTM)": "0.0080", "Earnings Date": "N/A", "Forward Dividend & Yield": "N/A (N/A)", "Ex-Dividend Date": "N/A", "1y Target Est": "0.25"}}, "fin": {"TTM": {"Duration": "TTM", "Total Revenue": "50", "Cost of Revenue": "-", "Gross Profit": "-", "Operating Expense": "725", "Operating Income": "-675", "Net Non Operating Interest Income Expense": "-25", "Other Income Expense": "5,014", "Pretax Income": "4,314", "Tax Provision": "-", "Net Income Common Stockholders": "4,314", "Diluted NI Available to Com Stockholders": "4,314", "Basic EPS": "-", "Diluted EPS": "-", "Basic Average Shares": "-", "Diluted Average Shares": "-", "Total Operating Income as Reported": "-675", "Total Expenses": "725", "Net Income from Continuing & Discontinued Operation": "4,314", "Normalized Income": "653.78", "Interest Expense": "25", "Net Interest Income": "-25", "EBIT": "4,339", "EBITDA": "4,341", "Reconciled Cost of Revenue": "0", "Reconciled Depreciation": "2", "Net Income from Continuing Operation Net Minority Interest": "4,314", "Total Unusual Items Excluding Goodwill": "5,014", "Total Unusual Items": "5,014", "Normalized EBITDA": "-673", "Tax Rate for Calcs": "0", "Tax Effect of Unusual Items": "1,354"}, "12/31/2020": {"Duration": "12/31/2020", "Total Revenue": "50", "Cost of Revenue": "-", "Gross Profit": "-", "Operating Expense": "725", "Operating Income": "-675", "Net Non Operating Interest Income Expense": "-25", "Other Income Expense": "5,014", "Pretax Income": "4,314", "Tax Provision": "-", "Net Income Common Stockholders": "4,314", "Diluted NI Available to Com Stockholders": "4,314", "Basic EPS": "-", "Diluted EPS": "-", "Basic Average Shares": "-", "Diluted Average Shares": "-", "Total Operating Income as Reported": "-675", "Total Expenses": "725", "Net Income from Continuing & Discontinued Operation": "4,314", "Normalized Income": "653.78", "Interest Expense": "25", "Net Interest Income": "-25", "EBIT": "4,339", "EBITDA": "-", "Reconciled Cost of Revenue": "-", "Reconciled Depreciation": "2", "Net Income from Continuing Operation Net Minority Interest": "4,314", "Total Unusual Items Excluding Goodwill": "5,014", "Total Unusual Items": "5,014", "Normalized EBITDA": "-673", "Tax Rate for Calcs": "0", "Tax Effect of Unusual Items": "1,354"}, "12/31/2019": {"Duration": "12/31/2019", "Total Revenue": "97", "Cost of Revenue": "0", "Gross Profit": "97", "Operating Expense": "1,122", "Operating Income": "-1,025", "Net Non Operating Interest Income Expense": "-5", "Other Income Expense": "-192", "Pretax Income": "-1,222", "Tax Provision": "0", "Net Income Common Stockholders": "-1,222", "Diluted NI Available to Com Stockholders": "-1,222", "Basic EPS": "-0.00", "Diluted EPS": "-0.00", "Basic Average Shares": "549,365", "Diluted Average Shares": "549,365", "Total Operating Income as Reported": "-1,025", "Total Expenses": "1,122", "Net Income from Continuing & Discontinued Operation": "-1,222", "Normalized Income": "-1,030", "Interest Expense": "5", "Net Interest Income": "-5", "EBIT": "-1,217", "EBITDA": "-", "Reconciled Cost of Revenue": "0", "Reconciled Depreciation": "2", "Net Income from Continuing Operation Net Minority Interest": "-1,222", "Total Unusual Items Excluding Goodwill": "-192", "Total Unusual Items": "-192", "Normalized EBITDA": "-1,023", "Tax Rate for Calcs": "0", "Tax Effect of Unusual Items": "0"}, "12/31/2018": {"Duration": "12/31/2018", "Total Revenue": "0", "Cost of Revenue": "7", "Gross Profit": "-7", "Operating Expense": "1,441", "Operating Income": "-1,448", "Net Non Operating Interest Income Expense": "-", "Other Income Expense": "-6,886", "Pretax Income": "-8,334", "Tax Provision": "-", "Net Income Common Stockholders": "-8,334", "Diluted NI Available to Com Stockholders": "-8,334", "Basic EPS": "-0.02", "Diluted EPS": "-0.02", "Basic Average Shares": "533,781", "Diluted Average Shares": "533,781", "Total Operating Income as Reported": "-1,448", "Total Expenses": "1,448", "Net Income from Continuing & Discontinued Operation": "-8,334", "Normalized Income": "-1,448", "Interest Expense": "-", "Net Interest Income": "-", "EBIT": "-1,448", "EBITDA": "-", "Reconciled Cost of Revenue": "7", "Reconciled Depreciation": "622", "Net Income from Continuing Operation Net Minority Interest": "-8,334", "Total Unusual Items Excluding Goodwill": "-6,886", "Total Unusual Items": "-6,886", "Normalized EBITDA": "6,060", "Tax Rate for Calcs": "0", "Tax Effect of Unusual Items": "0"}}, "bs": {"12/31/2020": {"Duration": "12/31/2020", "Total Assets": "6,848", "Total Liabilities Net Minority Interest": "2,174", "Total Equity Gross Minority Interest": "4,674", "Total Capitalization": "4,778", "Common Stock Equity": "4,674", "Net Tangible Assets": "4,674", "Working Capital": "-347", "Invested Capital": "4,778", "Tangible Book Value": "4,674", "Total Debt": "104", "Share Issued": "559,281", "Ordinary Shares Number": "559,281", "Preferred Shares Number": "49.999"}, "12/31/2019": {"Duration": "12/31/2019", "Total Assets": "2,225", "Total Liabilities Net Minority Interest": "3,230", "Total Equity Gross Minority Interest": "-1,005", "Total Capitalization": "-927", "Common Stock Equity": "-1,005", "Net Tangible Assets": "-1,005", "Working Capital": "-1,520", "Invested Capital": "-927", "Tangible Book Value": "-1,005", "Total Debt": "78", "Share Issued": "557,781", "Ordinary Shares Number": "557,781", "Preferred Shares Number": "49.999"}, "12/31/2018": {"Duration": "12/31/2018", "Total Assets": "2,660", "Total Liabilities Net Minority Interest": "2,810", "Total Equity Gross Minority Interest": "-150", "Total Capitalization": "-150", "Common Stock Equity": "-150", "Net Tangible Assets": "-150", "Working Capital": "-1,654", "Invested Capital": "-150", "Tangible Book Value": "-150", "Total Debt": "-", "Share Issued": "533,781", "Ordinary Shares Number": "533,781", "Preferred Shares Number": "-"}}, "cf": {"TTM": {"Duration": "TTM", "Operating Cash Flow": "-388", "Investing Cash Flow": "480", "Financing Cash Flow": "0", "End Cash Position": "353", "Income Tax Paid Supplemental Data": "0", "Interest Paid Supplemental Data": "0", "Capital Expenditure": "-4", "Issuance of Capital Stock": "-", "Issuance of Debt": "0", "Repayment of Debt": "-", "Repurchase of Capital Stock": "-", "Free Cash Flow": "-392"}, "12/31/2020": {"Duration": "12/31/2020", "Operating Cash Flow": "-388", "Investing Cash Flow": "480", "Financing Cash Flow": "0", "End Cash Position": "353", "Income Tax Paid Supplemental Data": "0", "Interest Paid Supplemental Data": "0", "Capital Expenditure": "-4", "Issuance of Capital Stock": "-", "Issuance of Debt": "0", "Repayment of Debt": "-", "Repurchase of Capital Stock": "-", "Free Cash Flow": "-392"}, "12/31/2019": {"Duration": "12/31/2019", "Operating Cash Flow": "-316", "Investing Cash Flow": "340", "Financing Cash Flow": "150", "End Cash Position": "261", "Income Tax Paid Supplemental Data": "0", "Interest Paid Supplemental Data": "0", "Capital Expenditure": "-", "Issuance of Capital Stock": "-", "Issuance of Debt": "150", "Repayment of Debt": "-", "Repurchase of Capital Stock": "-", "Free Cash Flow": "-316"}, "12/31/2018": {"Duration": "12/31/2018", "Operating Cash Flow": "-682", "Investing Cash Flow": "500", "Financing Cash Flow": "0", "End Cash Position": "87", "Income Tax Paid Supplemental Data": "-", "Interest Paid Supplemental Data": "0", "Capital Expenditure": "-", "Issuance of Capital Stock": "-", "Issuance of Debt": "-", "Repayment of Debt": "-", "Repurchase of Capital Stock": "-", "Free Cash Flow": "-682"}}}}, {"SPEC": {"quote": {"05/08/2021": {"value": "0.5000", "Market Cap": "N/A", "Beta (5Y Monthly)": "N/A", "PE Ratio (TTM)": "N/A", "EPS (TTM)": "N/A", "Earnings Date": "N/A", "Forward Dividend & Yield": "N/A (N/A)", "Ex-Dividend Date": "N/A", "1y Target Est": "20.00"}}, "fin": {}, "bs": {}, "cf": {}}}, {"AVX": {"fin": {}, "bs": {}, "cf": {}}}, {"CTRL": {"fin": {}, "bs": {}, "cf": {}}}, {"OGES": {"fin": {}, "bs": {}, "cf": {}}}, {"RVLT": {"fin": {}, "bs": {}, "cf": {}}}, {"MXWL": {"fin": {}, "bs": {}, "cf": {}}}, {"ORBK": {"fin": {}, "bs": {}, "cf": {}}}, {"MKRS": {"fin": {}, "bs": {}, "cf": {}}}, {"ITKG": {"fin": {}, "bs": {}, "cf": {}}}]