[{"AAPL": {"quote": {"03/19/2021": {"value": "119.99", "Market Cap": "2.014T", "Beta (5Y Monthly)": "1.25", "PE Ratio (TTM)": "32.54", "EPS (TTM)": "3.69", "Earnings Date": "Apr 28, 2021 - May 03, 2021", "Forward Dividend & Yield": "0.82 (0.68%)", "Ex-Dividend Date": "Feb 05, 2021", "1y Target Est": "152.06"}, "03/20/2021": {"value": "119.99", "Market Cap": "2.014T", "Beta (5Y Monthly)": "1.25", "PE Ratio (TTM)": "32.54", "EPS (TTM)": "3.69", "Earnings Date": "Apr 28, 2021 - May 03, 2021", "Forward Dividend & Yield": "0.82 (0.68%)", "Ex-Dividend Date": "Feb 05, 2021", "1y Target Est": "152.06"}}, "fin": {"TTM": {"Duration": "TTM", "Total Revenue": "294,135,000", "Cost of Revenue": "180,068,000", "Gross Profit": "114,067,000", "Operating Expense": "39,814,000", "Operating Income": "74,253,000", "Net Non Operating Interest Income Expense": "739,000", "Other Income Expense": "-240,000", "Pretax Income": "74,752,000", "Tax Provision": "10,822,000", "Net Income Common Stockholders": "63,930,000", "Diluted NI Available to Com Stockholders": "63,930,000", "Basic EPS": "-", "Diluted EPS": "-", "Basic Average Shares": "-", "Diluted Average Shares": "-", "Total Operating Income as Reported": "74,253,000", "Total Expenses": "219,882,000", "Net Income from Continuing & Discontinued Operation": "63,930,000", "Normalized Income": "63,930,000", "Interest Income": "3,465,000", "Interest Expense": "2,726,000", "Net Interest Income": "739,000", "EBIT": "77,478,000", "EBITDA": "88,384,000", "Reconciled Cost of Revenue": "180,068,000", "Reconciled Depreciation": "10,906,000", "Net Income from Continuing Operation Net Minority Interest": "63,930,000", "Normalized EBITDA": "88,384,000", "Tax Rate for Calcs": "0", "Tax Effect of Unusual Items": "0"}, "9/30/2020": {"Duration": "9/30/2020", "Total Revenue": "274,515,000", "Cost of Revenue": "169,559,000", "Gross Profit": "104,956,000", "Operating Expense": "38,668,000", "Operating Income": "66,288,000", "Net Non Operating Interest Income Expense": "890,000", "Other Income Expense": "-87,000", "Pretax Income": "67,091,000", "Tax Provision": "9,680,000", "Net Income Common Stockholders": "57,411,000", "Diluted NI Available to Com Stockholders": "57,411,000", "Basic EPS": "3.31", "Diluted EPS": "3.28", "Basic Average Shares": "17,352,119", "Diluted Average Shares": "17,528,214", "Total Operating Income as Reported": "66,288,000", "Total Expenses": "208,227,000", "Net Income from Continuing & Discontinued Operation": "57,411,000", "Normalized Income": "57,411,000", "Interest Income": "3,763,000", "Interest Expense": "2,873,000", "Net Interest Income": "890,000", "EBIT": "69,964,000", "EBITDA": "-", "Reconciled Cost of Revenue": "169,559,000", "Reconciled Depreciation": "11,056,000", "Net Income from Continuing Operation Net Minority Interest": "57,411,000", "Normalized EBITDA": "81,020,000", "Tax Rate for Calcs": "0", "Tax Effect of Unusual Items": "0"}, "9/30/2019": {"Duration": "9/30/2019", "Total Revenue": "260,174,000", "Cost of Revenue": "161,782,000", "Gross Profit": "98,392,000", "Operating Expense": "34,462,000", "Operating Income": "63,930,000", "Net Non Operating Interest Income Expense": "1,385,000", "Other Income Expense": "422,000", "Pretax Income": "65,737,000", "Tax Provision": "10,481,000", "Net Income Common Stockholders": "55,256,000", "Diluted NI Available to Com Stockholders": "55,256,000", "Basic EPS": "2.99", "Diluted EPS": "2.97", "Basic Average Shares": "18,471,336", "Diluted Average Shares": "18,595,652", "Total Operating Income as Reported": "63,930,000", "Total Expenses": "196,244,000", "Net Income from Continuing & Discontinued Operation": "55,256,000", "Normalized Income": "55,256,000", "Interest Income": "4,961,000", "Interest Expense": "3,576,000", "Net Interest Income": "1,385,000", "EBIT": "69,313,000", "EBITDA": "-", "Reconciled Cost of Revenue": "161,782,000", "Reconciled Depreciation": "12,547,000", "Net Income from Continuing Operation Net Minority Interest": "55,256,000", "Normalized EBITDA": "81,860,000", "Tax Rate for Calcs": "0", "Tax Effect of Unusual Items": "0"}, "9/30/2018": {"Duration": "9/30/2018", "Total Revenue": "265,595,000", "Cost of Revenue": "163,756,000", "Gross Profit": "101,839,000", "Operating Expense": "30,941,000", "Operating Income": "70,898,000", "Net Non Operating Interest Income Expense": "2,446,000", "Other Income Expense": "-441,000", "Pretax Income": "72,903,000", "Tax Provision": "13,372,000", "Net Income Common Stockholders": "59,531,000", "Diluted NI Available to Com Stockholders": "59,531,000", "Basic EPS": "3.00", "Diluted EPS": "2.98", "Basic Average Shares": "19,821,508", "Diluted Average Shares": "20,000,436", "Total Operating Income as Reported": "70,898,000", "Total Expenses": "194,697,000", "Net Income from Continuing & Discontinued Operation": "59,531,000", "Normalized Income": "59,531,000", "Interest Income": "5,686,000", "Interest Expense": "3,240,000", "Net Interest Income": "2,446,000", "EBIT": "76,143,000", "EBITDA": "-", "Reconciled Cost of Revenue": "163,756,000", "Reconciled Depreciation": "10,903,000", "Net Income from Continuing Operation Net Minority Interest": "59,531,000", "Normalized EBITDA": "87,046,000", "Tax Rate for Calcs": "0", "Tax Effect of Unusual Items": "0"}}, "bs": {"9/30/2020": {"Duration": "9/30/2020", "Total Assets": "323,888,000", "Total Liabilities Net Minority Interest": "258,549,000", "Total Equity Gross Minority Interest": "65,339,000", "Total Capitalization": "164,006,000", "Common Stock Equity": "65,339,000", "Net Tangible Assets": "65,339,000", "Working Capital": "38,321,000", "Invested Capital": "177,775,000", "Tangible Book Value": "65,339,000", "Total Debt": "112,436,000", "Net Debt": "74,420,000", "Share Issued": "16,976,763", "Ordinary Shares Number": "16,976,763"}, "9/30/2019": {"Duration": "9/30/2019", "Total Assets": "338,516,000", "Total Liabilities Net Minority Interest": "248,028,000", "Total Equity Gross Minority Interest": "90,488,000", "Total Capitalization": "182,295,000", "Common Stock Equity": "90,488,000", "Net Tangible Assets": "90,488,000", "Working Capital": "57,101,000", "Invested Capital": "198,535,000", "Tangible Book Value": "90,488,000", "Total Debt": "108,047,000", "Net Debt": "59,203,000", "Share Issued": "17,772,944", "Ordinary Shares Number": "17,772,944"}, "9/30/2018": {"Duration": "9/30/2018", "Total Assets": "365,725,000", "Total Liabilities Net Minority Interest": "258,578,000", "Total Equity Gross Minority Interest": "107,147,000", "Total Capitalization": "200,882,000", "Common Stock Equity": "107,147,000", "Net Tangible Assets": "107,147,000", "Working Capital": "14,473,000", "Invested Capital": "221,630,000", "Tangible Book Value": "107,147,000", "Total Debt": "114,483,000", "Net Debt": "88,570,000", "Share Issued": "19,019,944", "Ordinary Shares Number": "19,019,944"}}, "cf": {"TTM": {"Duration": "TTM", "Operating Cash Flow": "88,921,000", "Investing Cash Flow": "795,000", "Financing Cash Flow": "-93,662,000", "End Cash Position": "37,719,000", "Income Tax Paid Supplemental Data": "6,895,000", "Interest Paid Supplemental Data": "2,850,000", "Capital Expenditure": "-8,702,000", "Issuance of Capital Stock": "878,000", "Issuance of Debt": "13,881,000", "Repayment of Debt": "-12,629,000", "Repurchase of Capital Stock": "-76,427,000", "Free Cash Flow": "80,219,000"}, "9/30/2020": {"Duration": "9/30/2020", "Operating Cash Flow": "80,674,000", "Investing Cash Flow": "-4,289,000", "Financing Cash Flow": "-86,820,000", "End Cash Position": "39,789,000", "Income Tax Paid Supplemental Data": "9,501,000", "Interest Paid Supplemental Data": "3,002,000", "Capital Expenditure": "-7,309,000", "Issuance of Capital Stock": "880,000", "Issuance of Debt": "16,091,000", "Repayment of Debt": "-12,629,000", "Repurchase of Capital Stock": "-72,358,000", "Free Cash Flow": "73,365,000"}, "9/30/2019": {"Duration": "9/30/2019", "Operating Cash Flow": "69,391,000", "Investing Cash Flow": "45,896,000", "Financing Cash Flow": "-90,976,000", "End Cash Position": "50,224,000", "Income Tax Paid Supplemental Data": "15,263,000", "Interest Paid Supplemental Data": "3,423,000", "Capital Expenditure": "-10,495,000", "Issuance of Capital Stock": "781,000", "Issuance of Debt": "6,963,000", "Repayment of Debt": "-8,805,000", "Repurchase of Capital Stock": "-66,897,000", "Free Cash Flow": "58,896,000"}, "9/30/2018": {"Duration": "9/30/2018", "Operating Cash Flow": "77,434,000", "Investing Cash Flow": "16,066,000", "Financing Cash Flow": "-87,876,000", "End Cash Position": "25,913,000", "Income Tax Paid Supplemental Data": "10,417,000", "Interest Paid Supplemental Data": "3,022,000", "Capital Expenditure": "-13,313,000", "Issuance of Capital Stock": "669,000", "Issuance of Debt": "6,969,000", "Repayment of Debt": "-6,500,000", "Repurchase of Capital Stock": "-72,738,000", "Free Cash Flow": "64,121,000"}}}}, {"SNE": {"quote": {"03/19/2021": {"value": "105.26", "Market Cap": "132.157B", "Beta (5Y Monthly)": "0.81", "PE Ratio (TTM)": "22.13", "EPS (TTM)": "4.76", "Earnings Date": "N/A", "Forward Dividend & Yield": "0.47 (0.44%)", "Ex-Dividend Date": "Sep 28, 2020", "1y Target Est": "147.39"}}, "fin": {"TTM": {"Duration": "TTM", "Total Revenue": "8,527,681,000", "Cost of Revenue": "6,154,973,000", "Gross Profit": "2,372,708,000", "Operating Expense": "1,445,344,000", "Operating Income": "927,364,000", "Net Non Operating Interest Income Expense": "2,167,000", "Other Income Expense": "163,380,000", "Pretax Income": "1,092,911,000", "Tax Provision": "-7,085,000", "Net Income Common Stockholders": "1,077,420,000", "Diluted NI Available to Com Stockholders": "1,077,420,000", "Basic EPS": "-", "Diluted EPS": "-", "Basic Average Shares": "-", "Diluted Average Shares": "-", "Total Operating Income as Reported": "940,832,000", "Total Expenses": "7,600,317,000", "Net Income from Continuing & Discontinued Operation": "1,077,420,000", "Normalized Income": "965,583,603", "Interest Income": "11,729,000", "Interest Expense": "9,562,000", "Net Interest Income": "2,167,000", "EBIT": "1,102,473,000", "EBITDA": "1,839,259,000", "Reconciled Cost of Revenue": "6,154,973,000", "Reconciled Depreciation": "736,786,000", "Net Income from Continuing Operation Net Minority Interest": "1,077,420,000", "Total Unusual Items Excluding Goodwill": "161,194,000", "Total Unusual Items": "161,194,000", "Normalized EBITDA": "1,678,065,000", "Tax Rate for Calcs": "0", "Tax Effect of Unusual Items": "49,357,603"}, "3/31/2020": {"Duration": "3/31/2020", "Total Revenue": "8,259,885,000", "Cost of Revenue": "5,925,049,000", "Gross Profit": "2,334,836,000", "Operating Expense": "1,502,625,000", "Operating Income": "832,211,000", "Net Non Operating Interest Income Expense": "8,188,000", "Other Income Expense": "-40,949,000", "Pretax Income": "799,450,000", "Tax Provision": "177,190,000", "Net Income Common Stockholders": "582,191,000", "Diluted NI Available to Com Stockholders": "582,191,000", "Basic EPS": "471.64", "Diluted EPS": "461.23", "Basic Average Shares": "1,234,408", "Diluted Average Shares": "1,262,255", "Total Operating Income as Reported": "845,459,000", "Total Expenses": "7,427,674,000", "Net Income from Continuing & Discontinued Operation": "582,191,000", "Normalized Income": "622,033,158", "Interest Income": "19,278,000", "Interest Expense": "11,090,000", "Net Interest Income": "8,188,000", "EBIT": "810,540,000", "EBITDA": "-", "Reconciled Cost of Revenue": "5,925,049,000", "Reconciled Depreciation": "746,451,000", "Net Income from Continuing Operation Net Minority Interest": "582,191,000", "Total Unusual Items Excluding Goodwill": "-51,211,000", "Total Unusual Items": "-51,211,000", "Normalized EBITDA": "1,608,202,000", "Tax Rate for Calcs": "0", "Tax Effect of Unusual Items": "-11,368,842"}, "3/31/2019": {"Duration": "3/31/2019", "Total Revenue": "8,665,687,000", "Cost of Revenue": "6,263,196,000", "Gross Profit": "2,402,491,000", "Operating Expense": "1,576,825,000", "Operating Income": "825,666,000", "Net Non Operating Interest Income Expense": "9,151,000", "Other Income Expense": "176,831,000", "Pretax Income": "1,011,648,000", "Tax Provision": "45,098,000", "Net Income Common Stockholders": "916,271,000", "Diluted NI Available to Com Stockholders": "916,271,000", "Basic EPS": "723.41", "Diluted EPS": "707.74", "Basic Average Shares": "1,266,592", "Diluted Average Shares": "1,294,646", "Total Operating Income as Reported": "894,235,000", "Total Expenses": "7,840,021,000", "Net Income from Continuing & Discontinued Operation": "916,271,000", "Normalized Income": "745,358,470", "Interest Income": "21,618,000", "Interest Expense": "12,467,000", "Net Interest Income": "9,151,000", "EBIT": "1,024,115,000", "EBITDA": "-", "Reconciled Cost of Revenue": "6,263,196,000", "Reconciled Depreciation": "722,519,000", "Net Income from Continuing Operation Net Minority Interest": "916,271,000", "Total Unusual Items Excluding Goodwill": "178,966,000", "Total Unusual Items": "178,966,000", "Normalized EBITDA": "1,567,668,000", "Tax Rate for Calcs": "0", "Tax Effect of Unusual Items": "8,053,470"}, "3/31/2018": {"Duration": "3/31/2018", "Total Revenue": "8,543,982,000", "Cost of Revenue": "6,230,422,000", "Gross Profit": "2,313,560,000", "Operating Expense": "1,583,197,000", "Operating Income": "730,363,000", "Net Non Operating Interest Income Expense": "6,218,000", "Other Income Expense": "-37,532,000", "Pretax Income": "699,049,000", "Tax Provision": "151,770,000", "Net Income Common Stockholders": "490,794,000", "Diluted NI Available to Com Stockholders": "490,794,000", "Basic EPS": "388.32", "Diluted EPS": "379.75", "Basic Average Shares": "1,263,895", "Diluted Average Shares": "1,292,420", "Total Operating Income as Reported": "734,860,000", "Total Expenses": "7,813,619,000", "Net Income from Continuing & Discontinued Operation": "490,794,000", "Normalized Income": "520,660,752", "Interest Income": "19,784,000", "Interest Expense": "13,566,000", "Net Interest Income": "6,218,000", "EBIT": "712,615,000", "EBITDA": "-", "Reconciled Cost of Revenue": "6,230,422,000", "Reconciled Depreciation": "720,718,000", "Net Income from Continuing Operation Net Minority Interest": "490,794,000", "Total Unusual Items Excluding Goodwill": "-38,144,000", "Total Unusual Items": "-38,144,000", "Normalized EBITDA": "1,471,477,000", "Tax Rate for Calcs": "0", "Tax Effect of Unusual Items": "-8,277,248"}}, "cf": {"TTM": {"Duration": "TTM", "Operating Cash Flow": "1,603,186,000", "Investing Cash Flow": "-1,698,383,000", "Financing Cash Flow": "597,222,000", "End Cash Position": "1,910,901,000", "Income Tax Paid Supplemental Data": "-", "Interest Paid Supplemental Data": "-", "Capital Expenditure": "-516,409,000", "Issuance of Capital Stock": "-", "Issuance of Debt": "344,872,000", "Repayment of Debt": "-102,178,000", "Repurchase of Capital Stock": "-44,235,000", "Free Cash Flow": "1,086,777,000"}, "3/31/2020": {"Duration": "3/31/2020", "Operating Cash Flow": "1,349,745,000", "Investing Cash Flow": "-1,352,278,000", "Financing Cash Flow": "65,658,000", "End Cash Position": "1,512,357,000", "Income Tax Paid Supplemental Data": "216,922,000", "Interest Paid Supplemental Data": "10,000,000", "Capital Expenditure": "-439,761,000", "Issuance of Capital Stock": "-", "Issuance of Debt": "118,447,000", "Repayment of Debt": "-198,055,000", "Repurchase of Capital Stock": "-200,211,000", "Free Cash Flow": "909,984,000"}, "3/31/2019": {"Duration": "3/31/2019", "Operating Cash Flow": "1,258,738,000", "Investing Cash Flow": "-1,307,445,000", "Financing Cash Flow": "-122,884,000", "End Cash Position": "1,470,073,000", "Income Tax Paid Supplemental Data": "210,499,000", "Interest Paid Supplemental Data": "10,882,000", "Capital Expenditure": "-312,644,000", "Issuance of Capital Stock": "-", "Issuance of Debt": "94,351,000", "Repayment of Debt": "-382,671,000", "Repurchase of Capital Stock": "-100,177,000", "Free Cash Flow": "946,094,000"}, "3/31/2018": {"Duration": "3/31/2018", "Operating Cash Flow": "1,254,972,000", "Investing Cash Flow": "-822,197,000", "Financing Cash Flow": "246,456,000", "End Cash Position": "1,586,329,000", "Income Tax Paid Supplemental Data": "101,092,000", "Interest Paid Supplemental Data": "12,169,000", "Capital Expenditure": "-262,989,000", "Issuance of Capital Stock": "0", "Issuance of Debt": "125,092,000", "Repayment of Debt": "-44,561,000", "Repurchase of Capital Stock": "-", "Free Cash Flow": "991,983,000"}}, "bs": {"3/31/2020": {"Duration": "3/31/2020", "Total Assets": "23,039,343,000", "Total Liabilities Net Minority Interest": "18,249,808,000", "Total Equity Gross Minority Interest": "4,789,535,000", "Total Capitalization": "4,760,272,000", "Common Stock Equity": "4,125,306,000", "Capital Lease Obligations": "383,778,000", "Net Tangible Assets": "2,435,108,000", "Working Capital": "-505,298,000", "Invested Capital": "5,600,255,000", "Tangible Book Value": "2,435,108,000", "Total Debt": "1,858,727,000", "Net Debt": "-", "Share Issued": "1,261,059", "Ordinary Shares Number": "1,220,160", "Treasury Shares Number": "40,899"}, "3/31/2019": {"Duration": "3/31/2019", "Total Assets": "20,981,586,000", "Total Liabilities Net Minority Interest": "16,544,896,000", "Total Equity Gross Minority Interest": "4,436,690,000", "Total Capitalization": "4,314,749,000", "Common Stock Equity": "3,746,377,000", "Capital Lease Obligations": "-", "Net Tangible Assets": "2,059,859,000", "Working Capital": "-833,203,000", "Invested Capital": "5,105,828,000", "Tangible Book Value": "2,059,859,000", "Total Debt": "1,359,451,000", "Net Debt": "-", "Share Issued": "1,271,230", "Ordinary Shares Number": "1,250,747", "Treasury Shares Number": "20,483"}, "3/31/2018": {"Duration": "3/31/2018", "Total Assets": "19,065,538,000", "Total Liabilities Net Minority Interest": "15,418,381,000", "Total Equity Gross Minority Interest": "3,647,157,000", "Total Capitalization": "3,590,817,000", "Common Stock Equity": "2,967,366,000", "Capital Lease Obligations": "-", "Net Tangible Assets": "1,909,706,000", "Working Capital": "-444,445,000", "Invested Capital": "4,312,432,000", "Tangible Book Value": "1,909,706,000", "Total Debt": "1,345,066,000", "Net Debt": "-", "Share Issued": "1,266,552", "Ordinary Shares Number": "1,265,425", "Treasury Shares Number": "1,127"}}}}, {"KODK": {"quote": {"03/19/2021": {"value": "8.32", "Market Cap": "653.149M", "Beta (5Y Monthly)": "5.48", "PE Ratio (TTM)": "N/A", "EPS (TTM)": "-9.77", "Earnings Date": "May 10, 2021 - May 14, 2021", "Forward Dividend & Yield": "N/A (N/A)", "Ex-Dividend Date": "N/A", "1y Target Est": "1.00"}}, "fin": {"TTM": {"Duration": "TTM", "Total Revenue": "1,029,000", "Cost of Revenue": "894,000", "Gross Profit": "135,000", "Operating Expense": "199,000", "Operating Income": "-64,000", "Net Non Operating Interest Income Expense": "-12,000", "Other Income Expense": "-300,000", "Pretax Income": "-376,000", "Tax Provision": "168,000", "Earnings from Equity Interest Net of Tax": "-", "Net Income Common Stockholders": "-561,000", "Diluted NI Available to Com Stockholders": "-561,000", "Basic EPS": "-", "Diluted EPS": "-", "Basic Average Shares": "-", "Diluted Average Shares": "-", "Total Operating Income as Reported": "-74,000", "Total Expenses": "1,093,000", "Net Income from Continuing & Discontinued Operation": "-541,000", "Normalized Income": "-252,730", "Interest Income": "-", "Interest Expense": "12,000", "Net Interest Income": "-12,000", "EBIT": "-364,000", "EBITDA": "-327,000", "Reconciled Cost of Revenue": "894,000", "Reconciled Depreciation": "37,000", "Net Income from Continuing Operation Net Minority Interest": "-544,000", "Total Unusual Items Excluding Goodwill": "-399,000", "Total Unusual Items": "-399,000", "Normalized EBITDA": "72,000", "Tax Rate for Calcs": "0", "Tax Effect of Unusual Items": "-107,730"}, "12/31/2020": {"Duration": "12/31/2020", "Total Revenue": "1,029,000", "Cost of Revenue": "894,000", "Gross Profit": "135,000", "Operating Expense": "199,000", "Operating Income": "-64,000", "Net Non Operating Interest Income Expense": "-12,000", "Other Income Expense": "-300,000", "Pretax Income": "-376,000", "Tax Provision": "168,000", "Earnings from Equity Interest Net of Tax": "-", "Net Income Common Stockholders": "-561,000", "Diluted NI Available to Com Stockholders": "-561,000", "Basic EPS": "-", "Diluted EPS": "-", "Basic Average Shares": "-", "Diluted Average Shares": "-", "Total Operating Income as Reported": "-74,000", "Total Expenses": "1,093,000", "Net Income from Continuing & Discontinued Operation": "-541,000", "Normalized Income": "-252,730", "Interest Income": "-", "Interest Expense": "12,000", "Net Interest Income": "-12,000", "EBIT": "-364,000", "EBITDA": "-", "Reconciled Cost of Revenue": "894,000", "Reconciled Depreciation": "37,000", "Net Income from Continuing Operation Net Minority Interest": "-544,000", "Total Unusual Items Excluding Goodwill": "-399,000", "Total Unusual Items": "-399,000", "Normalized EBITDA": "72,000", "Tax Rate for Calcs": "0", "Tax Effect of Unusual Items": "-107,730"}, "12/31/2019": {"Duration": "12/31/2019", "Total Revenue": "1,242,000", "Cost of Revenue": "1,060,000", "Gross Profit": "182,000", "Operating Expense": "248,000", "Operating Income": "-66,000", "Net Non Operating Interest Income Expense": "-16,000", "Other Income Expense": "22,000", "Pretax Income": "-60,000", "Tax Provision": "31,000", "Earnings from Equity Interest Net of Tax": "-", "Net Income Common Stockholders": "96,000", "Diluted NI Available to Com Stockholders": "96,000", "Basic EPS": "2.23", "Diluted EPS": "2.23", "Basic Average Shares": "43,000", "Diluted Average Shares": "43,000", "Total Operating Income as Reported": "-", "Total Expenses": "1,308,000", "Net Income from Continuing & Discontinued Operation": "116,000", "Normalized Income": "-31,870", "Interest Income": "-", "Interest Expense": "16,000", "Net Interest Income": "-16,000", "EBIT": "-44,000", "EBITDA": "-", "Reconciled Cost of Revenue": "1,060,000", "Reconciled Depreciation": "55,000", "Net Income from Continuing Operation Net Minority Interest": "-91,000", "Total Unusual Items Excluding Goodwill": "-81,000", "Total Unusual Items": "-81,000", "Normalized EBITDA": "92,000", "Tax Rate for Calcs": "0", "Tax Effect of Unusual Items": "-21,870"}, "12/31/2018": {"Duration": "12/31/2018", "Total Revenue": "1,325,000", "Cost of Revenue": "1,144,000", "Gross Profit": "181,000", "Operating Expense": "282,000", "Operating Income": "-101,000", "Net Non Operating Interest Income Expense": "-9,000", "Other Income Expense": "97,000", "Pretax Income": "-13,000", "Tax Provision": "-4,000", "Earnings from Equity Interest Net of Tax": "0", "Net Income Common Stockholders": "-36,000", "Diluted NI Available to Com Stockholders": "-36,000", "Basic EPS": "-0.84", "Diluted EPS": "-0.84", "Basic Average Shares": "42,700", "Diluted Average Shares": "42,700", "Total Operating Income as Reported": "-", "Total Expenses": "1,426,000", "Net Income from Continuing & Discontinued Operation": "-16,000", "Normalized Income": "13,846", "Interest Income": "0", "Interest Expense": "9,000", "Net Interest Income": "-9,000", "EBIT": "-4,000", "EBITDA": "-", "Reconciled Cost of Revenue": "1,144,000", "Reconciled Depreciation": "73,000", "Net Income from Continuing Operation Net Minority Interest": "-9,000", "Total Unusual Items Excluding Goodwill": "-33,000", "Total Unusual Items": "-33,000", "Normalized EBITDA": "102,000", "Tax Rate for Calcs": "0", "Tax Effect of Unusual Items": "-10,154"}}, "bs": {"12/31/2020": {"Duration": "12/31/2020", "Total Assets": "1,248,000", "Total Liabilities Net Minority Interest": "980,000", "Total Equity Gross Minority Interest": "268,000", "Total Capitalization": "282,000", "Preferred Stock Equity": "191,000", "Common Stock Equity": "77,000", "Capital Lease Obligations": "65,000", "Net Tangible Assets": "217,000", "Working Capital": "331,000", "Invested Capital": "92,000", "Tangible Book Value": "26,000", "Total Debt": "80,000", "Net Debt": "-", "Share Issued": "77,900", "Ordinary Shares Number": "77,200", "Treasury Shares Number": "700"}, "12/31/2019": {"Duration": "12/31/2019", "Total Assets": "1,415,000", "Total Liabilities Net Minority Interest": "1,134,000", "Total Equity Gross Minority Interest": "281,000", "Total Capitalization": "386,000", "Preferred Stock Equity": "182,000", "Common Stock Equity": "99,000", "Capital Lease Obligations": "65,000", "Net Tangible Assets": "222,000", "Working Capital": "338,000", "Invested Capital": "205,000", "Tangible Book Value": "40,000", "Total Debt": "171,000", "Net Debt": "-", "Share Issued": "43,900", "Ordinary Shares Number": "43,200", "Treasury Shares Number": "700"}, "12/31/2018": {"Duration": "12/31/2018", "Total Assets": "1,511,000", "Total Liabilities Net Minority Interest": "1,341,000", "Total Equity Gross Minority Interest": "170,000", "Total Capitalization": "172,000", "Preferred Stock Equity": "173,000", "Common Stock Equity": "-3,000", "Capital Lease Obligations": "5,000", "Net Tangible Assets": "98,000", "Working Capital": "100,000", "Invested Capital": "393,000", "Tangible Book Value": "-75,000", "Total Debt": "401,000", "Net Debt": "150,000", "Share Issued": "43,400", "Ordinary Shares Number": "42,800", "Treasury Shares Number": "600"}}, "cf": {"TTM": {"Duration": "TTM", "Operating Cash Flow": "-35,000", "Investing Cash Flow": "-13,000", "Financing Cash Flow": "10,000", "End Cash Position": "256,000", "Income Tax Paid Supplemental Data": "8,000", "Interest Paid Supplemental Data": "8,000", "Capital Expenditure": "-17,000", "Issuance of Capital Stock": "-", "Issuance of Debt": "0", "Repayment of Debt": "-1,000", "Repurchase of Capital Stock": "-", "Free Cash Flow": "-52,000"}, "12/31/2019": {"Duration": "12/31/2019", "Operating Cash Flow": "12,000", "Investing Cash Flow": "311,000", "Financing Cash Flow": "-298,000", "End Cash Position": "290,000", "Income Tax Paid Supplemental Data": "-", "Interest Paid Supplemental Data": "-", "Capital Expenditure": "-15,000", "Issuance of Capital Stock": "-", "Issuance of Debt": "112,000", "Repayment of Debt": "-397,000", "Repurchase of Capital Stock": "-", "Free Cash Flow": "-3,000"}, "12/31/2018": {"Duration": "12/31/2018", "Operating Cash Flow": "-62,000", "Investing Cash Flow": "-22,000", "Financing Cash Flow": "-11,000", "End Cash Position": "267,000", "Income Tax Paid Supplemental Data": "-", "Interest Paid Supplemental Data": "28,000", "Capital Expenditure": "-33,000", "Issuance of Capital Stock": "-", "Issuance of Debt": "-", "Repayment of Debt": "-3,000", "Repurchase of Capital Stock": "0", "Free Cash Flow": "-95,000"}, "12/31/2020": {"Duration": "12/31/2020", "Operating Cash Flow": "-35,000", "Investing Cash Flow": "-13,000", "Financing Cash Flow": "10,000", "End Cash Position": "256,000", "Income Tax Paid Supplemental Data": "8,000", "Interest Paid Supplemental Data": "8,000", "Capital Expenditure": "-17,000", "Issuance of Capital Stock": "-", "Issuance of Debt": "0", "Repayment of Debt": "-1,000", "Repurchase of Capital Stock": "-", "Free Cash Flow": "-52,000"}}}}, {"WATT": {"quote": {"03/19/2021": {"value": "4.1000", "Market Cap": "251.299M", "Beta (5Y Monthly)": "3.53", "PE Ratio (TTM)": "N/A", "EPS (TTM)": "-0.7640", "Earnings Date": "Feb 25, 2021", "Forward Dividend & Yield": "N/A (N/A)", "Ex-Dividend Date": "N/A", "1y Target Est": "6.50"}}, "fin": {"TTM": {"Duration": "TTM", "Total Revenue": "327.35", "Cost of Revenue": "126.539", "Gross Profit": "200.811", "Operating Expense": "32,100", "Operating Income": "-31,899", "Net Non Operating Interest Income Expense": "71.212", "Other Income Expense": "-4.134", "Pretax Income": "-31,832", "Net Income Common Stockholders": "-31,832", "Diluted NI Available to Com Stockholders": "-31,832", "Basic EPS": "-", "Diluted EPS": "-", "Basic Average Shares": "-", "Diluted Average Shares": "-", "Total Operating Income as Reported": "-31,899", "Total Expenses": "32,227", "Net Income from Continuing & Discontinued Operation": "-31,832", "Normalized Income": "-31,828", "Interest Income": "71.212", "Net Interest Income": "71.212", "EBIT": "-31,899", "EBITDA": "-31,899", "Reconciled Cost of Revenue": "126.539", "Reconciled Depreciation": "886.272", "Net Income from Continuing Operation Net Minority Interest": "-31,832", "Total Unusual Items Excluding Goodwill": "-4.134", "Total Unusual Items": "-4.134", "Normalized EBITDA": "-31,895", "Tax Rate for Calcs": "0", "Tax Effect of Unusual Items": "0"}, "12/31/2020": {"Duration": "12/31/2020", "Total Revenue": "327.35", "Cost of Revenue": "126.539", "Gross Profit": "200.811", "Operating Expense": "32,100", "Operating Income": "-31,899", "Net Non Operating Interest Income Expense": "71.212", "Other Income Expense": "-4.134", "Pretax Income": "-31,832", "Net Income Common Stockholders": "-31,832", "Diluted NI Available to Com Stockholders": "-31,832", "Basic EPS": "-0.76", "Diluted EPS": "-0.76", "Basic Average Shares": "41,640", "Diluted Average Shares": "41,640", "Total Operating Income as Reported": "-31,899", "Total Expenses": "32,227", "Net Income from Continuing & Discontinued Operation": "-31,832", "Normalized Income": "-31,828", "Interest Income": "71.212", "Net Interest Income": "71.212", "EBIT": "-31,899", "EBITDA": "-", "Reconciled Cost of Revenue": "126.539", "Reconciled Depreciation": "-", "Net Income from Continuing Operation Net Minority Interest": "-31,832", "Total Unusual Items Excluding Goodwill": "-4.134", "Total Unusual Items": "-4.134", "Normalized EBITDA": "-31,895", "Tax Rate for Calcs": "0", "Tax Effect of Unusual Items": "0"}, "12/31/2019": {"Duration": "12/31/2019", "Total Revenue": "200.143", "Cost of Revenue": "-", "Gross Profit": "-", "Operating Expense": "39,008", "Operating Income": "-38,808", "Net Non Operating Interest Income Expense": "416.274", "Other Income Expense": "-7.463", "Pretax Income": "-38,399", "Net Income Common Stockholders": "-38,399", "Diluted NI Available to Com Stockholders": "-38,399", "Basic EPS": "-1.27", "Diluted EPS": "-1.27", "Basic Average Shares": "30,263", "Diluted Average Shares": "30,263", "Total Operating Income as Reported": "-38,808", "Total Expenses": "39,008", "Net Income from Continuing & Discontinued Operation": "-38,399", "Normalized Income": "-38,392", "Interest Income": "416.274", "Net Interest Income": "416.274", "EBIT": "-38,808", "EBITDA": "-", "Reconciled Cost of Revenue": "-", "Reconciled Depreciation": "781.228", "Net Income from Continuing Operation Net Minority Interest": "-38,399", "Total Unusual Items Excluding Goodwill": "-7.463", "Total Unusual Items": "-7.463", "Normalized EBITDA": "-38,019", "Tax Rate for Calcs": "0", "Tax Effect of Unusual Items": "0"}, "12/31/2018": {"Duration": "12/31/2018", "Total Revenue": "514.823", "Cost of Revenue": "-", "Gross Profit": "-", "Operating Expense": "51,444", "Operating Income": "-50,929", "Net Non Operating Interest Income Expense": "89.288", "Other Income Expense": "-", "Pretax Income": "-50,840", "Net Income Common Stockholders": "-50,840", "Diluted NI Available to Com Stockholders": "-50,840", "Basic EPS": "-1.99", "Diluted EPS": "-1.99", "Basic Average Shares": "25,486", "Diluted Average Shares": "25,486", "Total Operating Income as Reported": "-50,929", "Total Expenses": "51,444", "Net Income from Continuing & Discontinued Operation": "-50,840", "Normalized Income": "-50,840", "Interest Income": "89.288", "Net Interest Income": "89.288", "EBIT": "-50,929", "EBITDA": "-", "Reconciled Cost of Revenue": "-", "Reconciled Depreciation": "1,055", "Net Income from Continuing Operation Net Minority Interest": "-50,840", "Total Unusual Items Excluding Goodwill": "0", "Total Unusual Items": "0", "Normalized EBITDA": "-49,875", "Tax Rate for Calcs": "0", "Tax Effect of Unusual Items": "0"}}, "bs": {"12/31/2020": {"Duration": "12/31/2020", "Total Assets": "53,140", "Total Liabilities Net Minority Interest": "4,087", "Total Equity Gross Minority Interest": "49,053", "Total Capitalization": "49,053", "Common Stock Equity": "49,053", "Capital Lease Obligations": "1,402", "Net Tangible Assets": "49,053", "Working Capital": "47,932", "Invested Capital": "49,053", "Tangible Book Value": "49,053", "Total Debt": "1,402", "Share Issued": "44,547", "Ordinary Shares Number": "44,547"}, "12/31/2019": {"Duration": "12/31/2019", "Total Assets": "24,884", "Total Liabilities Net Minority Interest": "5,871", "Total Equity Gross Minority Interest": "19,013", "Total Capitalization": "19,013", "Common Stock Equity": "19,013", "Capital Lease Obligations": "2,124", "Net Tangible Assets": "19,013", "Working Capital": "17,729", "Invested Capital": "19,013", "Tangible Book Value": "19,013", "Total Debt": "2,124", "Share Issued": "33,204", "Ordinary Shares Number": "33,204"}, "12/31/2018": {"Duration": "12/31/2018", "Total Assets": "22,010", "Total Liabilities Net Minority Interest": "3,640", "Total Equity Gross Minority Interest": "18,370", "Total Capitalization": "18,370", "Common Stock Equity": "18,370", "Capital Lease Obligations": "-", "Net Tangible Assets": "18,370", "Working Capital": "17,149", "Invested Capital": "18,370", "Tangible Book Value": "18,370", "Total Debt": "-", "Share Issued": "26,526", "Ordinary Shares Number": "26,526"}}, "cf": {"TTM": {"Duration": "TTM", "Operating Cash Flow": "-25,413", "Investing Cash Flow": "-23.388", "Financing Cash Flow": "19,637", "End Cash Position": "23,409", "Capital Expenditure": "-481.961", "Issuance of Capital Stock": "19,281", "Repurchase of Capital Stock": "0", "Free Cash Flow": "-25,436"}, "12/31/2019": {"Duration": "12/31/2019", "Operating Cash Flow": "-26,621", "Investing Cash Flow": "-196.199", "Financing Cash Flow": "28,395", "End Cash Position": "21,684", "Capital Expenditure": "-196.199", "Issuance of Capital Stock": "27,877", "Repurchase of Capital Stock": "-339.366", "Free Cash Flow": "-26,817"}, "12/31/2018": {"Duration": "12/31/2018", "Operating Cash Flow": "-32,527", "Investing Cash Flow": "-859.819", "Financing Cash Flow": "40,698", "End Cash Position": "20,106", "Capital Expenditure": "-859.819", "Issuance of Capital Stock": "38,847", "Repurchase of Capital Stock": "-", "Free Cash Flow": "-33,387"}}}}, {"KOSS": {"quote": {"03/19/2021": {"value": "25.50", "Market Cap": "217.179M", "Beta (5Y Monthly)": "-2.47", "PE Ratio (TTM)": "271.28", "EPS (TTM)": "0.09", "Earnings Date": "Jan 28, 2021", "Forward Dividend & Yield": "N/A (N/A)", "Ex-Dividend Date": "Mar 27, 2014", "1y Target Est": "N/A"}}, "cf": {"TTM": {"Duration": "TTM", "Operating Cash Flow": "2,233", "Investing Cash Flow": "-663.377", "Financing Cash Flow": "595.618", "End Cash Position": "4,395", "Income Tax Paid Supplemental Data": "-", "Interest Paid Supplemental Data": "-", "Capital Expenditure": "-559.325", "Issuance of Debt": "-", "Free Cash Flow": "1,674"}, "6/30/2020": {"Duration": "6/30/2020", "Operating Cash Flow": "1,802", "Investing Cash Flow": "-537.275", "Financing Cash Flow": "506.7", "End Cash Position": "3,999", "Income Tax Paid Supplemental Data": "-", "Interest Paid Supplemental Data": "-", "Capital Expenditure": "-424.159", "Issuance of Debt": "506.7", "Free Cash Flow": "1,378"}, "6/30/2019": {"Duration": "6/30/2019", "Operating Cash Flow": "1,411", "Investing Cash Flow": "-310.993", "Financing Cash Flow": "46.677", "End Cash Position": "2,228", "Income Tax Paid Supplemental Data": "1.62", "Interest Paid Supplemental Data": "0", "Capital Expenditure": "-187.756", "Issuance of Debt": "-", "Free Cash Flow": "1,223"}, "6/30/2018": {"Duration": "6/30/2018", "Operating Cash Flow": "1,031", "Investing Cash Flow": "-381.837", "Financing Cash Flow": "-", "End Cash Position": "1,082", "Income Tax Paid Supplemental Data": "3.182", "Interest Paid Supplemental Data": "5.218", "Capital Expenditure": "-250.618", "Issuance of Debt": "-", "Free Cash Flow": "780.469"}}, "bs": {"6/30/2020": {"Duration": "6/30/2020", "Total Assets": "22,580", "Total Liabilities Net Minority Interest": "7,424", "Total Equity Gross Minority Interest": "15,156", "Total Capitalization": "15,156", "Common Stock Equity": "15,156", "Capital Lease Obligations": "2,582", "Net Tangible Assets": "15,156", "Working Capital": "9,522", "Invested Capital": "15,663", "Tangible Book Value": "15,156", "Total Debt": "3,089", "Share Issued": "7,405", "Ordinary Shares Number": "7,405"}, "6/30/2019": {"Duration": "6/30/2019", "Total Assets": "23,235", "Total Liabilities Net Minority Interest": "8,163", "Total Equity Gross Minority Interest": "15,072", "Total Capitalization": "15,072", "Common Stock Equity": "15,072", "Capital Lease Obligations": "2,848", "Net Tangible Assets": "15,072", "Working Capital": "9,917", "Invested Capital": "15,072", "Tangible Book Value": "15,072", "Total Debt": "2,848", "Share Issued": "7,405", "Ordinary Shares Number": "7,405"}, "6/30/2018": {"Duration": "6/30/2018", "Total Assets": "19,676", "Total Liabilities Net Minority Interest": "5,158", "Total Equity Gross Minority Interest": "14,518", "Total Capitalization": "14,518", "Common Stock Equity": "14,518", "Capital Lease Obligations": "-", "Net Tangible Assets": "14,518", "Working Capital": "9,561", "Invested Capital": "14,518", "Tangible Book Value": "14,518", "Total Debt": "-", "Share Issued": "7,383", "Ordinary Shares Number": "7,383"}}, "fin": {"TTM": {"Duration": "TTM", "Total Revenue": "18,876", "Cost of Revenue": "12,671", "Gross Profit": "6,205", "Operating Expense": "6,017", "Operating Income": "188.251", "Net Non Operating Interest Income Expense": "7.47", "Other Income Expense": "-", "Pretax Income": "702.421", "Tax Provision": "5.737", "Net Income Common Stockholders": "696.684", "Diluted NI Available to Com Stockholders": "696.684", "Basic EPS": "-", "Diluted EPS": "-", "Basic Average Shares": "-", "Diluted Average Shares": "-", "Total Operating Income as Reported": "188.251", "Total Expenses": "18,688", "Net Income from Continuing & Discontinued Operation": "696.684", "Normalized Income": "696.684", "Interest Income": "7.47", "Interest Expense": "-", "Net Interest Income": "7.47", "EBIT": "188.251", "EBITDA": "483.301", "Reconciled Cost of Revenue": "12,671", "Reconciled Depreciation": "295.05", "Net Income from Continuing Operation Net Minority Interest": "696.684", "Total Unusual Items Excluding Goodwill": "-", "Total Unusual Items": "-", "Normalized EBITDA": "483.301", "Tax Rate for Calcs": "0", "Tax Effect of Unusual Items": "0"}, "6/30/2020": {"Duration": "6/30/2020", "Total Revenue": "18,312", "Cost of Revenue": "12,649", "Gross Profit": "5,663", "Operating Expense": "6,147", "Operating Income": "-484.042", "Net Non Operating Interest Income Expense": "20.185", "Other Income Expense": "-", "Pretax Income": "-463.857", "Tax Provision": "1.74", "Net Income Common Stockholders": "-465.597", "Diluted NI Available to Com Stockholders": "-465.597", "Basic EPS": "-0.06", "Diluted EPS": "-0.06", "Basic Average Shares": "7,405", "Diluted Average Shares": "7,405", "Total Operating Income as Reported": "-484.042", "Total Expenses": "18,796", "Net Income from Continuing & Discontinued Operation": "-465.597", "Normalized Income": "-465.597", "Interest Income": "20.185", "Interest Expense": "-", "Net Interest Income": "20.185", "EBIT": "-484.042", "EBITDA": "-", "Reconciled Cost of Revenue": "12,649", "Reconciled Depreciation": "330.629", "Net Income from Continuing Operation Net Minority Interest": "-465.597", "Total Unusual Items Excluding Goodwill": "-", "Total Unusual Items": "-", "Normalized EBITDA": "-153.413", "Tax Rate for Calcs": "0", "Tax Effect of Unusual Items": "0"}, "6/30/2019": {"Duration": "6/30/2019", "Total Revenue": "21,842", "Cost of Revenue": "15,022", "Gross Profit": "6,820", "Operating Expense": "6,415", "Operating Income": "404.433", "Net Non Operating Interest Income Expense": "3.178", "Other Income Expense": "-", "Pretax Income": "407.611", "Tax Provision": "-26.503", "Net Income Common Stockholders": "434.114", "Diluted NI Available to Com Stockholders": "434.114", "Basic EPS": "0.06", "Diluted EPS": "0.06", "Basic Average Shares": "7,401", "Diluted Average Shares": "7,408", "Total Operating Income as Reported": "404.433", "Total Expenses": "21,438", "Net Income from Continuing & Discontinued Operation": "434.114", "Normalized Income": "434.114", "Interest Income": "3.178", "Interest Expense": "3.178", "Net Interest Income": "3.178", "EBIT": "404.433", "EBITDA": "-", "Reconciled Cost of Revenue": "15,022", "Reconciled Depreciation": "429.75", "Net Income from Continuing Operation Net Minority Interest": "434.114", "Total Unusual Items Excluding Goodwill": "-", "Total Unusual Items": "-", "Normalized EBITDA": "834.183", "Tax Rate for Calcs": "0", "Tax Effect of Unusual Items": "0"}, "6/30/2018": {"Duration": "6/30/2018", "Total Revenue": "23,515", "Cost of Revenue": "16,933", "Gross Profit": "6,582", "Operating Expense": "6,939", "Operating Income": "-356.911", "Net Non Operating Interest Income Expense": "-5.218", "Other Income Expense": "18.765", "Pretax Income": "-343.364", "Tax Provision": "3,043", "Net Income Common Stockholders": "-3,386", "Diluted NI Available to Com Stockholders": "-3,386", "Basic EPS": "-0.46", "Diluted EPS": "-0.46", "Basic Average Shares": "7,361", "Diluted Average Shares": "7,361", "Total Operating Income as Reported": "-", "Total Expenses": "23,872", "Net Income from Continuing & Discontinued Operation": "-3,386", "Normalized Income": "-3,400", "Interest Income": "-", "Interest Expense": "5.218", "Net Interest Income": "-5.218", "EBIT": "-338.146", "EBITDA": "-", "Reconciled Cost of Revenue": "16,933", "Reconciled Depreciation": "526.261", "Net Income from Continuing Operation Net Minority Interest": "-3,386", "Total Unusual Items Excluding Goodwill": "18.765", "Total Unusual Items": "18.765", "Normalized EBITDA": "169.35", "Tax Rate for Calcs": "0", "Tax Effect of Unusual Items": "5.0666"}}}}, {"MSN": {"quote": {"03/19/2021": {"value": "1.6500", "Market Cap": "34.72M", "Beta (5Y Monthly)": "0.37", "PE Ratio (TTM)": "N/A", "EPS (TTM)": "-0.2130", "Earnings Date": "Feb 16, 2021", "Forward Dividend & Yield": "N/A (N/A)", "Ex-Dividend Date": "Sep 10, 2014", "1y Target Est": "N/A"}}, "fin": {"TTM": {"Duration": "TTM", "Total Revenue": "7,049", "Cost of Revenue": "7,094", "Gross Profit": "-45", "Operating Expense": "4,250", "Operating Income": "-4,295", "Net Non Operating Interest Income Expense": "266", "Pretax Income": "-4,029", "Tax Provision": "453", "Net Income Common Stockholders": "-4,482", "Diluted NI Available to Com Stockholders": "-4,482", "Basic EPS": "-", "Diluted EPS": "-", "Basic Average Shares": "-", "Diluted Average Shares": "-", "Total Operating Income as Reported": "-4,378", "Total Expenses": "11,344", "Net Income from Continuing & Discontinued Operation": "-4,482", "Normalized Income": "-4,482", "Interest Income": "266", "Interest Expense": "0", "Net Interest Income": "266", "EBIT": "-3,519", "EBITDA": "-3,348", "Reconciled Cost of Revenue": "7,094", "Reconciled Depreciation": "171", "Net Income from Continuing Operation Net Minority Interest": "-4,482", "Normalized EBITDA": "-3,348", "Tax Rate for Calcs": "0", "Tax Effect of Unusual Items": "0"}, "3/31/2020": {"Duration": "3/31/2020", "Total Revenue": "6,293", "Cost of Revenue": "6,755", "Gross Profit": "-462", "Operating Expense": "4,164", "Operating Income": "-4,626", "Net Non Operating Interest Income Expense": "776", "Pretax Income": "-3,850", "Tax Provision": "457", "Net Income Common Stockholders": "-4,307", "Diluted NI Available to Com Stockholders": "-4,307", "Basic EPS": "-0.20", "Diluted EPS": "-0.20", "Basic Average Shares": "21,043", "Diluted Average Shares": "21,043", "Total Operating Income as Reported": "-4,626", "Total Expenses": "10,919", "Net Income from Continuing & Discontinued Operation": "-4,307", "Normalized Income": "-4,307", "Interest Income": "776", "Interest Expense": "0", "Net Interest Income": "776", "EBIT": "-3,850", "EBITDA": "-", "Reconciled Cost of Revenue": "6,755", "Reconciled Depreciation": "35", "Net Income from Continuing Operation Net Minority Interest": "-4,307", "Normalized EBITDA": "-3,815", "Tax Rate for Calcs": "0", "Tax Effect of Unusual Items": "0"}, "3/31/2019": {"Duration": "3/31/2019", "Total Revenue": "8,982", "Cost of Revenue": "8,760", "Gross Profit": "222", "Operating Expense": "3,870", "Operating Income": "-3,648", "Net Non Operating Interest Income Expense": "859", "Pretax Income": "-2,789", "Tax Provision": "-352", "Net Income Common Stockholders": "-2,437", "Diluted NI Available to Com Stockholders": "-2,437", "Basic EPS": "-0.11", "Diluted EPS": "-0.11", "Basic Average Shares": "21,931", "Diluted Average Shares": "21,931", "Total Operating Income as Reported": "-3,648", "Total Expenses": "12,630", "Net Income from Continuing & Discontinued Operation": "-2,437", "Normalized Income": "-2,437", "Interest Income": "859", "Interest Expense": "0", "Net Interest Income": "859", "EBIT": "-2,789", "EBITDA": "-", "Reconciled Cost of Revenue": "8,760", "Reconciled Depreciation": "5", "Net Income from Continuing Operation Net Minority Interest": "-2,437", "Normalized EBITDA": "-2,784", "Tax Rate for Calcs": "0", "Tax Effect of Unusual Items": "0"}, "3/31/2018": {"Duration": "3/31/2018", "Total Revenue": "15,022", "Cost of Revenue": "13,921", "Gross Profit": "1,101", "Operating Expense": "4,983", "Operating Income": "-3,882", "Net Non Operating Interest Income Expense": "492", "Pretax Income": "-3,390", "Tax Provision": "3,461", "Net Income Common Stockholders": "-6,851", "Diluted NI Available to Com Stockholders": "-6,851", "Basic EPS": "-0.27", "Diluted EPS": "-0.27", "Basic Average Shares": "25,282", "Diluted Average Shares": "25,282", "Total Operating Income as Reported": "-3,882", "Total Expenses": "18,904", "Net Income from Continuing & Discontinued Operation": "-6,851", "Normalized Income": "-6,851", "Interest Income": "496", "Interest Expense": "4", "Net Interest Income": "492", "EBIT": "-3,386", "EBITDA": "-", "Reconciled Cost of Revenue": "13,921", "Reconciled Depreciation": "8", "Net Income from Continuing Operation Net Minority Interest": "-6,851", "Normalized EBITDA": "-3,378", "Tax Rate for Calcs": "0", "Tax Effect of Unusual Items": "0"}}, "bs": {"3/31/2020": {"Duration": "3/31/2020", "Total Assets": "37,901", "Total Liabilities Net Minority Interest": "3,480", "Total Equity Gross Minority Interest": "34,421", "Total Capitalization": "34,421", "Preferred Stock Equity": "3,310", "Common Stock Equity": "31,111", "Capital Lease Obligations": "480", "Net Tangible Assets": "34,421", "Working Capital": "36,147", "Invested Capital": "31,111", "Tangible Book Value": "31,111", "Total Debt": "480", "Share Issued": "52,966", "Ordinary Shares Number": "21,043", "Preferred Shares Number": "3.677", "Treasury Shares Number": "31,923"}, "3/31/2019": {"Duration": "3/31/2019", "Total Assets": "41,861", "Total Liabilities Net Minority Interest": "3,133", "Total Equity Gross Minority Interest": "38,728", "Total Capitalization": "38,728", "Preferred Stock Equity": "3,310", "Common Stock Equity": "35,418", "Capital Lease Obligations": "-", "Net Tangible Assets": "38,728", "Working Capital": "40,293", "Invested Capital": "35,418", "Tangible Book Value": "35,418", "Total Debt": "-", "Share Issued": "52,966", "Ordinary Shares Number": "21,043", "Preferred Shares Number": "3.677", "Treasury Shares Number": "31,923"}, "3/31/2018": {"Duration": "3/31/2018", "Total Assets": "47,757", "Total Liabilities Net Minority Interest": "3,974", "Total Equity Gross Minority Interest": "43,783", "Total Capitalization": "43,783", "Preferred Stock Equity": "3,310", "Common Stock Equity": "40,473", "Capital Lease Obligations": "-", "Net Tangible Assets": "43,783", "Working Capital": "45,961", "Invested Capital": "40,473", "Tangible Book Value": "40,473", "Total Debt": "-", "Share Issued": "52,966", "Ordinary Shares Number": "22,799", "Preferred Shares Number": "3.677", "Treasury Shares Number": "30,167"}}, "cf": {"TTM": {"Duration": "TTM", "Operating Cash Flow": "-4,153", "Investing Cash Flow": "27,964", "Financing Cash Flow": "204", "End Cash Position": "30,513", "Income Tax Paid Supplemental Data": "197", "Interest Paid Supplemental Data": "6", "Capital Expenditure": "-", "Repurchase of Capital Stock": "0", "Free Cash Flow": "-4,153"}, "3/31/2020": {"Duration": "3/31/2020", "Operating Cash Flow": "-1,911", "Investing Cash Flow": "270", "Financing Cash Flow": "0", "End Cash Position": "6,276", "Income Tax Paid Supplemental Data": "199", "Interest Paid Supplemental Data": "0", "Capital Expenditure": "-", "Repurchase of Capital Stock": "0", "Free Cash Flow": "-1,911"}, "3/31/2019": {"Duration": "3/31/2019", "Operating Cash Flow": "-2,190", "Investing Cash Flow": "-12,371", "Financing Cash Flow": "-2,618", "End Cash Position": "7,917", "Income Tax Paid Supplemental Data": "277", "Interest Paid Supplemental Data": "0", "Capital Expenditure": "-", "Repurchase of Capital Stock": "-2,618", "Free Cash Flow": "-2,190"}, "3/31/2018": {"Duration": "3/31/2018", "Operating Cash Flow": "-5,156", "Investing Cash Flow": "9,074", "Financing Cash Flow": "-6,293", "End Cash Position": "25,096", "Income Tax Paid Supplemental Data": "320", "Interest Paid Supplemental Data": "4", "Capital Expenditure": "-4", "Repurchase of Capital Stock": "-6,293", "Free Cash Flow": "-5,160"}}}}, {"VUZI": {"quote": {"03/19/2021": {"value": "28.81", "Market Cap": "1.668B", "Beta (5Y Monthly)": "2.34", "PE Ratio (TTM)": "N/A", "EPS (TTM)": "-0.52", "Earnings Date": "Mar 15, 2021", "Forward Dividend & Yield": "N/A (N/A)", "Ex-Dividend Date": "N/A", "1y Target Est": "31.67"}}, "fin": {"TTM": {"Duration": "TTM", "Total Revenue": "11,581", "Cost of Revenue": "9,654", "Gross Profit": "1,928", "Operating Expense": "21,085", "Operating Income": "-19,158", "Net Non Operating Interest Income Expense": "0", "Other Income Expense": "1,206", "Pretax Income": "-17,952", "Tax Provision": "0", "Net Income Common Stockholders": "-20,008", "Diluted NI Available to Com Stockholders": "-20,008", "Basic EPS": "-", "Diluted EPS": "-", "Basic Average Shares": "-", "Diluted Average Shares": "-", "Total Operating Income as Reported": "-19,127", "Total Expenses": "30,739", "Net Income from Continuing & Discontinued Operation": "-17,952", "Normalized Income": "-19,158", "Interest Expense": "0", "Net Interest Income": "0", "EBIT": "-17,952", "EBITDA": "-15,310", "Reconciled Cost of Revenue": "9,471", "Reconciled Depreciation": "2,642", "Net Income from Continuing Operation Net Minority Interest": "-17,952", "Total Unusual Items Excluding Goodwill": "1,206", "Total Unusual Items": "1,206", "Normalized EBITDA": "-16,516", "Tax Rate for Calcs": "0", "Tax Effect of Unusual Items": "0"}, "12/31/2020": {"Duration": "12/31/2020", "Total Revenue": "11,581", "Cost of Revenue": "9,654", "Gross Profit": "1,928", "Operating Expense": "21,085", "Operating Income": "-19,158", "Net Non Operating Interest Income Expense": "0", "Other Income Expense": "1,206", "Pretax Income": "-17,952", "Tax Provision": "0", "Net Income Common Stockholders": "-20,008", "Diluted NI Available to Com Stockholders": "-20,008", "Basic EPS": "-0.53", "Diluted EPS": "-0.53", "Basic Average Shares": "33,872", "Diluted Average Shares": "33,872", "Total Operating Income as Reported": "-19,127", "Total Expenses": "30,739", "Net Income from Continuing & Discontinued Operation": "-17,952", "Normalized Income": "-19,158", "Interest Expense": "0", "Net Interest Income": "0", "EBIT": "-17,952", "EBITDA": "-", "Reconciled Cost of Revenue": "9,471", "Reconciled Depreciation": "2,642", "Net Income from Continuing Operation Net Minority Interest": "-17,952", "Total Unusual Items Excluding Goodwill": "1,206", "Total Unusual Items": "1,206", "Normalized EBITDA": "-16,516", "Tax Rate for Calcs": "0", "Tax Effect of Unusual Items": "0"}, "12/31/2019": {"Duration": "12/31/2019", "Total Revenue": "6,671", "Cost of Revenue": "11,079", "Gross Profit": "-4,408", "Operating Expense": "22,268", "Operating Income": "-26,677", "Net Non Operating Interest Income Expense": "0", "Other Income Expense": "200.141", "Pretax Income": "-26,476", "Tax Provision": "0", "Net Income Common Stockholders": "-28,408", "Diluted NI Available to Com Stockholders": "-28,408", "Basic EPS": "-0.94", "Diluted EPS": "-0.94", "Basic Average Shares": "28,166", "Diluted Average Shares": "28,166", "Total Operating Income as Reported": "-26,566", "Total Expenses": "33,347", "Net Income from Continuing & Discontinued Operation": "-26,476", "Normalized Income": "-26,677", "Interest Expense": "0", "Net Interest Income": "0", "EBIT": "-26,476", "EBITDA": "-", "Reconciled Cost of Revenue": "11,079", "Reconciled Depreciation": "2,442", "Net Income from Continuing Operation Net Minority Interest": "-26,476", "Total Unusual Items Excluding Goodwill": "200.141", "Total Unusual Items": "200.141", "Normalized EBITDA": "-24,235", "Tax Rate for Calcs": "0", "Tax Effect of Unusual Items": "0"}, "12/31/2018": {"Duration": "12/31/2018", "Total Revenue": "8,094", "Cost of Revenue": "6,326", "Gross Profit": "1,768", "Operating Expense": "23,702", "Operating Income": "-21,934", "Net Non Operating Interest Income Expense": "-19.332", "Other Income Expense": "77.523", "Pretax Income": "-21,876", "Tax Provision": "0", "Net Income Common Stockholders": "-23,696", "Diluted NI Available to Com Stockholders": "-23,696", "Basic EPS": "-0.87", "Diluted EPS": "-0.87", "Basic Average Shares": "25,144", "Diluted Average Shares": "25,144", "Total Operating Income as Reported": "-21,861", "Total Expenses": "30,028", "Net Income from Continuing & Discontinued Operation": "-21,876", "Normalized Income": "-21,953", "Interest Expense": "19.332", "Net Interest Income": "-19.332", "EBIT": "-21,856", "EBITDA": "-", "Reconciled Cost of Revenue": "6,130", "Reconciled Depreciation": "1,666", "Net Income from Continuing Operation Net Minority Interest": "-21,876", "Total Unusual Items Excluding Goodwill": "77.523", "Total Unusual Items": "77.523", "Normalized EBITDA": "-20,268", "Tax Rate for Calcs": "0", "Tax Effect of Unusual Items": "0"}}, "bs": {"12/31/2020": {"Duration": "12/31/2020", "Total Assets": "52,471", "Total Liabilities Net Minority Interest": "4,168", "Total Equity Gross Minority Interest": "48,303", "Total Capitalization": "48,303", "Preferred Stock Equity": "0.05", "Common Stock Equity": "48,303", "Capital Lease Obligations": "1,517", "Net Tangible Assets": "45,492", "Working Capital": "41,960", "Invested Capital": "48,303", "Tangible Book Value": "45,492", "Total Debt": "1,517", "Share Issued": "45,645", "Ordinary Shares Number": "45,645", "Preferred Shares Number": "49.626"}, "12/31/2019": {"Duration": "12/31/2019", "Total Assets": "28,446", "Total Liabilities Net Minority Interest": "4,206", "Total Equity Gross Minority Interest": "24,240", "Total Capitalization": "24,240", "Preferred Stock Equity": "0.05", "Common Stock Equity": "24,240", "Capital Lease Obligations": "2,096", "Net Tangible Assets": "21,541", "Working Capital": "16,439", "Invested Capital": "24,240", "Tangible Book Value": "21,541", "Total Debt": "2,096", "Share Issued": "33,129", "Ordinary Shares Number": "33,129", "Preferred Shares Number": "49.626"}, "12/31/2018": {"Duration": "12/31/2018", "Total Assets": "35,134", "Total Liabilities Net Minority Interest": "4,677", "Total Equity Gross Minority Interest": "30,457", "Total Capitalization": "30,457", "Preferred Stock Equity": "0.05", "Common Stock Equity": "30,457", "Capital Lease Obligations": "-", "Net Tangible Assets": "27,257", "Working Capital": "22,706", "Invested Capital": "30,457", "Tangible Book Value": "27,257", "Total Debt": "-", "Share Issued": "27,592", "Ordinary Shares Number": "27,592", "Preferred Shares Number": "49.626"}}, "cf": {"TTM": {"Duration": "TTM", "Operating Cash Flow": "-13,964", "Investing Cash Flow": "-1,486", "Financing Cash Flow": "40,913", "End Cash Position": "36,070", "Interest Paid Supplemental Data": "-", "Capital Expenditure": "-1,486", "Issuance of Capital Stock": "25,199", "Issuance of Debt": "1,556", "Repayment of Debt": "-", "Free Cash Flow": "-15,450"}, "12/31/2020": {"Duration": "12/31/2020", "Operating Cash Flow": "-13,964", "Investing Cash Flow": "-1,486", "Financing Cash Flow": "40,913", "End Cash Position": "36,070", "Interest Paid Supplemental Data": "-", "Capital Expenditure": "-1,486", "Issuance of Capital Stock": "25,199", "Issuance of Debt": "1,556", "Repayment of Debt": "-", "Free Cash Flow": "-15,450"}, "12/31/2019": {"Duration": "12/31/2019", "Operating Cash Flow": "-22,355", "Investing Cash Flow": "-3,158", "Financing Cash Flow": "18,855", "End Cash Position": "10,606", "Interest Paid Supplemental Data": "0", "Capital Expenditure": "-2,908", "Issuance of Capital Stock": "20,000", "Issuance of Debt": "-", "Repayment of Debt": "-", "Free Cash Flow": "-25,263"}, "12/31/2018": {"Duration": "12/31/2018", "Operating Cash Flow": "-22,543", "Investing Cash Flow": "-3,148", "Financing Cash Flow": "28,064", "End Cash Position": "17,264", "Interest Paid Supplemental Data": "19.128", "Capital Expenditure": "-3,148", "Issuance of Capital Stock": "30,000", "Issuance of Debt": "-", "Repayment of Debt": "0", "Free Cash Flow": "-25,690"}}}}, {"UEIC": {"quote": {"03/19/2021": {"value": "58.25", "Market Cap": "804.351M", "Beta (5Y Monthly)": "1.30", "PE Ratio (TTM)": "21.42", "EPS (TTM)": "2.72", "Earnings Date": "Feb 18, 2021", "Forward Dividend & Yield": "N/A (N/A)", "Ex-Dividend Date": "N/A", "1y Target Est": "71.67"}}, "fin": {"TTM": {"Duration": "TTM", "Total Revenue": "614,680", "Cost of Revenue": "438,424", "Gross Profit": "176,256", "Operating Expense": "138,989", "Operating Income": "37,267", "Net Non Operating Interest Income Expense": "-1,422", "Other Income Expense": "8,060", "Pretax Income": "43,905", "Tax Provision": "5,333", "Net Income Common Stockholders": "38,572", "Diluted NI Available to Com Stockholders": "38,572", "Basic EPS": "-", "Diluted EPS": "-", "Basic Average Shares": "-", "Diluted Average Shares": "-", "Total Operating Income as Reported": "37,267", "Total Expenses": "577,413", "Net Income from Continuing & Discontinued Operation": "38,572", "Normalized Income": "30,258", "Net Interest Income": "-1,422", "EBIT": "37,267", "EBITDA": "67,002", "Reconciled Cost of Revenue": "438,424", "Reconciled Depreciation": "29,735", "Net Income from Continuing Operation Net Minority Interest": "38,572", "Total Unusual Items Excluding Goodwill": "9,464", "Total Unusual Items": "9,464", "Normalized EBITDA": "57,538", "Tax Rate for Calcs": "0", "Tax Effect of Unusual Items": "1,150"}, "12/31/2020": {"Duration": "12/31/2020", "Total Revenue": "614,680", "Cost of Revenue": "438,424", "Gross Profit": "176,256", "Operating Expense": "138,989", "Operating Income": "37,267", "Net Non Operating Interest Income Expense": "-1,422", "Other Income Expense": "8,060", "Pretax Income": "43,905", "Tax Provision": "5,333", "Net Income Common Stockholders": "38,572", "Diluted NI Available to Com Stockholders": "38,572", "Basic EPS": "2.78", "Diluted EPS": "2.72", "Basic Average Shares": "13,893", "Diluted Average Shares": "14,166", "Total Operating Income as Reported": "37,267", "Total Expenses": "577,413", "Net Income from Continuing & Discontinued Operation": "38,572", "Normalized Income": "31,998", "Net Interest Income": "-1,422", "EBIT": "37,267", "EBITDA": "-", "Reconciled Cost of Revenue": "438,424", "Reconciled Depreciation": "29,735", "Net Income from Continuing Operation Net Minority Interest": "38,572", "Total Unusual Items Excluding Goodwill": "7,479", "Total Unusual Items": "7,479", "Normalized EBITDA": "59,523", "Tax Rate for Calcs": "0", "Tax Effect of Unusual Items": "904.959"}, "12/31/2019": {"Duration": "12/31/2019", "Total Revenue": "753,477", "Cost of Revenue": "583,274", "Gross Profit": "170,203", "Operating Expense": "154,888", "Operating Income": "15,315", "Net Non Operating Interest Income Expense": "-3,918", "Other Income Expense": "-995", "Pretax Income": "10,402", "Tax Provision": "6,772", "Net Income Common Stockholders": "3,630", "Diluted NI Available to Com Stockholders": "3,630", "Basic EPS": "0.26", "Diluted EPS": "0.26", "Basic Average Shares": "13,879", "Diluted Average Shares": "14,109", "Total Operating Income as Reported": "15,315", "Total Expenses": "738,162", "Net Income from Continuing & Discontinued Operation": "3,630", "Normalized Income": "4,310", "Net Interest Income": "-3,918", "EBIT": "15,315", "EBITDA": "-", "Reconciled Cost of Revenue": "583,274", "Reconciled Depreciation": "31,926", "Net Income from Continuing Operation Net Minority Interest": "3,630", "Total Unusual Items Excluding Goodwill": "-932", "Total Unusual Items": "-932", "Normalized EBITDA": "48,173", "Tax Rate for Calcs": "0", "Tax Effect of Unusual Items": "-251.64"}, "12/31/2018": {"Duration": "12/31/2018", "Total Revenue": "680,241", "Cost of Revenue": "538,437", "Gross Profit": "141,804", "Operating Expense": "143,469", "Operating Income": "-1,665", "Net Non Operating Interest Income Expense": "-4,690", "Other Income Expense": "32,521", "Pretax Income": "26,166", "Tax Provision": "14,242", "Net Income Common Stockholders": "11,924", "Diluted NI Available to Com Stockholders": "11,924", "Basic EPS": "0.85", "Diluted EPS": "0.85", "Basic Average Shares": "13,948", "Diluted Average Shares": "14,060", "Total Operating Income as Reported": "-1,665", "Total Expenses": "681,906", "Net Income from Continuing & Discontinued Operation": "11,924", "Normalized Income": "-11,827", "Net Interest Income": "-4,690", "EBIT": "-1,665", "EBITDA": "-", "Reconciled Cost of Revenue": "538,437", "Reconciled Depreciation": "33,602", "Net Income from Continuing Operation Net Minority Interest": "11,924", "Total Unusual Items Excluding Goodwill": "32,536", "Total Unusual Items": "32,536", "Normalized EBITDA": "-599", "Tax Rate for Calcs": "0", "Tax Effect of Unusual Items": "8,785"}}, "bs": {"12/31/2020": {"Duration": "12/31/2020", "Total Assets": "510,290", "Total Liabilities Net Minority Interest": "196,989", "Total Equity Gross Minority Interest": "313,301", "Total Capitalization": "313,301", "Common Stock Equity": "313,301", "Capital Lease Obligations": "19,775", "Net Tangible Assets": "244,977", "Working Capital": "147,333", "Invested Capital": "333,301", "Tangible Book Value": "244,977", "Total Debt": "39,775", "Net Debt": "-", "Share Issued": "24,392", "Ordinary Shares Number": "13,774", "Treasury Shares Number": "10,618"}, "12/31/2019": {"Duration": "12/31/2019", "Total Assets": "564,159", "Total Liabilities Net Minority Interest": "289,760", "Total Equity Gross Minority Interest": "274,399", "Total Capitalization": "274,399", "Common Stock Equity": "274,399", "Capital Lease Obligations": "20,542", "Net Tangible Assets": "206,122", "Working Capital": "112,296", "Invested Capital": "342,399", "Tangible Book Value": "206,122", "Total Debt": "88,542", "Net Debt": "-", "Share Issued": "24,118", "Ordinary Shares Number": "13,944", "Treasury Shares Number": "10,174"}, "12/31/2018": {"Duration": "12/31/2018", "Total Assets": "555,596", "Total Liabilities Net Minority Interest": "292,636", "Total Equity Gross Minority Interest": "262,960", "Total Capitalization": "262,960", "Common Stock Equity": "262,960", "Capital Lease Obligations": "-", "Net Tangible Assets": "190,105", "Working Capital": "100,597", "Invested Capital": "364,460", "Tangible Book Value": "190,105", "Total Debt": "101,500", "Net Debt": "48,293", "Share Issued": "23,933", "Ordinary Shares Number": "13,816", "Treasury Shares Number": "10,116"}}, "cf": {"TTM": {"Duration": "TTM", "Operating Cash Flow": "73,392", "Investing Cash Flow": "-23,734", "Financing Cash Flow": "-65,964", "End Cash Position": "57,153", "Income Tax Paid Supplemental Data": "12,712", "Interest Paid Supplemental Data": "1,610", "Capital Expenditure": "-23,234", "Issuance of Debt": "75,000", "Repayment of Debt": "-123,000", "Repurchase of Capital Stock": "-17,678", "Free Cash Flow": "50,158"}, "12/31/2020": {"Duration": "12/31/2020", "Operating Cash Flow": "73,392", "Investing Cash Flow": "-23,734", "Financing Cash Flow": "-65,964", "End Cash Position": "57,153", "Income Tax Paid Supplemental Data": "12,712", "Interest Paid Supplemental Data": "1,610", "Capital Expenditure": "-23,234", "Issuance of Debt": "75,000", "Repayment of Debt": "-123,000", "Repurchase of Capital Stock": "-17,678", "Free Cash Flow": "50,158"}, "12/31/2019": {"Duration": "12/31/2019", "Operating Cash Flow": "85,257", "Investing Cash Flow": "-23,968", "Financing Cash Flow": "-39,231", "End Cash Position": "74,302", "Income Tax Paid Supplemental Data": "7,275", "Interest Paid Supplemental Data": "4,403", "Capital Expenditure": "-23,968", "Issuance of Debt": "72,500", "Repayment of Debt": "-106,000", "Repurchase of Capital Stock": "-1,928", "Free Cash Flow": "61,289"}, "12/31/2018": {"Duration": "12/31/2018", "Operating Cash Flow": "12,855", "Investing Cash Flow": "23,575", "Financing Cash Flow": "-53,318", "End Cash Position": "53,207", "Income Tax Paid Supplemental Data": "7,658", "Interest Paid Supplemental Data": "4,981", "Capital Expenditure": "-22,663", "Issuance of Debt": "68,000", "Repayment of Debt": "-104,500", "Repurchase of Capital Stock": "-13,824", "Free Cash Flow": "-9,808"}}}}, {"FN": {"quote": {"03/19/2021": {"value": "89.46", "Market Cap": "3.298B", "Beta (5Y Monthly)": "1.08", "PE Ratio (TTM)": "26.95", "EPS (TTM)": "3.32", "Earnings Date": "May 03, 2021 - May 07, 2021", "Forward Dividend & Yield": "N/A (N/A)", "Ex-Dividend Date": "N/A", "1y Target Est": "92.25"}}, "fin": {"TTM": {"Duration": "TTM", "Total Revenue": "1,706,789", "Cost of Revenue": "1,512,328", "Gross Profit": "194,461", "Operating Expense": "69,315", "Operating Income": "125,146", "Net Non Operating Interest Income Expense": "4,783", "Other Income Expense": "-980", "Pretax Income": "128,949", "Tax Provision": "4,223", "Net Income Common Stockholders": "124,726", "Diluted NI Available to Com Stockholders": "124,726", "Basic EPS": "-", "Diluted EPS": "-", "Basic Average Shares": "-", "Diluted Average Shares": "-", "Total Operating Income as Reported": "124,833", "Total Expenses": "1,581,643", "Net Income from Continuing & Discontinued Operation": "124,726", "Normalized Income": "126,248", "Interest Income": "5,769", "Interest Expense": "986", "Net Interest Income": "4,783", "EBIT": "129,935", "EBITDA": "163,181", "Reconciled Cost of Revenue": "1,512,328", "Reconciled Depreciation": "33,246", "Net Income from Continuing Operation Net Minority Interest": "124,726", "Total Unusual Items Excluding Goodwill": "-1,574", "Total Unusual Items": "-1,574", "Normalized EBITDA": "164,755", "Tax Rate for Calcs": "0", "Tax Effect of Unusual Items": "-51.5475"}, "6/30/2020": {"Duration": "6/30/2020", "Total Revenue": "1,641,836", "Cost of Revenue": "1,455,731", "Gross Profit": "186,105", "Operating Expense": "68,374", "Operating Income": "117,731", "Net Non Operating Interest Income Expense": "4,548", "Other Income Expense": "-3,037", "Pretax Income": "119,242", "Tax Provision": "5,763", "Net Income Common Stockholders": "113,479", "Diluted NI Available to Com Stockholders": "113,479", "Basic EPS": "3.07", "Diluted EPS": "3.01", "Basic Average Shares": "36,908", "Diluted Average Shares": "37,665", "Total Operating Income as Reported": "117,402", "Total Expenses": "1,524,105", "Net Income from Continuing & Discontinued Operation": "113,479", "Normalized Income": "117,436", "Interest Income": "7,592", "Interest Expense": "3,044", "Net Interest Income": "4,548", "EBIT": "122,286", "EBITDA": "-", "Reconciled Cost of Revenue": "1,455,731", "Reconciled Depreciation": "30,875", "Net Income from Continuing Operation Net Minority Interest": "113,479", "Total Unusual Items Excluding Goodwill": "-4,126", "Total Unusual Items": "-4,126", "Normalized EBITDA": "157,287", "Tax Rate for Calcs": "0", "Tax Effect of Unusual Items": "-169.166"}, "6/30/2019": {"Duration": "6/30/2019", "Total Revenue": "1,584,335", "Cost of Revenue": "1,405,111", "Gross Profit": "179,224", "Operating Expense": "55,067", "Operating Income": "124,157", "Net Non Operating Interest Income Expense": "1,318", "Other Income Expense": "758", "Pretax Income": "126,233", "Tax Provision": "5,278", "Net Income Common Stockholders": "120,955", "Diluted NI Available to Com Stockholders": "120,955", "Basic EPS": "3.29", "Diluted EPS": "3.23", "Basic Average Shares": "36,798", "Diluted Average Shares": "37,415", "Total Operating Income as Reported": "122,641", "Total Expenses": "1,460,178", "Net Income from Continuing & Discontinued Operation": "120,955", "Normalized Income": "121,060", "Interest Income": "6,699", "Interest Expense": "5,381", "Net Interest Income": "1,318", "EBIT": "131,614", "EBITDA": "-", "Reconciled Cost of Revenue": "1,405,111", "Reconciled Depreciation": "29,944", "Net Income from Continuing Operation Net Minority Interest": "120,955", "Total Unusual Items Excluding Goodwill": "-110", "Total Unusual Items": "-110", "Normalized EBITDA": "161,668", "Tax Rate for Calcs": "0", "Tax Effect of Unusual Items": "-5.06"}, "6/30/2018": {"Duration": "6/30/2018", "Total Revenue": "1,371,925", "Cost of Revenue": "1,218,513", "Gross Profit": "153,412", "Operating Expense": "57,812", "Operating Income": "95,600", "Net Non Operating Interest Income Expense": "319", "Other Income Expense": "-7,890", "Pretax Income": "88,029", "Tax Provision": "3,862", "Net Income Common Stockholders": "84,167", "Diluted NI Available to Com Stockholders": "84,167", "Basic EPS": "2.26", "Diluted EPS": "2.21", "Basic Average Shares": "37,257", "Diluted Average Shares": "38,035", "Total Operating Income as Reported": "93,824", "Total Expenses": "1,276,325", "Net Income from Continuing & Discontinued Operation": "84,167", "Normalized Income": "92,112", "Interest Income": "3,925", "Interest Expense": "3,606", "Net Interest Income": "319", "EBIT": "91,635", "EBITDA": "-", "Reconciled Cost of Revenue": "1,218,513", "Reconciled Depreciation": "29,087", "Net Income from Continuing Operation Net Minority Interest": "84,167", "Total Unusual Items Excluding Goodwill": "-8,363", "Total Unusual Items": "-8,363", "Normalized EBITDA": "129,085", "Tax Rate for Calcs": "0", "Tax Effect of Unusual Items": "-418.15"}}, "bs": {"6/30/2020": {"Duration": "6/30/2020", "Total Assets": "1,381,387", "Total Liabilities Net Minority Interest": "406,978", "Total Equity Gross Minority Interest": "974,409", "Total Capitalization": "1,013,923", "Common Stock Equity": "974,409", "Capital Lease Obligations": "7,852", "Net Tangible Assets": "970,097", "Working Capital": "797,310", "Invested Capital": "1,026,079", "Tangible Book Value": "970,097", "Total Debt": "59,522", "Share Issued": "38,472", "Ordinary Shares Number": "36,728", "Treasury Shares Number": "1,744"}, "6/30/2019": {"Duration": "6/30/2019", "Total Assets": "1,255,318", "Total Liabilities Net Minority Interest": "392,219", "Total Equity Gross Minority Interest": "863,099", "Total Capitalization": "920,787", "Common Stock Equity": "863,099", "Capital Lease Obligations": "500", "Net Tangible Assets": "855,507", "Working Capital": "710,787", "Invested Capital": "924,037", "Tangible Book Value": "855,507", "Total Debt": "61,438", "Share Issued": "38,231", "Ordinary Shares Number": "36,842", "Treasury Shares Number": "1,389"}, "6/30/2018": {"Duration": "6/30/2018", "Total Assets": "1,088,018", "Total Liabilities Net Minority Interest": "347,079", "Total Equity Gross Minority Interest": "740,939", "Total Capitalization": "801,877", "Common Stock Equity": "740,939", "Capital Lease Obligations": "967", "Net Tangible Assets": "732,231", "Working Capital": "584,193", "Invested Capital": "805,127", "Tangible Book Value": "732,231", "Total Debt": "65,155", "Share Issued": "37,724", "Ordinary Shares Number": "36,435", "Treasury Shares Number": "1,289"}}, "cf": {"TTM": {"Duration": "TTM", "Operating Cash Flow": "139,364", "Investing Cash Flow": "-89,863", "Financing Cash Flow": "-51,168", "End Cash Position": "226,038", "Income Tax Paid Supplemental Data": "8,466", "Interest Paid Supplemental Data": "1,688", "Capital Expenditure": "-51,252", "Issuance of Debt": "0", "Repayment of Debt": "-12,499", "Repurchase of Capital Stock": "-27,796", "Free Cash Flow": "88,112"}, "6/30/2020": {"Duration": "6/30/2020", "Operating Cash Flow": "150,660", "Investing Cash Flow": "-71,248", "Financing Cash Flow": "-35,305", "End Cash Position": "232,832", "Income Tax Paid Supplemental Data": "8,466", "Interest Paid Supplemental Data": "1,688", "Capital Expenditure": "-43,507", "Issuance of Debt": "60,938", "Repayment of Debt": "-70,479", "Repurchase of Capital Stock": "-20,722", "Free Cash Flow": "107,153"}, "6/30/2019": {"Duration": "6/30/2019", "Operating Cash Flow": "147,394", "Investing Cash Flow": "-98,067", "Financing Cash Flow": "-23,223", "End Cash Position": "188,241", "Income Tax Paid Supplemental Data": "7,637", "Interest Paid Supplemental Data": "2,605", "Capital Expenditure": "-18,943", "Issuance of Debt": "0", "Repayment of Debt": "-3,718", "Repurchase of Capital Stock": "-5,378", "Free Cash Flow": "128,451"}, "6/30/2018": {"Duration": "6/30/2018", "Operating Cash Flow": "138,080", "Investing Cash Flow": "-58,649", "Financing Cash Flow": "-54,106", "End Cash Position": "161,433", "Income Tax Paid Supplemental Data": "1,352", "Interest Paid Supplemental Data": "2,219", "Capital Expenditure": "-35,402", "Issuance of Debt": "5,000", "Repayment of Debt": "-12,632", "Repurchase of Capital Stock": "-42,401", "Free Cash Flow": "102,678"}}}}, {"SGOC": {"quote": {"03/19/2021": {"value": "2.2500", "Market Cap": "226.348M", "Beta (5Y Monthly)": "0.30", "PE Ratio (TTM)": "N/A", "EPS (TTM)": "-0.2330", "Earnings Date": "N/A", "Forward Dividend & Yield": "N/A (N/A)", "Ex-Dividend Date": "N/A", "1y Target Est": "N/A"}}, "fin": {"TTM": {"Duration": "TTM", "Total Revenue": "5,292", "Cost of Revenue": "5,366", "Gross Profit": "-74", "Operating Expense": "2,690", "Operating Income": "-2,764", "Net Non Operating Interest Income Expense": "-805", "Other Income Expense": "-39,278", "Pretax Income": "-42,847", "Tax Provision": "-5,133", "Net Income Common Stockholders": "-20,396", "Diluted NI Available to Com Stockholders": "-20,396", "Basic EPS": "-", "Diluted EPS": "-", "Basic Average Shares": "-", "Diluted Average Shares": "-", "Total Operating Income as Reported": "-42,273", "Total Expenses": "8,056", "Net Income from Continuing & Discontinued Operation": "-20,396", "Normalized Income": "14,335", "Interest Income": "-", "Interest Expense": "806", "Net Interest Income": "-805", "EBIT": "-42,041", "EBITDA": "-42,041", "Reconciled Cost of Revenue": "5,366", "Reconciled Depreciation": "-", "Net Income from Continuing Operation Net Minority Interest": "-20,396", "Total Unusual Items Excluding Goodwill": "-39,458", "Total Unusual Items": "-39,458", "Normalized EBITDA": "-2,583", "Tax Rate for Calcs": "0", "Tax Effect of Unusual Items": "-4,727"}, "12/31/2019": {"Duration": "12/31/2019", "Total Revenue": "5,525", "Cost of Revenue": "4,119", "Gross Profit": "1,406", "Operating Expense": "3,570", "Operating Income": "-2,164", "Net Non Operating Interest Income Expense": "-217", "Other Income Expense": "-39,311", "Pretax Income": "-41,692", "Tax Provision": "-4,640", "Net Income Common Stockholders": "-19,402", "Diluted NI Available to Com Stockholders": "-19,402", "Basic EPS": "-0.24", "Diluted EPS": "-0.24", "Basic Average Shares": "79,197", "Diluted Average Shares": "79,197", "Total Operating Income as Reported": "-41,673", "Total Expenses": "7,689", "Net Income from Continuing & Discontinued Operation": "-19,402", "Normalized Income": "15,696", "Interest Income": "1", "Interest Expense": "218", "Net Interest Income": "-217", "EBIT": "-41,474", "EBITDA": "-", "Reconciled Cost of Revenue": "4,119", "Reconciled Depreciation": "3,516", "Net Income from Continuing Operation Net Minority Interest": "-19,395", "Total Unusual Items Excluding Goodwill": "-39,473", "Total Unusual Items": "-39,473", "Normalized EBITDA": "1,515", "Tax Rate for Calcs": "0", "Tax Effect of Unusual Items": "-4,382"}, "12/31/2018": {"Duration": "12/31/2018", "Total Revenue": "1,580", "Cost of Revenue": "2,635", "Gross Profit": "-1,055", "Operating Expense": "2,548", "Operating Income": "-3,603", "Net Non Operating Interest Income Expense": "-198", "Other Income Expense": "-10,061", "Pretax Income": "-13,862", "Tax Provision": "-311", "Net Income Common Stockholders": "-12,372", "Diluted NI Available to Com Stockholders": "-12,372", "Basic EPS": "-0.35", "Diluted EPS": "-0.35", "Basic Average Shares": "35,081", "Diluted Average Shares": "35,081", "Total Operating Income as Reported": "-14,318", "Total Expenses": "5,183", "Net Income from Continuing & Discontinued Operation": "-12,372", "Normalized Income": "4,978", "Interest Income": "0", "Interest Expense": "198", "Net Interest Income": "-198", "EBIT": "-13,664", "EBITDA": "-", "Reconciled Cost of Revenue": "2,635", "Reconciled Depreciation": "2,383", "Net Income from Continuing Operation Net Minority Interest": "-4,859", "Total Unusual Items Excluding Goodwill": "-10,058", "Total Unusual Items": "-10,058", "Normalized EBITDA": "-1,223", "Tax Rate for Calcs": "0", "Tax Effect of Unusual Items": "-221.276"}}, "bs": {"12/31/2019": {"Duration": "12/31/2019", "Total Assets": "140,578", "Total Liabilities Net Minority Interest": "19,952", "Total Equity Gross Minority Interest": "120,626", "Total Capitalization": "126,830", "Common Stock Equity": "120,430", "Capital Lease Obligations": "97", "Net Tangible Assets": "114,147", "Working Capital": "40,735", "Invested Capital": "131,288", "Tangible Book Value": "114,147", "Total Debt": "10,955", "Net Debt": "5,697", "Share Issued": "80,027", "Ordinary Shares Number": "80,027"}, "12/31/2018": {"Duration": "12/31/2018", "Total Assets": "190,841", "Total Liabilities Net Minority Interest": "22,667", "Total Equity Gross Minority Interest": "168,174", "Total Capitalization": "138,429", "Common Stock Equity": "138,069", "Capital Lease Obligations": "-", "Net Tangible Assets": "94,686", "Working Capital": "66,514", "Invested Capital": "142,186", "Tangible Book Value": "94,686", "Total Debt": "4,117", "Net Debt": "-", "Share Issued": "75,507", "Ordinary Shares Number": "75,507"}}, "cf": {"TTM": {"Duration": "TTM", "Operating Cash Flow": "-", "Investing Cash Flow": "-", "Financing Cash Flow": "-", "End Cash Position": "-", "Income Tax Paid Supplemental Data": "-", "Interest Paid Supplemental Data": "-", "Capital Expenditure": "-", "Issuance of Capital Stock": "-", "Issuance of Debt": "-", "Repayment of Debt": "-", "Free Cash Flow": "-"}, "12/31/2019": {"Duration": "12/31/2019", "Operating Cash Flow": "3,115", "Investing Cash Flow": "-19,265", "Financing Cash Flow": "6,964", "End Cash Position": "5,161", "Income Tax Paid Supplemental Data": "130", "Interest Paid Supplemental Data": "106", "Capital Expenditure": "-697", "Issuance of Capital Stock": "0", "Issuance of Debt": "7,111", "Repayment of Debt": "-200", "Free Cash Flow": "2,418"}, "12/31/2018": {"Duration": "12/31/2018", "Operating Cash Flow": "-36,174", "Investing Cash Flow": "-10,402", "Financing Cash Flow": "56,146", "End Cash Position": "14,347", "Income Tax Paid Supplemental Data": "0", "Interest Paid Supplemental Data": "0", "Capital Expenditure": "-2,442", "Issuance of Capital Stock": "49,991", "Issuance of Debt": "5,980", "Repayment of Debt": "0", "Free Cash Flow": "-38,616"}}}}, {"PHG": {"quote": {"03/19/2021": {"value": "57.09", "Market Cap": "52.253B", "Beta (5Y Monthly)": "0.69", "PE Ratio (TTM)": "36.13", "EPS (TTM)": "1.58", "Earnings Date": "N/A", "Forward Dividend & Yield": "1.03 (1.84%)", "Ex-Dividend Date": "May 10, 2021", "1y Target Est": "60.75"}}, "fin": {"TTM": {"Duration": "TTM", "Total Revenue": "19,535,000", "Cost of Revenue": "10,754,000", "Gross Profit": "8,781,000", "Operating Expense": "7,120,000", "Operating Income": "1,661,000", "Net Non Operating Interest Income Expense": "-158,000", "Other Income Expense": "-14,000", "Pretax Income": "1,490,000", "Tax Provision": "284,000", "Net Income Common Stockholders": "1,187,000", "Diluted NI Available to Com Stockholders": "1,187,000", "Basic EPS": "-", "Diluted EPS": "-", "Basic Average Shares": "-", "Diluted Average Shares": "-", "Total Operating Income as Reported": "1,542,000", "Total Expenses": "17,874,000", "Net Income from Continuing & Discontinued Operation": "1,187,000", "Normalized Income": "1,201,050", "Interest Income": "15,000", "Interest Expense": "173,000", "Net Interest Income": "-158,000", "EBIT": "1,663,000", "EBITDA": "3,183,000", "Reconciled Cost of Revenue": "10,754,000", "Reconciled Depreciation": "1,520,000", "Net Income from Continuing Operation Net Minority Interest": "1,197,000", "Total Unusual Items Excluding Goodwill": "-5,000", "Total Unusual Items": "-5,000", "Normalized EBITDA": "3,188,000", "Tax Rate for Calcs": "0", "Tax Effect of Unusual Items": "-950"}, "12/31/2020": {"Duration": "12/31/2020", "Total Revenue": "19,535,000", "Cost of Revenue": "10,754,000", "Gross Profit": "8,781,000", "Operating Expense": "7,120,000", "Operating Income": "1,661,000", "Net Non Operating Interest Income Expense": "-158,000", "Other Income Expense": "-14,000", "Pretax Income": "1,490,000", "Tax Provision": "284,000", "Net Income Common Stockholders": "1,187,000", "Diluted NI Available to Com Stockholders": "1,187,000", "Basic EPS": "-", "Diluted EPS": "-", "Basic Average Shares": "-", "Diluted Average Shares": "-", "Total Operating Income as Reported": "1,542,000", "Total Expenses": "17,874,000", "Net Income from Continuing & Discontinued Operation": "1,187,000", "Normalized Income": "1,201,050", "Interest Income": "15,000", "Interest Expense": "173,000", "Net Interest Income": "-158,000", "EBIT": "1,663,000", "EBITDA": "-", "Reconciled Cost of Revenue": "10,754,000", "Reconciled Depreciation": "1,520,000", "Net Income from Continuing Operation Net Minority Interest": "1,197,000", "Total Unusual Items Excluding Goodwill": "-5,000", "Total Unusual Items": "-5,000", "Normalized EBITDA": "3,188,000", "Tax Rate for Calcs": "0", "Tax Effect of Unusual Items": "-950"}, "12/31/2019": {"Duration": "12/31/2019", "Total Revenue": "19,481,000", "Cost of Revenue": "10,607,000", "Gross Profit": "8,875,000", "Operating Expense": "7,226,000", "Operating Income": "1,649,000", "Net Non Operating Interest Income Expense": "-164,000", "Other Income Expense": "45,000", "Pretax Income": "1,529,000", "Tax Provision": "337,000", "Net Income Common Stockholders": "1,167,000", "Diluted NI Available to Com Stockholders": "1,167,000", "Basic EPS": "1.26", "Diluted EPS": "1.25", "Basic Average Shares": "921,299", "Diluted Average Shares": "931,205", "Total Operating Income as Reported": "1,644,000", "Total Expenses": "17,833,000", "Net Income from Continuing & Discontinued Operation": "1,167,000", "Normalized Income": "1,151,724", "Interest Income": "27,000", "Interest Expense": "195,000", "Net Interest Income": "-164,000", "EBIT": "1,724,000", "EBITDA": "-", "Reconciled Cost of Revenue": "10,607,000", "Reconciled Depreciation": "1,402,000", "Net Income from Continuing Operation Net Minority Interest": "1,186,000", "Total Unusual Items Excluding Goodwill": "44,000", "Total Unusual Items": "44,000", "Normalized EBITDA": "3,082,000", "Tax Rate for Calcs": "0", "Tax Effect of Unusual Items": "9,724"}, "12/31/2018": {"Duration": "12/31/2018", "Total Revenue": "18,121,000", "Cost of Revenue": "9,568,000", "Gross Profit": "8,554,000", "Operating Expense": "6,914,000", "Operating Income": "1,640,000", "Net Non Operating Interest Income Expense": "-204,000", "Other Income Expense": "67,000", "Pretax Income": "1,503,000", "Tax Provision": "193,000", "Net Income Common Stockholders": "1,090,000", "Diluted NI Available to Com Stockholders": "1,090,000", "Basic EPS": "1.16", "Diluted EPS": "1.14", "Basic Average Shares": "941,710", "Diluted Average Shares": "954,835", "Total Operating Income as Reported": "1,719,000", "Total Expenses": "16,482,000", "Net Income from Continuing & Discontinued Operation": "1,090,000", "Normalized Income": "1,242,832", "Interest Income": "30,000", "Interest Expense": "188,000", "Net Interest Income": "-204,000", "EBIT": "1,691,000", "EBITDA": "-", "Reconciled Cost of Revenue": "9,568,000", "Reconciled Depreciation": "1,089,000", "Net Income from Continuing Operation Net Minority Interest": "1,303,000", "Total Unusual Items Excluding Goodwill": "69,000", "Total Unusual Items": "69,000", "Normalized EBITDA": "2,711,000", "Tax Rate for Calcs": "0", "Tax Effect of Unusual Items": "8,832"}}, "bs": {"12/31/2020": {"Duration": "12/31/2020", "Total Assets": "27,713,000", "Total Liabilities Net Minority Interest": "15,812,000", "Total Equity Gross Minority Interest": "11,901,000", "Total Capitalization": "16,513,000", "Common Stock Equity": "11,870,000", "Capital Lease Obligations": "1,215,000", "Net Tangible Assets": "858,000", "Working Capital": "3,493,000", "Invested Capital": "16,605,000", "Tangible Book Value": "858,000", "Total Debt": "5,950,000", "Net Debt": "1,509,000", "Share Issued": "911,053", "Ordinary Shares Number": "905,128", "Treasury Shares Number": "5,925"}, "12/31/2019": {"Duration": "12/31/2019", "Total Assets": "27,016,000", "Total Liabilities Net Minority Interest": "14,391,000", "Total Equity Gross Minority Interest": "12,625,000", "Total Capitalization": "16,364,000", "Common Stock Equity": "12,597,000", "Capital Lease Obligations": "1,381,000", "Net Tangible Assets": "477,000", "Working Capital": "2,481,000", "Invested Capital": "16,474,000", "Tangible Book Value": "477,000", "Total Debt": "5,258,000", "Net Debt": "2,452,000", "Share Issued": "914,924", "Ordinary Shares Number": "909,047", "Treasury Shares Number": "5,877"}, "12/31/2018": {"Duration": "12/31/2018", "Total Assets": "26,019,000", "Total Liabilities Net Minority Interest": "13,902,000", "Total Equity Gross Minority Interest": "12,117,000", "Total Capitalization": "15,090,000", "Common Stock Equity": "12,088,000", "Capital Lease Obligations": "236,000", "Net Tangible Assets": "-3,000", "Working Capital": "1,629,000", "Invested Capital": "16,396,000", "Tangible Book Value": "-3,000", "Total Debt": "4,544,000", "Net Debt": "2,620,000", "Share Issued": "932,728", "Ordinary Shares Number": "932,728", "Treasury Shares Number": "-"}}, "cf": {"TTM": {"Duration": "TTM", "Operating Cash Flow": "2,777,000", "Investing Cash Flow": "-1,316,000", "Financing Cash Flow": "483,000", "Cash Flow from Discontinued Operation": "-88,000", "End Cash Position": "3,226,000", "Income Tax Paid Supplemental Data": "-", "Capital Expenditure": "-942,000", "Issuance of Capital Stock": "46,000", "Issuance of Debt": "1,065,000", "Repayment of Debt": "-298,000", "Repurchase of Capital Stock": "-343,000", "Free Cash Flow": "1,835,000"}, "12/31/2020": {"Duration": "12/31/2020", "Operating Cash Flow": "2,777,000", "Investing Cash Flow": "-1,316,000", "Financing Cash Flow": "483,000", "Cash Flow from Discontinued Operation": "-88,000", "End Cash Position": "3,226,000", "Income Tax Paid Supplemental Data": "-", "Capital Expenditure": "-942,000", "Issuance of Capital Stock": "46,000", "Issuance of Debt": "1,065,000", "Repayment of Debt": "-298,000", "Repurchase of Capital Stock": "-343,000", "Free Cash Flow": "1,835,000"}, "12/31/2019": {"Duration": "12/31/2019", "Operating Cash Flow": "2,031,000", "Investing Cash Flow": "-603,000", "Financing Cash Flow": "-1,665,000", "Cash Flow from Discontinued Operation": "-25,000", "End Cash Position": "1,425,000", "Income Tax Paid Supplemental Data": "337,000", "Capital Expenditure": "-1,013,000", "Issuance of Capital Stock": "58,000", "Issuance of Debt": "847,000", "Repayment of Debt": "-761,000", "Repurchase of Capital Stock": "-1,376,000", "Free Cash Flow": "1,018,000"}, "12/31/2018": {"Duration": "12/31/2018", "Operating Cash Flow": "1,780,000", "Investing Cash Flow": "-1,486,000", "Financing Cash Flow": "-1,192,000", "Cash Flow from Discontinued Operation": "647,000", "End Cash Position": "1,688,000", "Income Tax Paid Supplemental Data": "193,000", "Capital Expenditure": "-843,000", "Issuance of Capital Stock": "94,000", "Issuance of Debt": "1,287,000", "Repayment of Debt": "-1,161,000", "Repurchase of Capital Stock": "-1,042,000", "Free Cash Flow": "937,000"}}}}, {"SMDM": {"quote": {"03/19/2021": {"value": "0.4100", "Market Cap": "16.007M", "Beta (5Y Monthly)": "1.30", "PE Ratio (TTM)": "10.51", "EPS (TTM)": "0.0390", "Earnings Date": "Feb 22, 2021", "Forward Dividend & Yield": "N/A (N/A)", "Ex-Dividend Date": "N/A", "1y Target Est": "0.00"}}, "fin": {"TTM": {"Duration": "TTM", "Total Revenue": "46,176", "Cost of Revenue": "31,126", "Gross Profit": "15,050", "Operating Expense": "13,700", "Operating Income": "1,350", "Net Non Operating Interest Income Expense": "-519.568", "Other Income Expense": "-", "Pretax Income": "2,174", "Tax Provision": "658.954", "Net Income Common Stockholders": "1,515", "Diluted NI Available to Com Stockholders": "1,515", "Basic EPS": "-", "Diluted EPS": "-", "Basic Average Shares": "-", "Diluted Average Shares": "-", "Total Operating Income as Reported": "1,047", "Total Expenses": "44,826", "Net Income from Continuing & Discontinued Operation": "1,515", "Normalized Income": "981.2438", "Interest Expense": "472.967", "Net Interest Income": "-519.568", "EBIT": "2,647", "EBITDA": "2,924", "Reconciled Cost of Revenue": "31,126", "Reconciled Depreciation": "277.25", "Net Income from Continuing Operation Net Minority Interest": "1,515", "Total Unusual Items Excluding Goodwill": "765.496", "Total Unusual Items": "765.496", "Normalized EBITDA": "2,158", "Tax Rate for Calcs": "0", "Tax Effect of Unusual Items": "232.0668"}, "3/31/2020": {"Duration": "3/31/2020", "Total Revenue": "41,418", "Cost of Revenue": "30,323", "Gross Profit": "11,095", "Operating Expense": "14,038", "Operating Income": "-2,942", "Net Non Operating Interest Income Expense": "-254.042", "Other Income Expense": "-302.333", "Pretax Income": "-3,499", "Tax Provision": "-641.814", "Net Income Common Stockholders": "-2,857", "Diluted NI Available to Com Stockholders": "-2,857", "Basic EPS": "-0.07", "Diluted EPS": "-0.07", "Basic Average Shares": "38,533", "Diluted Average Shares": "38,533", "Total Operating Income as Reported": "-3,245", "Total Expenses": "44,361", "Net Income from Continuing & Discontinued Operation": "-2,857", "Normalized Income": "-2,609", "Interest Expense": "240.709", "Net Interest Income": "-254.042", "EBIT": "-3,258", "EBITDA": "-", "Reconciled Cost of Revenue": "30,323", "Reconciled Depreciation": "269.107", "Net Income from Continuing Operation Net Minority Interest": "-2,857", "Total Unusual Items Excluding Goodwill": "-302.333", "Total Unusual Items": "-302.333", "Normalized EBITDA": "-2,687", "Tax Rate for Calcs": "0", "Tax Effect of Unusual Items": "-54.7223"}, "3/31/2019": {"Duration": "3/31/2019", "Total Revenue": "46,483", "Cost of Revenue": "34,710", "Gross Profit": "11,773", "Operating Expense": "11,167", "Operating Income": "606.283", "Net Non Operating Interest Income Expense": "-257.927", "Other Income Expense": "442.671", "Pretax Income": "791.027", "Tax Provision": "159.48", "Net Income Common Stockholders": "631.547", "Diluted NI Available to Com Stockholders": "631.547", "Basic EPS": "0.02", "Diluted EPS": "0.02", "Basic Average Shares": "38,361", "Diluted Average Shares": "39,244", "Total Operating Income as Reported": "1,049", "Total Expenses": "45,877", "Net Income from Continuing & Discontinued Operation": "631.547", "Normalized Income": "278.1235", "Interest Expense": "244.593", "Net Interest Income": "-257.927", "EBIT": "1,036", "EBITDA": "-", "Reconciled Cost of Revenue": "34,710", "Reconciled Depreciation": "259.662", "Net Income from Continuing Operation Net Minority Interest": "631.547", "Total Unusual Items Excluding Goodwill": "442.671", "Total Unusual Items": "442.671", "Normalized EBITDA": "852.611", "Tax Rate for Calcs": "0", "Tax Effect of Unusual Items": "89.2475"}, "3/31/2018": {"Duration": "3/31/2018", "Total Revenue": "60,808", "Cost of Revenue": "45,135", "Gross Profit": "15,673", "Operating Expense": "11,467", "Operating Income": "4,206", "Net Non Operating Interest Income Expense": "-304.991", "Other Income Expense": "-3,204", "Pretax Income": "697.363", "Tax Provision": "544.877", "Net Income Common Stockholders": "152.486", "Diluted NI Available to Com Stockholders": "152.486", "Basic EPS": "0.00", "Diluted EPS": "0.00", "Basic Average Shares": "38,274", "Diluted Average Shares": "39,554", "Total Operating Income as Reported": "1,002", "Total Expenses": "56,602", "Net Income from Continuing & Discontinued Operation": "152.486", "Normalized Income": "2,491", "Interest Expense": "273.385", "Net Interest Income": "-304.991", "EBIT": "970.748", "EBITDA": "-", "Reconciled Cost of Revenue": "45,135", "Reconciled Depreciation": "219.968", "Net Income from Continuing Operation Net Minority Interest": "152.486", "Total Unusual Items Excluding Goodwill": "-3,204", "Total Unusual Items": "-3,204", "Normalized EBITDA": "4,394", "Tax Rate for Calcs": "0", "Tax Effect of Unusual Items": "-864.9928"}}, "bs": {"3/31/2020": {"Duration": "3/31/2020", "Total Assets": "16,601", "Total Liabilities Net Minority Interest": "10,913", "Total Equity Gross Minority Interest": "5,688", "Total Capitalization": "6,774", "Common Stock Equity": "5,688", "Capital Lease Obligations": "661.155", "Net Tangible Assets": "5,688", "Working Capital": "4,317", "Invested Capital": "6,837", "Tangible Book Value": "5,688", "Total Debt": "1,810", "Net Debt": "803.75", "Share Issued": "38,558", "Ordinary Shares Number": "38,558"}, "3/31/2019": {"Duration": "3/31/2019", "Total Assets": "12,193", "Total Liabilities Net Minority Interest": "3,693", "Total Equity Gross Minority Interest": "8,500", "Total Capitalization": "8,500", "Common Stock Equity": "8,500", "Capital Lease Obligations": "31.913", "Net Tangible Assets": "8,500", "Working Capital": "7,143", "Invested Capital": "9,441", "Tangible Book Value": "8,500", "Total Debt": "972.28", "Net Debt": "728.959", "Share Issued": "38,465", "Ordinary Shares Number": "38,465"}, "3/31/2018": {"Duration": "3/31/2018", "Total Assets": "12,669", "Total Liabilities Net Minority Interest": "4,863", "Total Equity Gross Minority Interest": "7,806", "Total Capitalization": "8,056", "Common Stock Equity": "7,806", "Capital Lease Obligations": "-", "Net Tangible Assets": "7,806", "Working Capital": "6,641", "Invested Capital": "9,246", "Tangible Book Value": "7,806", "Total Debt": "1,440", "Net Debt": "626.459", "Share Issued": "38,282", "Ordinary Shares Number": "38,282"}}, "cf": {"TTM": {"Duration": "TTM", "Operating Cash Flow": "-74.014", "Investing Cash Flow": "-88.843", "Financing Cash Flow": "467.622", "End Cash Position": "823.373", "Income Tax Paid Supplemental Data": "-", "Interest Paid Supplemental Data": "441.121", "Capital Expenditure": "-88.843", "Issuance of Debt": "590.315", "Repayment of Debt": "-75.367", "Free Cash Flow": "-162.857"}, "3/31/2020": {"Duration": "3/31/2020", "Operating Cash Flow": "444.765", "Investing Cash Flow": "-517.546", "Financing Cash Flow": "206.573", "End Cash Position": "345.2", "Income Tax Paid Supplemental Data": "-", "Interest Paid Supplemental Data": "179.811", "Capital Expenditure": "-517.546", "Issuance of Debt": "365.34", "Repayment of Debt": "-171.167", "Free Cash Flow": "-72.781"}, "3/31/2019": {"Duration": "3/31/2019", "Operating Cash Flow": "187.454", "Investing Cash Flow": "-288.741", "Financing Cash Flow": "-501.213", "End Cash Position": "211.408", "Income Tax Paid Supplemental Data": "0", "Interest Paid Supplemental Data": "230.342", "Capital Expenditure": "-288.741", "Issuance of Debt": "0", "Repayment of Debt": "-511.613", "Free Cash Flow": "-101.287"}, "3/31/2018": {"Duration": "3/31/2018", "Operating Cash Flow": "-709.999", "Investing Cash Flow": "-257.468", "Financing Cash Flow": "-524.064", "End Cash Position": "813.908", "Income Tax Paid Supplemental Data": "30", "Interest Paid Supplemental Data": "301.748", "Capital Expenditure": "-257.468", "Issuance of Debt": "1,000", "Repayment of Debt": "-1,484", "Free Cash Flow": "-967.467"}}}}, {"EDIG": {"fin": {}, "bs": {}, "cf": {}}}, {"GTMM": {"fin": {}, "bs": {}, "cf": {}}}, {"MCIG": {"fin": {}, "bs": {}, "cf": {}}}]