[{"DNB": {"quote": {"05/12/2021": {"value": "22.23", "Market Cap": "9.59B", "Beta (5Y Monthly)": "N/A", "PE Ratio (TTM)": "N/A", "EPS (TTM)": "-0.61", "Earnings Date": "Aug 04, 2021 - Aug 09, 2021", "Forward Dividend & Yield": "N/A (N/A)", "Ex-Dividend Date": "N/A", "1y Target Est": "29.17"}}, "fin": {"TTM": {"Duration": "TTM", "Total Revenue": "1,846,900", "Operating Expense": "1,732,600", "Operating Income": "114,300", "Net Non Operating Interest Income Expense": "-236,400", "Other Income Expense": "-130,300", "Pretax Income": "-252,400", "Tax Provision": "-46,100", "Earnings from Equity Interest Net of Tax": "2,200", "Net Income Common Stockholders": "-242,500", "Diluted NI Available to Com Stockholders": "-242,500", "Basic EPS": "-", "Diluted EPS": "-", "Basic Average Shares": "-", "Diluted Average Shares": "-", "Total Operating Income as Reported": "78,500", "Total Expenses": "1,732,600", "Net Income from Continuing & Discontinued Operation": "-210,400", "Normalized Income": "-97,278", "Interest Income": "600", "Interest Expense": "237,000", "Net Interest Income": "-236,400", "EBIT": "-15,400", "EBITDA": "536,800", "Reconciled Depreciation": "552,200", "Net Income from Continuing Operation Net Minority Interest": "-210,400", "Total Unusual Items Excluding Goodwill": "-138,400", "Total Unusual Items": "-138,400", "Normalized EBITDA": "675,200", "Tax Rate for Calcs": "0", "Tax Effect of Unusual Items": "-25,278"}, "12/31/2020": {"Duration": "12/31/2020", "Total Revenue": "1,738,100", "Operating Expense": "1,640,300", "Operating Income": "97,800", "Net Non Operating Interest Income Expense": "-270,300", "Other Income Expense": "-46,800", "Pretax Income": "-219,300", "Tax Provision": "-110,500", "Earnings from Equity Interest Net of Tax": "2,300", "Net Income Common Stockholders": "-175,600", "Diluted NI Available to Com Stockholders": "-175,600", "Basic EPS": "-0.48", "Diluted EPS": "-0.48", "Basic Average Shares": "367,100", "Diluted Average Shares": "367,100", "Total Operating Income as Reported": "63,000", "Total Expenses": "1,640,300", "Net Income from Continuing & Discontinued Operation": "-111,500", "Normalized Income": "-62,152", "Interest Income": "800", "Interest Expense": "271,100", "Net Interest Income": "-270,300", "EBIT": "51,800", "EBITDA": "-", "Reconciled Depreciation": "536,900", "Net Income from Continuing Operation Net Minority Interest": "-111,500", "Total Unusual Items Excluding Goodwill": "-67,600", "Total Unusual Items": "-67,600", "Normalized EBITDA": "656,300", "Tax Rate for Calcs": "0", "Tax Effect of Unusual Items": "-18,252"}, "12/31/2019": {"Duration": "12/31/2019", "Total Revenue": "1,413,900", "Operating Expense": "1,582,100", "Operating Income": "-168,200", "Net Non Operating Interest Income Expense": "-301,100", "Other Income Expense": "-206,600", "Pretax Income": "-675,900", "Tax Provision": "-118,200", "Earnings from Equity Interest Net of Tax": "4,200", "Net Income Common Stockholders": "-275,800", "Diluted NI Available to Com Stockholders": "-275,800", "Basic EPS": "-0.67", "Diluted EPS": "-0.67", "Basic Average Shares": "411,300", "Diluted Average Shares": "411,300", "Total Operating Income as Reported": "-220,000", "Total Expenses": "1,582,100", "Net Income from Continuing & Discontinued Operation": "-560,000", "Normalized Income": "-375,035", "Interest Income": "2,400", "Interest Expense": "303,500", "Net Interest Income": "-301,100", "EBIT": "-372,400", "EBITDA": "-", "Reconciled Depreciation": "482,400", "Net Income from Continuing Operation Net Minority Interest": "-560,000", "Total Unusual Items Excluding Goodwill": "-224,200", "Total Unusual Items": "-224,200", "Normalized EBITDA": "334,200", "Tax Rate for Calcs": "0", "Tax Effect of Unusual Items": "-39,235"}, "12/31/2018": {"Duration": "12/31/2018", "Total Revenue": "1,716,400", "Operating Expense": "1,262,100", "Operating Income": "454,300", "Net Non Operating Interest Income Expense": "-52,500", "Other Income Expense": "-28,700", "Pretax Income": "373,100", "Tax Provision": "81,600", "Earnings from Equity Interest Net of Tax": "2,800", "Net Income Common Stockholders": "288,100", "Diluted NI Available to Com Stockholders": "288,100", "Basic EPS": "0.70", "Diluted EPS": "0.70", "Basic Average Shares": "411,300", "Diluted Average Shares": "411,300", "Total Operating Income as Reported": "428,900", "Total Expenses": "1,262,100", "Net Income from Continuing & Discontinued Operation": "288,100", "Normalized Income": "307,937", "Interest Income": "1,900", "Interest Expense": "54,400", "Net Interest Income": "-52,500", "EBIT": "427,500", "EBITDA": "-", "Reconciled Depreciation": "88,700", "Net Income from Continuing Operation Net Minority Interest": "288,100", "Total Unusual Items Excluding Goodwill": "-25,400", "Total Unusual Items": "-25,400", "Normalized EBITDA": "541,600", "Tax Rate for Calcs": "0", "Tax Effect of Unusual Items": "-5,563"}}, "bs": {"12/31/2020": {"Duration": "12/31/2020", "Total Assets": "9,219,400", "Total Liabilities Net Minority Interest": "5,641,700", "Total Equity Gross Minority Interest": "3,577,700", "Total Capitalization": "6,775,000", "Preferred Stock Equity": "-", "Common Stock Equity": "3,519,200", "Capital Lease Obligations": "91,700", "Net Tangible Assets": "-4,581,700", "Working Capital": "48,700", "Invested Capital": "6,800,300", "Tangible Book Value": "-4,581,700", "Total Debt": "3,372,800", "Net Debt": "2,926,600", "Share Issued": "423,418", "Ordinary Shares Number": "422,952", "Treasury Shares Number": "465.903"}, "12/31/2019": {"Duration": "12/31/2019", "Total Assets": "9,112,800", "Total Liabilities Net Minority Interest": "6,503,300", "Total Equity Gross Minority Interest": "2,609,500", "Total Capitalization": "6,370,600", "Preferred Stock Equity": "1,031,800", "Common Stock Equity": "1,519,900", "Capital Lease Obligations": "93,600", "Net Tangible Assets": "-5,919,600", "Working Capital": "-671,900", "Invested Capital": "5,420,700", "Tangible Book Value": "-6,951,400", "Total Debt": "3,994,400", "Net Debt": "3,802,200", "Share Issued": "411,256", "Ordinary Shares Number": "411,256", "Treasury Shares Number": "-"}}, "cf": {"TTM": {"Duration": "TTM", "Operating Cash Flow": "358,700", "Investing Cash Flow": "-738,200", "Financing Cash Flow": "375,500", "End Cash Position": "154,100", "Income Tax Paid Supplemental Data": "-", "Interest Paid Supplemental Data": "208,900", "Capital Expenditure": "-145,200", "Issuance of Capital Stock": "-", "Issuance of Debt": "420,100", "Repayment of Debt": "-926,100", "Repurchase of Capital Stock": "-", "Free Cash Flow": "213,500"}, "12/31/2020": {"Duration": "12/31/2020", "Operating Cash Flow": "195,600", "Investing Cash Flow": "-134,300", "Financing Cash Flow": "189,300", "End Cash Position": "354,500", "Income Tax Paid Supplemental Data": "120,900", "Interest Paid Supplemental Data": "249,000", "Capital Expenditure": "-121,400", "Issuance of Capital Stock": "2,248,200", "Issuance of Debt": "407,200", "Repayment of Debt": "-1,069,200", "Repurchase of Capital Stock": "-1,067,900", "Free Cash Flow": "74,200"}, "12/31/2019": {"Duration": "12/31/2019", "Operating Cash Flow": "-63,000", "Investing Cash Flow": "-6,154,600", "Financing Cash Flow": "6,321,800", "End Cash Position": "98,600", "Income Tax Paid Supplemental Data": "29,300", "Interest Paid Supplemental Data": "232,400", "Capital Expenditure": "-68,900", "Issuance of Capital Stock": "3,176,800", "Issuance of Debt": "4,220,700", "Repayment of Debt": "-853,400", "Repurchase of Capital Stock": "-", "Free Cash Flow": "-131,900"}, "12/31/2018": {"Duration": "12/31/2018", "Operating Cash Flow": "325,400", "Investing Cash Flow": "-65,300", "Financing Cash Flow": "-609,700", "End Cash Position": "90,200", "Income Tax Paid Supplemental Data": "55,100", "Interest Paid Supplemental Data": "53,800", "Capital Expenditure": "-58,200", "Issuance of Capital Stock": "0", "Issuance of Debt": "1,395,100", "Repayment of Debt": "-1,938,200", "Repurchase of Capital Stock": "0", "Free Cash Flow": "267,200"}}}}, {"BR": {"quote": {"05/12/2021": {"value": "159.02", "Market Cap": "18.466B", "Beta (5Y Monthly)": "0.88", "PE Ratio (TTM)": "36.17", "EPS (TTM)": "4.40", "Earnings Date": "Aug 09, 2021 - Aug 13, 2021", "Forward Dividend & Yield": "2.30 (1.40%)", "Ex-Dividend Date": "Mar 12, 2021", "1y Target Est": "175.83"}}, "fin": {"TTM": {"Duration": "TTM", "Total Revenue": "4,824,000", "Cost of Revenue": "3,438,300", "Gross Profit": "1,385,700", "Operating Expense": "689,700", "Operating Income": "696,000", "Net Non Operating Interest Income Expense": "-53,000", "Other Income Expense": "11,500", "Pretax Income": "654,500", "Tax Provision": "137,700", "Net Income Common Stockholders": "516,800", "Diluted NI Available to Com Stockholders": "516,800", "Basic EPS": "-", "Diluted EPS": "-", "Basic Average Shares": "-", "Diluted Average Shares": "-", "Total Operating Income as Reported": "696,100", "Total Expenses": "4,128,000", "Net Income from Continuing & Discontinued Operation": "516,800", "Normalized Income": "516,800", "Interest Income": "2,400", "Interest Expense": "55,400", "Net Interest Income": "-53,000", "EBIT": "709,900", "EBITDA": "903,600", "Reconciled Cost of Revenue": "3,438,300", "Reconciled Depreciation": "193,700", "Net Income from Continuing Operation Net Minority Interest": "516,800", "Total Unusual Items Excluding Goodwill": "-", "Total Unusual Items": "-", "Normalized EBITDA": "903,600", "Tax Rate for Calcs": "0", "Tax Effect of Unusual Items": "0"}, "6/30/2020": {"Duration": "6/30/2020", "Total Revenue": "4,529,000", "Cost of Revenue": "3,265,100", "Gross Profit": "1,263,900", "Operating Expense": "639,000", "Operating Income": "624,900", "Net Non Operating Interest Income Expense": "-58,800", "Other Income Expense": "13,400", "Pretax Income": "579,500", "Tax Provision": "117,000", "Net Income Common Stockholders": "462,500", "Diluted NI Available to Com Stockholders": "462,500", "Basic EPS": "4.03", "Diluted EPS": "3.95", "Basic Average Shares": "114,700", "Diluted Average Shares": "117,000", "Total Operating Income as Reported": "624,900", "Total Expenses": "3,904,100", "Net Income from Continuing & Discontinued Operation": "462,500", "Normalized Income": "462,500", "Interest Income": "3,700", "Interest Expense": "62,500", "Net Interest Income": "-58,800", "EBIT": "642,000", "EBITDA": "-", "Reconciled Cost of Revenue": "3,265,100", "Reconciled Depreciation": "196,700", "Net Income from Continuing Operation Net Minority Interest": "462,500", "Total Unusual Items Excluding Goodwill": "-", "Total Unusual Items": "-", "Normalized EBITDA": "838,700", "Tax Rate for Calcs": "0", "Tax Effect of Unusual Items": "0"}, "6/30/2019": {"Duration": "6/30/2019", "Total Revenue": "4,362,200", "Cost of Revenue": "3,131,900", "Gross Profit": "1,230,300", "Operating Expense": "577,500", "Operating Income": "652,800", "Net Non Operating Interest Income Expense": "-41,700", "Other Income Expense": "-3,700", "Pretax Income": "607,300", "Tax Provision": "125,200", "Net Income Common Stockholders": "482,100", "Diluted NI Available to Com Stockholders": "482,100", "Basic EPS": "4.16", "Diluted EPS": "4.06", "Basic Average Shares": "115,900", "Diluted Average Shares": "118,800", "Total Operating Income as Reported": "652,700", "Total Expenses": "3,709,400", "Net Income from Continuing & Discontinued Operation": "482,100", "Normalized Income": "482,100", "Interest Income": "4,200", "Interest Expense": "45,900", "Net Interest Income": "-41,700", "EBIT": "653,200", "EBITDA": "-", "Reconciled Cost of Revenue": "3,131,900", "Reconciled Depreciation": "172,600", "Net Income from Continuing Operation Net Minority Interest": "482,100", "Total Unusual Items Excluding Goodwill": "-", "Total Unusual Items": "-", "Normalized EBITDA": "825,800", "Tax Rate for Calcs": "0", "Tax Effect of Unusual Items": "0"}, "6/30/2018": {"Duration": "6/30/2018", "Total Revenue": "4,329,900", "Cost of Revenue": "3,169,600", "Gross Profit": "1,160,300", "Operating Expense": "565,400", "Operating Income": "594,900", "Net Non Operating Interest Income Expense": "-38,600", "Other Income Expense": "4,800", "Pretax Income": "561,000", "Tax Provision": "133,100", "Net Income Common Stockholders": "427,900", "Diluted NI Available to Com Stockholders": "427,900", "Basic EPS": "3.66", "Diluted EPS": "3.56", "Basic Average Shares": "116,800", "Diluted Average Shares": "120,400", "Total Operating Income as Reported": "594,900", "Total Expenses": "3,735,000", "Net Income from Continuing & Discontinued Operation": "427,900", "Normalized Income": "426,374", "Interest Income": "3,800", "Interest Expense": "42,400", "Net Interest Income": "-38,600", "EBIT": "603,400", "EBITDA": "-", "Reconciled Cost of Revenue": "3,169,600", "Reconciled Depreciation": "163,500", "Net Income from Continuing Operation Net Minority Interest": "427,900", "Total Unusual Items Excluding Goodwill": "2,000", "Total Unusual Items": "2,000", "Normalized EBITDA": "764,900", "Tax Rate for Calcs": "0", "Tax Effect of Unusual Items": "474"}}, "bs": {"6/30/2020": {"Duration": "6/30/2020", "Total Assets": "4,889,800", "Total Liabilities Net Minority Interest": "3,543,200", "Total Equity Gross Minority Interest": "1,346,600", "Total Capitalization": "2,734,200", "Common Stock Equity": "1,346,600", "Capital Lease Obligations": "323,600", "Net Tangible Assets": "-911,500", "Working Capital": "-13,300", "Invested Capital": "3,134,100", "Tangible Book Value": "-911,500", "Total Debt": "2,111,100", "Net Debt": "1,310,900", "Share Issued": "154,400", "Ordinary Shares Number": "115,100", "Treasury Shares Number": "39,300"}, "6/30/2019": {"Duration": "6/30/2019", "Total Assets": "3,880,700", "Total Liabilities Net Minority Interest": "2,753,100", "Total Equity Gross Minority Interest": "1,127,600", "Total Capitalization": "2,598,000", "Common Stock Equity": "1,127,600", "Capital Lease Obligations": "-", "Net Tangible Assets": "-928,600", "Working Capital": "239,700", "Invested Capital": "2,598,000", "Tangible Book Value": "-928,600", "Total Debt": "1,470,400", "Net Debt": "1,197,200", "Share Issued": "154,500", "Ordinary Shares Number": "114,300", "Treasury Shares Number": "40,200"}, "6/30/2018": {"Duration": "6/30/2018", "Total Assets": "3,304,700", "Total Liabilities Net Minority Interest": "2,210,300", "Total Equity Gross Minority Interest": "1,094,400", "Total Capitalization": "2,147,800", "Common Stock Equity": "1,094,400", "Capital Lease Obligations": "-", "Net Tangible Assets": "-654,600", "Working Capital": "213,700", "Invested Capital": "2,147,800", "Tangible Book Value": "-654,600", "Total Debt": "1,053,400", "Net Debt": "789,600", "Share Issued": "154,400", "Ordinary Shares Number": "116,300", "Treasury Shares Number": "38,100"}}, "cf": {"TTM": {"Duration": "TTM", "Operating Cash Flow": "632,100", "Investing Cash Flow": "-78,800", "Financing Cash Flow": "-605,500", "End Cash Position": "350,000", "Income Tax Paid Supplemental Data": "98,400", "Interest Paid Supplemental Data": "53,700", "Capital Expenditure": "-96,400", "Issuance of Debt": "771,600", "Repayment of Debt": "-1,112,800", "Repurchase of Capital Stock": "-19,800", "Free Cash Flow": "535,700"}, "6/30/2020": {"Duration": "6/30/2020", "Operating Cash Flow": "598,200", "Investing Cash Flow": "-441,700", "Financing Cash Flow": "51,200", "End Cash Position": "476,600", "Income Tax Paid Supplemental Data": "100,900", "Interest Paid Supplemental Data": "58,500", "Capital Expenditure": "-98,700", "Issuance of Debt": "1,621,900", "Repayment of Debt": "-1,292,800", "Repurchase of Capital Stock": "-69,300", "Free Cash Flow": "499,500"}, "6/30/2019": {"Duration": "6/30/2019", "Operating Cash Flow": "616,900", "Investing Cash Flow": "-433,500", "Financing Cash Flow": "-173,000", "End Cash Position": "273,200", "Income Tax Paid Supplemental Data": "119,500", "Interest Paid Supplemental Data": "43,400", "Capital Expenditure": "-72,600", "Issuance of Debt": "803,100", "Repayment of Debt": "-387,400", "Repurchase of Capital Stock": "-397,800", "Free Cash Flow": "544,300"}, "6/30/2018": {"Duration": "6/30/2018", "Operating Cash Flow": "693,600", "Investing Cash Flow": "-249,300", "Financing Cash Flow": "-449,900", "End Cash Position": "263,900", "Income Tax Paid Supplemental Data": "177,600", "Interest Paid Supplemental Data": "40,500", "Capital Expenditure": "-137,900", "Issuance of Debt": "340,000", "Repayment of Debt": "-390,000", "Repurchase of Capital Stock": "-277,100", "Free Cash Flow": "555,700"}}}}, {"FDS": {"quote": {"05/12/2021": {"value": "326.51", "Market Cap": "12.359B", "Beta (5Y Monthly)": "0.79", "PE Ratio (TTM)": "32.52", "EPS (TTM)": "10.04", "Earnings Date": "Jun 23, 2021 - Jun 28, 2021", "Forward Dividend & Yield": "3.28 (0.99%)", "Ex-Dividend Date": "May 27, 2021", "1y Target Est": "304.58"}}, "bs": {"8/31/2020": {"Duration": "8/31/2020", "Total Assets": "2,083,388", "Total Liabilities Net Minority Interest": "1,187,013", "Total Equity Gross Minority Interest": "896,375", "Total Capitalization": "1,470,729", "Common Stock Equity": "896,375", "Capital Lease Obligations": "301,325", "Net Tangible Assets": "65,577", "Working Capital": "565,637", "Invested Capital": "1,470,729", "Tangible Book Value": "65,577", "Total Debt": "875,679", "Net Debt": "-", "Share Issued": "40,768", "Ordinary Shares Number": "38,030", "Treasury Shares Number": "2,737"}, "8/31/2019": {"Duration": "8/31/2019", "Total Assets": "1,560,130", "Total Liabilities Net Minority Interest": "887,874", "Total Equity Gross Minority Interest": "672,256", "Total Capitalization": "1,246,430", "Common Stock Equity": "672,256", "Capital Lease Obligations": "-", "Net Tangible Assets": "-134,024", "Working Capital": "364,889", "Invested Capital": "1,246,430", "Tangible Book Value": "-134,024", "Total Debt": "574,174", "Net Debt": "214,375", "Share Issued": "40,104", "Ordinary Shares Number": "38,118", "Treasury Shares Number": "1,986"}, "8/31/2018": {"Duration": "8/31/2018", "Total Assets": "1,419,447", "Total Liabilities Net Minority Interest": "893,547", "Total Equity Gross Minority Interest": "525,900", "Total Capitalization": "1,100,675", "Common Stock Equity": "525,900", "Capital Lease Obligations": "-", "Net Tangible Assets": "-324,868", "Working Capital": "209,782", "Invested Capital": "1,100,675", "Tangible Book Value": "-324,868", "Total Debt": "574,775", "Net Debt": "366,152", "Share Issued": "39,265", "Ordinary Shares Number": "38,193", "Treasury Shares Number": "1,072"}}, "cf": {"TTM": {"Duration": "TTM", "Operating Cash Flow": "540,316", "Investing Cash Flow": "-93,444", "Financing Cash Flow": "-200,677", "End Cash Position": "589,683", "Income Tax Paid Supplemental Data": "-", "Interest Paid Supplemental Data": "-", "Capital Expenditure": "-54,501", "Issuance of Debt": "-", "Repayment of Debt": "-", "Repurchase of Capital Stock": "-155,670", "Free Cash Flow": "485,815"}, "8/31/2020": {"Duration": "8/31/2020", "Operating Cash Flow": "505,840", "Investing Cash Flow": "-73,632", "Financing Cash Flow": "-218,075", "End Cash Position": "585,605", "Income Tax Paid Supplemental Data": "69,092", "Interest Paid Supplemental Data": "12,876", "Capital Expenditure": "-77,642", "Issuance of Debt": "0", "Repayment of Debt": "0", "Repurchase of Capital Stock": "-199,625", "Free Cash Flow": "428,198"}, "8/31/2019": {"Duration": "8/31/2019", "Operating Cash Flow": "427,136", "Investing Cash Flow": "-56,100", "Financing Cash Flow": "-214,274", "End Cash Position": "359,799", "Income Tax Paid Supplemental Data": "89,997", "Interest Paid Supplemental Data": "19,509", "Capital Expenditure": "-59,370", "Issuance of Debt": "575,000", "Repayment of Debt": "-575,000", "Repurchase of Capital Stock": "-220,372", "Free Cash Flow": "367,766"}, "8/31/2018": {"Duration": "8/31/2018", "Operating Cash Flow": "385,668", "Investing Cash Flow": "-48,531", "Financing Cash Flow": "-320,037", "End Cash Position": "208,623", "Income Tax Paid Supplemental Data": "68,707", "Interest Paid Supplemental Data": "15,676", "Capital Expenditure": "-33,520", "Issuance of Debt": "0", "Repayment of Debt": "0", "Repurchase of Capital Stock": "-303,955", "Free Cash Flow": "352,148"}}}}, {"LDOS": {"quote": {"05/12/2021": {"value": "101.47", "Market Cap": "14.804B", "Beta (5Y Monthly)": "0.94", "PE Ratio (TTM)": "20.38", "EPS (TTM)": "4.98", "Earnings Date": "Aug 02, 2021 - Aug 06, 2021", "Forward Dividend & Yield": "1.36 (1.34%)", "Ex-Dividend Date": "Jun 14, 2021", "1y Target Est": "117.10"}}, "fin": {"TTM": {"Duration": "TTM", "Total Revenue": "12,723,000", "Cost of Revenue": "10,914,000", "Gross Profit": "1,809,000", "Operating Expense": "732,000", "Operating Income": "1,077,000", "Net Non Operating Interest Income Expense": "-176,000", "Other Income Expense": "12,000", "Pretax Income": "913,000", "Tax Provision": "194,000", "Net Income Common Stockholders": "718,000", "Diluted NI Available to Com Stockholders": "718,000", "Basic EPS": "-", "Diluted EPS": "-", "Basic Average Shares": "-", "Diluted Average Shares": "-", "Total Operating Income as Reported": "1,114,000", "Total Expenses": "11,646,000", "Net Income from Continuing & Discontinued Operation": "718,000", "Normalized Income": "730,600", "Interest Income": "-", "Interest Expense": "179,000", "Net Interest Income": "-176,000", "EBIT": "1,092,000", "EBITDA": "1,390,000", "Reconciled Cost of Revenue": "10,914,000", "Reconciled Depreciation": "298,000", "Net Income from Continuing Operation Net Minority Interest": "718,000", "Total Unusual Items Excluding Goodwill": "-16,000", "Total Unusual Items": "-16,000", "Normalized EBITDA": "1,406,000", "Tax Rate for Calcs": "0", "Tax Effect of Unusual Items": "-3,400"}, "12/31/2020": {"Duration": "12/31/2020", "Total Revenue": "12,297,000", "Cost of Revenue": "10,560,000", "Gross Profit": "1,737,000", "Operating Expense": "770,000", "Operating Income": "967,000", "Net Non Operating Interest Income Expense": "-179,000", "Other Income Expense": "-7,000", "Pretax Income": "781,000", "Tax Provision": "152,000", "Net Income Common Stockholders": "628,000", "Diluted NI Available to Com Stockholders": "628,000", "Basic EPS": "4.42", "Diluted EPS": "4.36", "Basic Average Shares": "142,000", "Diluted Average Shares": "144,000", "Total Operating Income as Reported": "998,000", "Total Expenses": "11,330,000", "Net Income from Continuing & Discontinued Operation": "628,000", "Normalized Income": "646,515", "Interest Income": "3,000", "Interest Expense": "182,000", "Net Interest Income": "-179,000", "EBIT": "963,000", "EBITDA": "-", "Reconciled Cost of Revenue": "10,560,000", "Reconciled Depreciation": "282,000", "Net Income from Continuing Operation Net Minority Interest": "628,000", "Total Unusual Items Excluding Goodwill": "-23,000", "Total Unusual Items": "-23,000", "Normalized EBITDA": "1,268,000", "Tax Rate for Calcs": "0", "Tax Effect of Unusual Items": "-4,485"}, "12/31/2019": {"Duration": "12/31/2019", "Total Revenue": "11,094,000", "Cost of Revenue": "9,546,000", "Gross Profit": "1,548,000", "Operating Expense": "689,000", "Operating Income": "859,000", "Net Non Operating Interest Income Expense": "-133,000", "Other Income Expense": "140,000", "Pretax Income": "866,000", "Tax Provision": "196,000", "Net Income Common Stockholders": "667,000", "Diluted NI Available to Com Stockholders": "667,000", "Basic EPS": "4.66", "Diluted EPS": "4.60", "Basic Average Shares": "143,000", "Diluted Average Shares": "145,000", "Total Operating Income as Reported": "912,000", "Total Expenses": "10,235,000", "Net Income from Continuing & Discontinued Operation": "667,000", "Normalized Income": "572,572", "Interest Income": "14,000", "Interest Expense": "147,000", "Net Interest Income": "-133,000", "EBIT": "1,013,000", "EBITDA": "-", "Reconciled Cost of Revenue": "9,546,000", "Reconciled Depreciation": "234,000", "Net Income from Continuing Operation Net Minority Interest": "667,000", "Total Unusual Items Excluding Goodwill": "122,000", "Total Unusual Items": "122,000", "Normalized EBITDA": "1,125,000", "Tax Rate for Calcs": "0", "Tax Effect of Unusual Items": "27,572"}, "12/31/2018": {"Duration": "12/31/2018", "Total Revenue": "10,194,000", "Cost of Revenue": "8,690,000", "Gross Profit": "1,504,000", "Operating Expense": "729,000", "Operating Income": "775,000", "Net Non Operating Interest Income Expense": "-138,000", "Other Income Expense": "-27,000", "Pretax Income": "610,000", "Tax Provision": "28,000", "Net Income Common Stockholders": "581,000", "Diluted NI Available to Com Stockholders": "581,000", "Basic EPS": "3.85", "Diluted EPS": "3.80", "Basic Average Shares": "151,000", "Diluted Average Shares": "153,000", "Total Operating Income as Reported": "749,000", "Total Expenses": "9,419,000", "Net Income from Continuing & Discontinued Operation": "581,000", "Normalized Income": "621,068", "Interest Income": "7,000", "Interest Expense": "145,000", "Net Interest Income": "-138,000", "EBIT": "755,000", "EBITDA": "-", "Reconciled Cost of Revenue": "8,690,000", "Reconciled Depreciation": "257,000", "Net Income from Continuing Operation Net Minority Interest": "581,000", "Total Unusual Items Excluding Goodwill": "-42,000", "Total Unusual Items": "-42,000", "Normalized EBITDA": "1,054,000", "Tax Rate for Calcs": "0", "Tax Effect of Unusual Items": "-1,932"}}, "bs": {"12/31/2020": {"Duration": "12/31/2020", "Total Assets": "12,511,000", "Total Liabilities Net Minority Interest": "8,640,000", "Total Equity Gross Minority Interest": "3,871,000", "Total Capitalization": "8,506,000", "Common Stock Equity": "3,862,000", "Capital Lease Obligations": "564,000", "Net Tangible Assets": "-3,667,000", "Working Capital": "432,000", "Invested Capital": "8,606,000", "Tangible Book Value": "-3,667,000", "Total Debt": "5,308,000", "Net Debt": "4,220,000", "Share Issued": "142,321", "Ordinary Shares Number": "142,321", "Preferred Shares Number": "181,000"}, "12/31/2019": {"Duration": "12/31/2019", "Total Assets": "9,367,000", "Total Liabilities Net Minority Interest": "5,950,000", "Total Equity Gross Minority Interest": "3,417,000", "Total Capitalization": "6,338,000", "Common Stock Equity": "3,413,000", "Capital Lease Obligations": "326,000", "Net Tangible Assets": "-2,029,000", "Working Capital": "479,000", "Invested Capital": "6,399,000", "Tangible Book Value": "-2,029,000", "Total Debt": "3,312,000", "Net Debt": "2,318,000", "Share Issued": "141,000", "Ordinary Shares Number": "141,000", "Preferred Shares Number": "181,000"}, "12/31/2018": {"Duration": "12/31/2018", "Total Assets": "8,770,000", "Total Liabilities Net Minority Interest": "5,459,000", "Total Equity Gross Minority Interest": "3,311,000", "Total Capitalization": "6,360,000", "Common Stock Equity": "3,308,000", "Capital Lease Obligations": "-", "Net Tangible Assets": "-2,204,000", "Working Capital": "780,000", "Invested Capital": "6,432,000", "Tangible Book Value": "-2,204,000", "Total Debt": "3,124,000", "Net Debt": "2,797,000", "Share Issued": "146,000", "Ordinary Shares Number": "146,000", "Preferred Shares Number": "181,000"}}, "cf": {"TTM": {"Duration": "TTM", "Operating Cash Flow": "1,201,000", "Investing Cash Flow": "-1,374,000", "Financing Cash Flow": "142,000", "End Cash Position": "534,000", "Capital Expenditure": "-165,000", "Issuance of Capital Stock": "40,000", "Issuance of Debt": "4,050,000", "Repayment of Debt": "-3,555,000", "Repurchase of Capital Stock": "-196,000", "Free Cash Flow": "1,036,000"}, "12/31/2020": {"Duration": "12/31/2020", "Operating Cash Flow": "1,334,000", "Investing Cash Flow": "-2,815,000", "Financing Cash Flow": "1,451,000", "End Cash Position": "687,000", "Capital Expenditure": "-183,000", "Issuance of Capital Stock": "35,000", "Issuance of Debt": "7,225,000", "Repayment of Debt": "-5,456,000", "Repurchase of Capital Stock": "-105,000", "Free Cash Flow": "1,151,000"}, "12/31/2019": {"Duration": "12/31/2019", "Operating Cash Flow": "992,000", "Investing Cash Flow": "65,000", "Financing Cash Flow": "-709,000", "End Cash Position": "717,000", "Capital Expenditure": "-121,000", "Issuance of Capital Stock": "27,000", "Issuance of Debt": "-", "Repayment of Debt": "-80,000", "Repurchase of Capital Stock": "-458,000", "Free Cash Flow": "871,000"}, "12/31/2018": {"Duration": "12/31/2018", "Operating Cash Flow": "768,000", "Investing Cash Flow": "-114,000", "Financing Cash Flow": "-707,000", "End Cash Position": "369,000", "Capital Expenditure": "-73,000", "Issuance of Capital Stock": "14,000", "Issuance of Debt": "0", "Repayment of Debt": "-59,000", "Repurchase of Capital Stock": "-438,000", "Free Cash Flow": "695,000"}}}}, {"NLSN": {"quote": {"05/12/2021": {"value": "27.31", "Market Cap": "9.791B", "Beta (5Y Monthly)": "1.46", "PE Ratio (TTM)": "16.83", "EPS (TTM)": "1.62", "Earnings Date": "Aug 03, 2021 - Aug 09, 2021", "Forward Dividend & Yield": "0.24 (0.86%)", "Ex-Dividend Date": "Jun 02, 2021", "1y Target Est": "28.55"}}, "fin": {"TTM": {"Duration": "TTM", "Total Revenue": "6,290,000", "Cost of Revenue": "2,760,000", "Gross Profit": "3,530,000", "Operating Expense": "2,736,000", "Operating Income": "794,000", "Net Non Operating Interest Income Expense": "-369,000", "Other Income Expense": "-351,000", "Pretax Income": "74,000", "Tax Provision": "67,000", "Earnings from Equity Interest Net of Tax": "-", "Net Income Common Stockholders": "-6,000", "Diluted NI Available to Com Stockholders": "-6,000", "Basic EPS": "-", "Diluted EPS": "-", "Basic Average Shares": "-", "Diluted Average Shares": "-", "Total Operating Income as Reported": "466,000", "Total Expenses": "5,496,000", "Net Income from Continuing & Discontinued Operation": "-6,000", "Normalized Income": "240,010", "Interest Income": "2,000", "Interest Expense": "371,000", "Net Interest Income": "-369,000", "EBIT": "445,000", "EBITDA": "1,309,000", "Reconciled Cost of Revenue": "2,760,000", "Reconciled Depreciation": "864,000", "Net Income from Continuing Operation Net Minority Interest": "-6,000", "Total Unusual Items Excluding Goodwill": "-337,000", "Total Unusual Items": "-337,000", "Normalized EBITDA": "1,646,000", "Tax Rate for Calcs": "0", "Tax Effect of Unusual Items": "-90,990"}, "12/31/2020": {"Duration": "12/31/2020", "Total Revenue": "6,290,000", "Cost of Revenue": "2,760,000", "Gross Profit": "3,530,000", "Operating Expense": "2,736,000", "Operating Income": "794,000", "Net Non Operating Interest Income Expense": "-369,000", "Other Income Expense": "-351,000", "Pretax Income": "74,000", "Tax Provision": "67,000", "Earnings from Equity Interest Net of Tax": "-", "Net Income Common Stockholders": "-6,000", "Diluted NI Available to Com Stockholders": "-6,000", "Basic EPS": "-", "Diluted EPS": "-", "Basic Average Shares": "-", "Diluted Average Shares": "-", "Total Operating Income as Reported": "466,000", "Total Expenses": "5,496,000", "Net Income from Continuing & Discontinued Operation": "-6,000", "Normalized Income": "240,010", "Interest Income": "2,000", "Interest Expense": "371,000", "Net Interest Income": "-369,000", "EBIT": "445,000", "EBITDA": "-", "Reconciled Cost of Revenue": "2,760,000", "Reconciled Depreciation": "864,000", "Net Income from Continuing Operation Net Minority Interest": "-6,000", "Total Unusual Items Excluding Goodwill": "-337,000", "Total Unusual Items": "-337,000", "Normalized EBITDA": "1,646,000", "Tax Rate for Calcs": "0", "Tax Effect of Unusual Items": "-90,990"}, "12/31/2019": {"Duration": "12/31/2019", "Total Revenue": "6,498,000", "Cost of Revenue": "2,822,000", "Gross Profit": "3,676,000", "Operating Expense": "2,685,000", "Operating Income": "991,000", "Net Non Operating Interest Income Expense": "-391,000", "Other Income Expense": "-1,263,000", "Pretax Income": "-663,000", "Tax Provision": "-260,000", "Earnings from Equity Interest Net of Tax": "0", "Net Income Common Stockholders": "-415,000", "Diluted NI Available to Com Stockholders": "-415,000", "Basic EPS": "-1.17", "Diluted EPS": "-1.17", "Basic Average Shares": "355,732", "Diluted Average Shares": "355,732", "Total Operating Income as Reported": "-93,000", "Total Expenses": "5,507,000", "Net Income from Continuing & Discontinued Operation": "-415,000", "Normalized Income": "250,152", "Interest Income": "6,000", "Interest Expense": "397,000", "Net Interest Income": "-391,000", "EBIT": "-266,000", "EBITDA": "-", "Reconciled Cost of Revenue": "2,822,000", "Reconciled Depreciation": "756,000", "Net Income from Continuing Operation Net Minority Interest": "-415,000", "Total Unusual Items Excluding Goodwill": "-1,094,000", "Total Unusual Items": "-1,094,000", "Normalized EBITDA": "1,584,000", "Tax Rate for Calcs": "0", "Tax Effect of Unusual Items": "-428,848"}, "12/31/2018": {"Duration": "12/31/2018", "Total Revenue": "6,515,000", "Cost of Revenue": "2,805,000", "Gross Profit": "3,710,000", "Operating Expense": "2,633,000", "Operating Income": "1,077,000", "Net Non Operating Interest Income Expense": "-386,000", "Other Income Expense": "-1,573,000", "Pretax Income": "-882,000", "Tax Provision": "-182,000", "Earnings from Equity Interest Net of Tax": "0", "Net Income Common Stockholders": "-712,000", "Diluted NI Available to Com Stockholders": "-712,000", "Basic EPS": "-2.00", "Diluted EPS": "-2.00", "Basic Average Shares": "355,602", "Diluted Average Shares": "355,602", "Total Operating Income as Reported": "-475,000", "Total Expenses": "5,438,000", "Net Income from Continuing & Discontinued Operation": "-712,000", "Normalized Income": "526,720", "Interest Income": "8,000", "Interest Expense": "394,000", "Net Interest Income": "-386,000", "EBIT": "-488,000", "EBITDA": "-", "Reconciled Cost of Revenue": "2,805,000", "Reconciled Depreciation": "675,000", "Net Income from Continuing Operation Net Minority Interest": "-712,000", "Total Unusual Items Excluding Goodwill": "-1,568,000", "Total Unusual Items": "-1,568,000", "Normalized EBITDA": "1,755,000", "Tax Rate for Calcs": "0", "Tax Effect of Unusual Items": "-329,280"}}, "bs": {"12/31/2020": {"Duration": "12/31/2020", "Total Assets": "14,135,000", "Total Liabilities Net Minority Interest": "11,892,000", "Total Equity Gross Minority Interest": "2,243,000", "Total Capitalization": "10,065,000", "Common Stock Equity": "2,051,000", "Capital Lease Obligations": "358,000", "Net Tangible Assets": "-8,459,000", "Working Capital": "310,000", "Invested Capital": "10,358,000", "Tangible Book Value": "-8,459,000", "Total Debt": "8,665,000", "Net Debt": "7,697,000", "Share Issued": "357,678", "Ordinary Shares Number": "357,645", "Treasury Shares Number": "33.328"}, "12/31/2019": {"Duration": "12/31/2019", "Total Assets": "14,319,000", "Total Liabilities Net Minority Interest": "11,931,000", "Total Equity Gross Minority Interest": "2,388,000", "Total Capitalization": "9,590,000", "Common Stock Equity": "2,195,000", "Capital Lease Obligations": "481,000", "Net Tangible Assets": "-8,679,000", "Working Capital": "-524,000", "Invested Capital": "10,504,000", "Tangible Book Value": "-8,679,000", "Total Debt": "8,790,000", "Net Debt": "7,855,000", "Share Issued": "356,159", "Ordinary Shares Number": "356,150", "Treasury Shares Number": "8.996"}, "12/31/2018": {"Duration": "12/31/2018", "Total Assets": "15,179,000", "Total Liabilities Net Minority Interest": "12,136,000", "Total Equity Gross Minority Interest": "3,043,000", "Total Capitalization": "11,127,000", "Common Stock Equity": "2,847,000", "Capital Lease Obligations": "-", "Net Tangible Assets": "-9,164,000", "Working Capital": "346,000", "Invested Capital": "11,234,000", "Tangible Book Value": "-9,164,000", "Total Debt": "8,387,000", "Net Debt": "7,863,000", "Share Issued": "355,324", "Ordinary Shares Number": "355,272", "Treasury Shares Number": "52.085"}}, "cf": {"TTM": {"Duration": "TTM", "Operating Cash Flow": "999,000", "Investing Cash Flow": "-537,000", "Financing Cash Flow": "-307,000", "End Cash Position": "610,000", "Income Tax Paid Supplemental Data": "189,000", "Interest Paid Supplemental Data": "358,000", "Capital Expenditure": "-519,000", "Issuance of Capital Stock": "-", "Issuance of Debt": "2,971,000", "Repayment of Debt": "-3,152,000", "Repurchase of Capital Stock": "0", "Free Cash Flow": "480,000"}, "12/31/2020": {"Duration": "12/31/2020", "Operating Cash Flow": "999,000", "Investing Cash Flow": "-537,000", "Financing Cash Flow": "-307,000", "End Cash Position": "610,000", "Income Tax Paid Supplemental Data": "189,000", "Interest Paid Supplemental Data": "358,000", "Capital Expenditure": "-519,000", "Issuance of Capital Stock": "-", "Issuance of Debt": "2,971,000", "Repayment of Debt": "-3,152,000", "Repurchase of Capital Stock": "0", "Free Cash Flow": "480,000"}, "12/31/2019": {"Duration": "12/31/2019", "Operating Cash Flow": "1,066,000", "Investing Cash Flow": "-582,000", "Financing Cash Flow": "-544,000", "End Cash Position": "454,000", "Income Tax Paid Supplemental Data": "224,000", "Interest Paid Supplemental Data": "386,000", "Capital Expenditure": "-519,000", "Issuance of Capital Stock": "-", "Issuance of Debt": "0", "Repayment of Debt": "-117,000", "Repurchase of Capital Stock": "0", "Free Cash Flow": "547,000"}, "12/31/2018": {"Duration": "12/31/2018", "Operating Cash Flow": "1,058,000", "Investing Cash Flow": "-506,000", "Financing Cash Flow": "-676,000", "End Cash Position": "524,000", "Income Tax Paid Supplemental Data": "206,000", "Interest Paid Supplemental Data": "380,000", "Capital Expenditure": "-520,000", "Issuance of Capital Stock": "-", "Issuance of Debt": "781,000", "Repayment of Debt": "-895,000", "Repurchase of Capital Stock": "-70,000", "Free Cash Flow": "538,000"}}}}, {"MORN": {"quote": {"05/12/2021": {"value": "241.88", "Market Cap": "10.388B", "Beta (5Y Monthly)": "1.08", "PE Ratio (TTM)": "40.98", "EPS (TTM)": "5.90", "Earnings Date": "Jul 27, 2021 - Aug 02, 2021", "Forward Dividend & Yield": "1.26 (0.50%)", "Ex-Dividend Date": "Jul 08, 2021", "1y Target Est": "N/A"}}, "fin": {"TTM": {"Duration": "TTM", "Total Revenue": "1,458,300", "Cost of Revenue": "576,700", "Gross Profit": "881,600", "Operating Expense": "643,700", "Operating Income": "237,900", "Net Non Operating Interest Income Expense": "-9,100", "Other Income Expense": "88,300", "Pretax Income": "317,100", "Tax Provision": "65,300", "Earnings from Equity Interest Net of Tax": "2,800", "Net Income Common Stockholders": "254,600", "Diluted NI Available to Com Stockholders": "254,600", "Basic EPS": "-", "Diluted EPS": "-", "Basic Average Shares": "-", "Diluted Average Shares": "-", "Total Operating Income as Reported": "237,900", "Total Expenses": "1,220,400", "Net Income from Continuing & Discontinued Operation": "254,600", "Normalized Income": "187,342", "Interest Income": "1,400", "Interest Expense": "10,500", "Net Interest Income": "-9,100", "EBIT": "327,600", "EBITDA": "469,500", "Reconciled Cost of Revenue": "576,700", "Reconciled Depreciation": "141,900", "Net Income from Continuing Operation Net Minority Interest": "254,600", "Total Unusual Items Excluding Goodwill": "84,700", "Total Unusual Items": "84,700", "Normalized EBITDA": "384,800", "Tax Rate for Calcs": "0", "Tax Effect of Unusual Items": "17,442"}, "12/31/2020": {"Duration": "12/31/2020", "Total Revenue": "1,389,500", "Cost of Revenue": "556,400", "Gross Profit": "833,100", "Operating Expense": "617,900", "Operating Income": "215,200", "Net Non Operating Interest Income Expense": "-9,500", "Other Income Expense": "77,300", "Pretax Income": "283,000", "Tax Provision": "59,700", "Earnings from Equity Interest Net of Tax": "300", "Net Income Common Stockholders": "223,600", "Diluted NI Available to Com Stockholders": "223,600", "Basic EPS": "5.22", "Diluted EPS": "5.18", "Basic Average Shares": "42,900", "Diluted Average Shares": "43,200", "Total Operating Income as Reported": "215,200", "Total Expenses": "1,174,300", "Net Income from Continuing & Discontinued Operation": "223,600", "Normalized Income": "158,113", "Interest Income": "1,600", "Interest Expense": "11,100", "Net Interest Income": "-9,500", "EBIT": "294,100", "EBITDA": "-", "Reconciled Cost of Revenue": "556,400", "Reconciled Depreciation": "139,500", "Net Income from Continuing Operation Net Minority Interest": "223,600", "Total Unusual Items Excluding Goodwill": "83,000", "Total Unusual Items": "83,000", "Normalized EBITDA": "350,600", "Tax Rate for Calcs": "0", "Tax Effect of Unusual Items": "17,513"}, "12/31/2019": {"Duration": "12/31/2019", "Total Revenue": "1,179,000", "Cost of Revenue": "483,100", "Gross Profit": "695,900", "Operating Expense": "506,300", "Operating Income": "189,600", "Net Non Operating Interest Income Expense": "-8,700", "Other Income Expense": "17,600", "Pretax Income": "198,500", "Tax Provision": "45,600", "Earnings from Equity Interest Net of Tax": "-900", "Net Income Common Stockholders": "152,000", "Diluted NI Available to Com Stockholders": "152,000", "Basic EPS": "3.56", "Diluted EPS": "3.52", "Basic Average Shares": "42,700", "Diluted Average Shares": "43,200", "Total Operating Income as Reported": "189,600", "Total Expenses": "989,400", "Net Income from Continuing & Discontinued Operation": "152,000", "Normalized Income": "136,082", "Interest Income": "2,400", "Interest Expense": "11,100", "Net Interest Income": "-8,700", "EBIT": "209,600", "EBITDA": "-", "Reconciled Cost of Revenue": "483,100", "Reconciled Depreciation": "117,700", "Net Income from Continuing Operation Net Minority Interest": "152,000", "Total Unusual Items Excluding Goodwill": "20,700", "Total Unusual Items": "20,700", "Normalized EBITDA": "306,600", "Tax Rate for Calcs": "0", "Tax Effect of Unusual Items": "4,782"}, "12/31/2018": {"Duration": "12/31/2018", "Total Revenue": "1,019,900", "Cost of Revenue": "411,100", "Gross Profit": "608,800", "Operating Expense": "393,000", "Operating Income": "215,800", "Net Non Operating Interest Income Expense": "-1,800", "Other Income Expense": "18,900", "Pretax Income": "232,900", "Tax Provision": "47,800", "Earnings from Equity Interest Net of Tax": "-2,100", "Net Income Common Stockholders": "183,000", "Diluted NI Available to Com Stockholders": "183,000", "Basic EPS": "4.30", "Diluted EPS": "4.25", "Basic Average Shares": "42,600", "Diluted Average Shares": "43,000", "Total Operating Income as Reported": "215,800", "Total Expenses": "804,100", "Net Income from Continuing & Discontinued Operation": "183,000", "Normalized Income": "169,440", "Interest Income": "2,300", "Interest Expense": "4,100", "Net Interest Income": "-1,800", "EBIT": "237,000", "EBITDA": "-", "Reconciled Cost of Revenue": "411,100", "Reconciled Depreciation": "96,700", "Net Income from Continuing Operation Net Minority Interest": "183,000", "Total Unusual Items Excluding Goodwill": "17,100", "Total Unusual Items": "17,100", "Normalized EBITDA": "316,600", "Tax Rate for Calcs": "0", "Tax Effect of Unusual Items": "3,540"}}, "bs": {"12/31/2020": {"Duration": "12/31/2020", "Total Assets": "2,696,000", "Total Liabilities Net Minority Interest": "1,424,600", "Total Equity Gross Minority Interest": "1,271,400", "Total Capitalization": "1,720,500", "Common Stock Equity": "1,271,400", "Capital Lease Obligations": "177,600", "Net Tangible Assets": "-313,700", "Working Capital": "103,500", "Invested Capital": "1,720,500", "Tangible Book Value": "-313,700", "Total Debt": "626,700", "Net Debt": "26,600", "Share Issued": "54,034", "Ordinary Shares Number": "42,898", "Treasury Shares Number": "11,135"}, "12/31/2019": {"Duration": "12/31/2019", "Total Assets": "2,370,900", "Total Liabilities Net Minority Interest": "1,287,300", "Total Equity Gross Minority Interest": "1,083,600", "Total Capitalization": "1,585,700", "Common Stock Equity": "1,083,600", "Capital Lease Obligations": "174,500", "Net Tangible Assets": "-288,900", "Working Capital": "107,400", "Invested Capital": "1,596,700", "Tangible Book Value": "-288,900", "Total Debt": "687,600", "Net Debt": "179,000", "Share Issued": "53,689", "Ordinary Shares Number": "42,848", "Treasury Shares Number": "10,840"}, "12/31/2018": {"Duration": "12/31/2018", "Total Assets": "1,453,800", "Total Liabilities Net Minority Interest": "519,100", "Total Equity Gross Minority Interest": "934,700", "Total Capitalization": "1,004,700", "Common Stock Equity": "934,700", "Capital Lease Obligations": "-", "Net Tangible Assets": "304,100", "Working Capital": "238,800", "Invested Capital": "1,004,700", "Tangible Book Value": "304,100", "Total Debt": "70,000", "Net Debt": "-", "Share Issued": "53,441", "Ordinary Shares Number": "42,624", "Treasury Shares Number": "10,817"}}, "cf": {"TTM": {"Duration": "TTM", "Operating Cash Flow": "399,800", "Investing Cash Flow": "-137,700", "Financing Cash Flow": "-221,300", "End Cash Position": "363,300", "Income Tax Paid Supplemental Data": "63,900", "Interest Paid Supplemental Data": "10,500", "Capital Expenditure": "-84,300", "Issuance of Debt": "355,000", "Repayment of Debt": "-480,600", "Repurchase of Capital Stock": "-21,900", "Free Cash Flow": "315,500"}, "12/31/2020": {"Duration": "12/31/2020", "Operating Cash Flow": "384,300", "Investing Cash Flow": "-123,800", "Financing Cash Flow": "-182,200", "End Cash Position": "422,500", "Income Tax Paid Supplemental Data": "58,200", "Interest Paid Supplemental Data": "11,100", "Capital Expenditure": "-76,700", "Issuance of Debt": "410,000", "Repayment of Debt": "-473,400", "Repurchase of Capital Stock": "-41,900", "Free Cash Flow": "307,600"}, "12/31/2019": {"Duration": "12/31/2019", "Operating Cash Flow": "334,400", "Investing Cash Flow": "-746,300", "Financing Cash Flow": "373,700", "End Cash Position": "334,100", "Income Tax Paid Supplemental Data": "63,300", "Interest Paid Supplemental Data": "11,000", "Capital Expenditure": "-80,000", "Issuance of Debt": "610,000", "Repayment of Debt": "-165,600", "Repurchase of Capital Stock": "-4,900", "Free Cash Flow": "254,400"}, "12/31/2018": {"Duration": "12/31/2018", "Operating Cash Flow": "314,800", "Investing Cash Flow": "-49,900", "Financing Cash Flow": "-188,800", "End Cash Position": "369,300", "Income Tax Paid Supplemental Data": "67,000", "Interest Paid Supplemental Data": "3,700", "Capital Expenditure": "-76,100", "Issuance of Debt": "0", "Repayment of Debt": "-110,000", "Repurchase of Capital Stock": "-20,900", "Free Cash Flow": "238,700"}}}}, {"CRWG": {"quote": {"05/12/2021": {"value": "0.0147", "Market Cap": "617,810", "Beta (5Y Monthly)": "-0.29", "PE Ratio (TTM)": "N/A", "EPS (TTM)": "-0.0440", "Earnings Date": "Dec 14, 2015 - Dec 18, 2015", "Forward Dividend & Yield": "N/A (N/A)", "Ex-Dividend Date": "N/A", "1y Target Est": "N/A"}}, "fin": {}, "bs": {}, "cf": {}}}, {"IORG": {"fin": {}, "bs": {}, "cf": {}}}]