[{"ACN": {"quote": {"05/12/2021": {"value": "279.39", "Market Cap": "177.593B", "Beta (5Y Monthly)": "1.09", "PE Ratio (TTM)": "33.06", "EPS (TTM)": "8.45", "Earnings Date": "Jun 24, 2021", "Forward Dividend & Yield": "3.52 (1.22%)", "Ex-Dividend Date": "Apr 14, 2021", "1y Target Est": "298.83"}}, "fin": {"TTM": {"Duration": "TTM", "Total Revenue": "45,676,886", "Cost of Revenue": "31,214,130", "Gross Profit": "14,462,756", "Operating Expense": "7,661,136", "Operating Income": "6,801,620", "Net Non Operating Interest Income Expense": "2,812", "Other Income Expense": "409,006", "Pretax Income": "7,213,438", "Tax Provision": "1,671,825", "Net Income Common Stockholders": "5,457,266", "Average Dilution Earnings": "6,354", "Diluted NI Available to Com Stockholders": "5,463,620", "Basic EPS": "-", "Diluted EPS": "-", "Basic Average Shares": "-", "Diluted Average Shares": "-", "Total Operating Income as Reported": "6,801,620", "Total Expenses": "38,875,266", "Net Income from Continuing & Discontinued Operation": "5,457,266", "Normalized Income": "5,457,266", "Interest Income": "39,618", "Interest Expense": "36,806", "Net Interest Income": "2,812", "EBIT": "7,250,244", "EBITDA": "9,107,769", "Reconciled Cost of Revenue": "31,214,130", "Reconciled Depreciation": "1,857,525", "Net Income from Continuing Operation Net Minority Interest": "5,457,266", "Total Unusual Items Excluding Goodwill": "-", "Total Unusual Items": "-", "Normalized EBITDA": "9,107,769", "Tax Rate for Calcs": "0", "Tax Effect of Unusual Items": "0"}, "8/31/2020": {"Duration": "8/31/2020", "Total Revenue": "44,327,039", "Cost of Revenue": "30,350,881", "Gross Profit": "13,976,158", "Operating Expense": "7,462,514", "Operating Income": "6,513,644", "Net Non Operating Interest Income Expense": "36,260", "Other Income Expense": "224,427", "Pretax Income": "6,774,331", "Tax Provision": "1,589,018", "Net Income Common Stockholders": "5,107,839", "Average Dilution Earnings": "6,325", "Diluted NI Available to Com Stockholders": "5,114,164", "Basic EPS": "8.03", "Diluted EPS": "7.89", "Basic Average Shares": "636,300", "Diluted Average Shares": "647,797", "Total Operating Income as Reported": "6,513,644", "Total Expenses": "37,813,395", "Net Income from Continuing & Discontinued Operation": "5,107,839", "Normalized Income": "5,107,839", "Interest Income": "69,331", "Interest Expense": "33,071", "Net Interest Income": "36,260", "EBIT": "6,807,402", "EBITDA": "-", "Reconciled Cost of Revenue": "30,350,881", "Reconciled Depreciation": "1,773,124", "Net Income from Continuing Operation Net Minority Interest": "5,107,839", "Total Unusual Items Excluding Goodwill": "-", "Total Unusual Items": "-", "Normalized EBITDA": "8,580,526", "Tax Rate for Calcs": "0", "Tax Effect of Unusual Items": "0"}, "8/31/2019": {"Duration": "8/31/2019", "Total Revenue": "43,215,013", "Cost of Revenue": "29,900,325", "Gross Profit": "13,314,688", "Operating Expense": "7,009,614", "Operating Income": "6,305,074", "Net Non Operating Interest Income Expense": "64,545", "Other Income Expense": "-117,822", "Pretax Income": "6,251,797", "Tax Provision": "1,405,556", "Net Income Common Stockholders": "4,779,112", "Average Dilution Earnings": "6,694", "Diluted NI Available to Com Stockholders": "4,785,806", "Basic EPS": "7.49", "Diluted EPS": "7.36", "Basic Average Shares": "638,098", "Diluted Average Shares": "650,205", "Total Operating Income as Reported": "6,305,074", "Total Expenses": "36,909,939", "Net Income from Continuing & Discontinued Operation": "4,779,112", "Normalized Income": "4,779,112", "Interest Income": "87,508", "Interest Expense": "22,963", "Net Interest Income": "64,545", "EBIT": "6,274,760", "EBITDA": "-", "Reconciled Cost of Revenue": "29,900,325", "Reconciled Depreciation": "892,760", "Net Income from Continuing Operation Net Minority Interest": "4,779,112", "Total Unusual Items Excluding Goodwill": "0", "Total Unusual Items": "0", "Normalized EBITDA": "7,167,520", "Tax Rate for Calcs": "0", "Tax Effect of Unusual Items": "0"}, "8/31/2018": {"Duration": "8/31/2018", "Total Revenue": "41,603,428", "Cost of Revenue": "29,160,515", "Gross Profit": "12,442,913", "Operating Expense": "6,601,872", "Operating Income": "5,841,041", "Net Non Operating Interest Income Expense": "36,798", "Other Income Expense": "-69,746", "Pretax Income": "5,808,093", "Tax Provision": "1,593,499", "Net Income Common Stockholders": "4,059,907", "Average Dilution Earnings": "95,063", "Diluted NI Available to Com Stockholders": "4,154,970", "Basic EPS": "6.46", "Diluted EPS": "6.34", "Basic Average Shares": "628,452", "Diluted Average Shares": "655,296", "Total Operating Income as Reported": "5,841,041", "Total Expenses": "35,762,387", "Net Income from Continuing & Discontinued Operation": "4,059,907", "Normalized Income": "4,059,907", "Interest Income": "56,337", "Interest Expense": "19,539", "Net Interest Income": "36,798", "EBIT": "5,827,632", "EBITDA": "-", "Reconciled Cost of Revenue": "29,160,515", "Reconciled Depreciation": "926,776", "Net Income from Continuing Operation Net Minority Interest": "4,059,907", "Total Unusual Items Excluding Goodwill": "0", "Total Unusual Items": "0", "Normalized EBITDA": "6,754,408", "Tax Rate for Calcs": "0", "Tax Effect of Unusual Items": "0"}}, "bs": {"8/31/2020": {"Duration": "8/31/2020", "Total Assets": "37,078,593", "Total Liabilities Net Minority Interest": "19,579,420", "Total Equity Gross Minority Interest": "17,499,173", "Total Capitalization": "17,054,588", "Common Stock Equity": "17,000,536", "Capital Lease Obligations": "3,423,641", "Net Tangible Assets": "8,261,498", "Working Capital": "5,087,166", "Invested Capital": "17,062,408", "Tangible Book Value": "8,261,498", "Total Debt": "3,485,513", "Share Issued": "658,549", "Ordinary Shares Number": "634,166", "Treasury Shares Number": "24,383"}, "8/31/2019": {"Duration": "8/31/2019", "Total Assets": "29,789,880", "Total Liabilities Net Minority Interest": "14,962,189", "Total Equity Gross Minority Interest": "14,827,691", "Total Capitalization": "14,425,255", "Common Stock Equity": "14,409,008", "Capital Lease Obligations": "-", "Net Tangible Assets": "7,362,679", "Working Capital": "4,388,705", "Invested Capital": "14,431,666", "Tangible Book Value": "7,362,679", "Total Debt": "22,658", "Share Issued": "654,739", "Ordinary Shares Number": "635,774", "Treasury Shares Number": "18,965"}, "8/31/2018": {"Duration": "8/31/2018", "Total Assets": "24,449,083", "Total Liabilities Net Minority Interest": "13,724,495", "Total Equity Gross Minority Interest": "10,724,588", "Total Capitalization": "10,384,429", "Common Stock Equity": "10,364,753", "Capital Lease Obligations": "-", "Net Tangible Assets": "4,294,631", "Working Capital": "3,433,808", "Invested Capital": "10,389,766", "Tangible Book Value": "4,294,631", "Total Debt": "25,013", "Share Issued": "663,328", "Ordinary Shares Number": "639,034", "Treasury Shares Number": "24,293"}}, "cf": {"TTM": {"Duration": "TTM", "Operating Cash Flow": "10,035,166", "Investing Cash Flow": "-2,017,099", "Financing Cash Flow": "-4,357,776", "End Cash Position": "9,096,747", "Income Tax Paid Supplemental Data": "1,310,001", "Interest Paid Supplemental Data": "-", "Capital Expenditure": "-524,324", "Issuance of Capital Stock": "1,001,994", "Repurchase of Capital Stock": "-3,170,061", "Free Cash Flow": "9,510,842"}, "8/31/2020": {"Duration": "8/31/2020", "Operating Cash Flow": "8,215,152", "Investing Cash Flow": "-1,894,519", "Financing Cash Flow": "-4,049,092", "End Cash Position": "8,415,330", "Income Tax Paid Supplemental Data": "1,360,030", "Interest Paid Supplemental Data": "28,493", "Capital Expenditure": "-599,132", "Issuance of Capital Stock": "955,308", "Repurchase of Capital Stock": "-2,915,847", "Free Cash Flow": "7,616,020"}, "8/31/2019": {"Duration": "8/31/2019", "Operating Cash Flow": "6,626,953", "Investing Cash Flow": "-1,755,576", "Financing Cash Flow": "-3,767,171", "End Cash Position": "6,126,853", "Income Tax Paid Supplemental Data": "1,587,273", "Interest Paid Supplemental Data": "22,624", "Capital Expenditure": "-599,009", "Issuance of Capital Stock": "848,445", "Repurchase of Capital Stock": "-2,691,114", "Free Cash Flow": "6,027,944"}, "8/31/2018": {"Duration": "8/31/2018", "Operating Cash Flow": "6,026,691", "Investing Cash Flow": "-1,249,604", "Financing Cash Flow": "-3,709,028", "End Cash Position": "5,061,360", "Income Tax Paid Supplemental Data": "1,373,244", "Interest Paid Supplemental Data": "19,673", "Capital Expenditure": "-619,187", "Issuance of Capital Stock": "753,146", "Repurchase of Capital Stock": "-2,639,094", "Free Cash Flow": "5,407,504"}}}}, {"ACXM": {"quote": {"05/12/2021": {"value": "", "Net Assets": "N/A", "Beta (5Y Monthly)": "N/A", "Yield": "N/A", "5y Average Return": "N/A", "Holdings Turnover": "N/A", "Last Dividend": "N/A", "Average for Category": "N/A", "Inception Date": "N/A"}}, "fin": {}, "bs": {}, "cf": {}}}, {"SAIC": {"quote": {"05/12/2021": {"value": "87.41", "Market Cap": "5.067B", "Beta (5Y Monthly)": "0.89", "PE Ratio (TTM)": "24.55", "EPS (TTM)": "3.56", "Earnings Date": "Jun 03, 2021", "Forward Dividend & Yield": "1.48 (1.66%)", "Ex-Dividend Date": "Apr 15, 2021", "1y Target Est": "100.88"}}, "fin": {"TTM": {"Duration": "TTM", "Total Revenue": "7,056,000", "Cost of Revenue": "6,264,000", "Gross Profit": "792,000", "Operating Expense": "348,000", "Operating Income": "444,000", "Net Non Operating Interest Income Expense": "-122,000", "Other Income Expense": "-51,000", "Pretax Income": "271,000", "Tax Provision": "60,000", "Net Income Common Stockholders": "209,000", "Diluted NI Available to Com Stockholders": "209,000", "Basic EPS": "-", "Diluted EPS": "-", "Basic Average Shares": "-", "Diluted Average Shares": "-", "Total Operating Income as Reported": "390,000", "Total Expenses": "6,612,000", "Net Income from Continuing & Discontinued Operation": "209,000", "Normalized Income": "251,066", "Interest Expense": "122,000", "Net Interest Income": "-122,000", "EBIT": "393,000", "EBITDA": "572,000", "Reconciled Cost of Revenue": "6,264,000", "Reconciled Depreciation": "179,000", "Net Income from Continuing Operation Net Minority Interest": "209,000", "Total Unusual Items Excluding Goodwill": "-54,000", "Total Unusual Items": "-54,000", "Normalized EBITDA": "626,000", "Tax Rate for Calcs": "0", "Tax Effect of Unusual Items": "-11,934"}, "1/31/2021": {"Duration": "1/31/2021", "Total Revenue": "7,056,000", "Cost of Revenue": "6,264,000", "Gross Profit": "792,000", "Operating Expense": "348,000", "Operating Income": "444,000", "Net Non Operating Interest Income Expense": "-122,000", "Other Income Expense": "-51,000", "Pretax Income": "271,000", "Tax Provision": "60,000", "Net Income Common Stockholders": "209,000", "Diluted NI Available to Com Stockholders": "209,000", "Basic EPS": "-", "Diluted EPS": "-", "Basic Average Shares": "-", "Diluted Average Shares": "-", "Total Operating Income as Reported": "390,000", "Total Expenses": "6,612,000", "Net Income from Continuing & Discontinued Operation": "209,000", "Normalized Income": "251,066", "Interest Expense": "122,000", "Net Interest Income": "-122,000", "EBIT": "393,000", "EBITDA": "-", "Reconciled Cost of Revenue": "6,264,000", "Reconciled Depreciation": "179,000", "Net Income from Continuing Operation Net Minority Interest": "209,000", "Total Unusual Items Excluding Goodwill": "-54,000", "Total Unusual Items": "-54,000", "Normalized EBITDA": "626,000", "Tax Rate for Calcs": "0", "Tax Effect of Unusual Items": "-11,934"}, "1/31/2020": {"Duration": "1/31/2020", "Total Revenue": "6,379,000", "Cost of Revenue": "5,673,000", "Gross Profit": "706,000", "Operating Expense": "288,000", "Operating Income": "418,000", "Net Non Operating Interest Income Expense": "-90,000", "Other Income Expense": "-42,000", "Pretax Income": "286,000", "Tax Provision": "57,000", "Net Income Common Stockholders": "226,000", "Diluted NI Available to Com Stockholders": "226,000", "Basic EPS": "3.87", "Diluted EPS": "3.83", "Basic Average Shares": "58,400", "Diluted Average Shares": "59,000", "Total Operating Income as Reported": "370,000", "Total Expenses": "5,961,000", "Net Income from Continuing & Discontinued Operation": "226,000", "Normalized Income": "264,400", "Interest Expense": "90,000", "Net Interest Income": "-90,000", "EBIT": "376,000", "EBITDA": "-", "Reconciled Cost of Revenue": "5,673,000", "Reconciled Depreciation": "138,000", "Net Income from Continuing Operation Net Minority Interest": "226,000", "Total Unusual Items Excluding Goodwill": "-48,000", "Total Unusual Items": "-48,000", "Normalized EBITDA": "562,000", "Tax Rate for Calcs": "0", "Tax Effect of Unusual Items": "-9,600"}, "1/31/2019": {"Duration": "1/31/2019", "Total Revenue": "4,659,000", "Cost of Revenue": "4,195,000", "Gross Profit": "464,000", "Operating Expense": "158,000", "Operating Income": "306,000", "Net Non Operating Interest Income Expense": "-53,000", "Other Income Expense": "-83,000", "Pretax Income": "170,000", "Tax Provision": "33,000", "Net Income Common Stockholders": "137,000", "Diluted NI Available to Com Stockholders": "137,000", "Basic EPS": "3.16", "Diluted EPS": "3.11", "Basic Average Shares": "43,400", "Diluted Average Shares": "44,100", "Total Operating Income as Reported": "220,000", "Total Expenses": "4,353,000", "Net Income from Continuing & Discontinued Operation": "137,000", "Normalized Income": "206,316", "Interest Expense": "53,000", "Net Interest Income": "-53,000", "EBIT": "223,000", "EBITDA": "-", "Reconciled Cost of Revenue": "4,195,000", "Reconciled Depreciation": "49,000", "Net Income from Continuing Operation Net Minority Interest": "137,000", "Total Unusual Items Excluding Goodwill": "-86,000", "Total Unusual Items": "-86,000", "Normalized EBITDA": "358,000", "Tax Rate for Calcs": "0", "Tax Effect of Unusual Items": "-16,684"}}, "bs": {"1/31/2021": {"Duration": "1/31/2021", "Total Assets": "5,723,000", "Total Liabilities Net Minority Interest": "4,171,000", "Total Equity Gross Minority Interest": "1,552,000", "Total Capitalization": "3,989,000", "Common Stock Equity": "1,542,000", "Capital Lease Obligations": "205,000", "Net Tangible Assets": "-2,383,000", "Working Capital": "14,000", "Invested Capital": "4,057,000", "Tangible Book Value": "-2,383,000", "Total Debt": "2,720,000", "Net Debt": "2,344,000", "Share Issued": "58,000", "Ordinary Shares Number": "58,000"}, "1/31/2020": {"Duration": "1/31/2020", "Total Assets": "4,711,000", "Total Liabilities Net Minority Interest": "3,284,000", "Total Equity Gross Minority Interest": "1,427,000", "Total Capitalization": "3,268,000", "Common Stock Equity": "1,417,000", "Capital Lease Obligations": "172,000", "Net Tangible Assets": "-1,433,000", "Working Capital": "302,000", "Invested Capital": "3,338,000", "Tangible Book Value": "-1,433,000", "Total Debt": "2,093,000", "Net Debt": "1,733,000", "Share Issued": "58,000", "Ordinary Shares Number": "58,000"}, "1/31/2019": {"Duration": "1/31/2019", "Total Assets": "4,563,000", "Total Liabilities Net Minority Interest": "3,064,000", "Total Equity Gross Minority Interest": "1,499,000", "Total Capitalization": "3,550,000", "Common Stock Equity": "1,485,000", "Capital Lease Obligations": "-", "Net Tangible Assets": "-1,438,000", "Working Capital": "536,000", "Invested Capital": "3,574,000", "Tangible Book Value": "-1,438,000", "Total Debt": "2,089,000", "Net Debt": "1,852,000", "Share Issued": "60,000", "Ordinary Shares Number": "60,000"}}, "cf": {"TTM": {"Duration": "TTM", "Operating Cash Flow": "755,000", "Investing Cash Flow": "-1,231,000", "Financing Cash Flow": "464,000", "End Cash Position": "190,000", "Income Tax Paid Supplemental Data": "39,000", "Interest Paid Supplemental Data": "96,000", "Capital Expenditure": "-46,000", "Issuance of Capital Stock": "13,000", "Issuance of Debt": "1,000,000", "Repayment of Debt": "-399,000", "Repurchase of Capital Stock": "-34,000", "Free Cash Flow": "709,000"}, "1/31/2021": {"Duration": "1/31/2021", "Operating Cash Flow": "755,000", "Investing Cash Flow": "-1,231,000", "Financing Cash Flow": "464,000", "End Cash Position": "190,000", "Income Tax Paid Supplemental Data": "39,000", "Interest Paid Supplemental Data": "96,000", "Capital Expenditure": "-46,000", "Issuance of Capital Stock": "13,000", "Issuance of Debt": "1,000,000", "Repayment of Debt": "-399,000", "Repurchase of Capital Stock": "-34,000", "Free Cash Flow": "709,000"}, "1/31/2020": {"Duration": "1/31/2020", "Operating Cash Flow": "458,000", "Investing Cash Flow": "-47,000", "Financing Cash Flow": "-455,000", "End Cash Position": "202,000", "Income Tax Paid Supplemental Data": "32,000", "Interest Paid Supplemental Data": "86,000", "Capital Expenditure": "-21,000", "Issuance of Capital Stock": "10,000", "Issuance of Debt": "100,000", "Repayment of Debt": "-274,000", "Repurchase of Capital Stock": "-197,000", "Free Cash Flow": "437,000"}, "1/31/2019": {"Duration": "1/31/2019", "Operating Cash Flow": "184,000", "Investing Cash Flow": "-1,028,000", "Financing Cash Flow": "938,000", "End Cash Position": "246,000", "Income Tax Paid Supplemental Data": "24,000", "Interest Paid Supplemental Data": "44,000", "Capital Expenditure": "-28,000", "Issuance of Capital Stock": "7,000", "Issuance of Debt": "1,859,000", "Repayment of Debt": "-779,000", "Repurchase of Capital Stock": "-69,000", "Free Cash Flow": "156,000"}}}}, {"HMNY": {"quote": {"05/12/2021": {"value": "0.0033", "Market Cap": "6.153M", "Beta (5Y Monthly)": "0.73", "PE Ratio (TTM)": "N/A", "EPS (TTM)": "-1.7680", "Earnings Date": "Nov 01, 2019 - Nov 11, 2019", "Forward Dividend & Yield": "N/A (N/A)", "Ex-Dividend Date": "Feb 13, 2014", "1y Target Est": "3,000.00"}}, "fin": {"TTM": {"Duration": "TTM", "Total Revenue": "211,720", "Cost of Revenue": "441,940", "Gross Profit": "-230,220", "Operating Expense": "91,623", "Operating Income": "-321,843", "Net Non Operating Interest Income Expense": "-270,777", "Other Income Expense": "250,118", "Pretax Income": "-342,501", "Tax Provision": "61.375", "Net Income Common Stockholders": "-278,567", "Diluted NI Available to Com Stockholders": "-278,567", "Basic EPS": "-", "Diluted EPS": "-", "Basic Average Shares": "-", "Diluted Average Shares": "-", "Total Operating Income as Reported": "-366,624", "Total Expenses": "533,563", "Net Income from Continuing & Discontinued Operation": "-278,567", "Normalized Income": "-461,153", "Interest Income": "151.563", "Interest Expense": "270,928", "Net Interest Income": "-270,777", "EBIT": "-71,573", "EBITDA": "-66,887", "Reconciled Cost of Revenue": "441,940", "Reconciled Depreciation": "4,686", "Net Income from Continuing Operation Net Minority Interest": "-278,567", "Total Unusual Items Excluding Goodwill": "250,118", "Total Unusual Items": "250,118", "Normalized EBITDA": "-317,006", "Tax Rate for Calcs": "0", "Tax Effect of Unusual Items": "67,532"}}, "bs": {}, "cf": {"TTM": {"Duration": "TTM", "Operating Cash Flow": "-340,828", "Investing Cash Flow": "-20,323", "Financing Cash Flow": "364,382", "End Cash Position": "4,894", "Income Tax Paid Supplemental Data": "31.956", "Interest Paid Supplemental Data": "20,880", "Capital Expenditure": "-281.078", "Issuance of Capital Stock": "299,347", "Issuance of Debt": "157,264", "Repayment of Debt": "-85,257", "Free Cash Flow": "-341,109"}}}}, {"TEAM": {"quote": {"05/12/2021": {"value": "223.87", "Market Cap": "55.981B", "Beta (5Y Monthly)": "0.82", "PE Ratio (TTM)": "N/A", "EPS (TTM)": "-3.49", "Earnings Date": "Jul 28, 2021 - Aug 02, 2021", "Forward Dividend & Yield": "N/A (N/A)", "Ex-Dividend Date": "N/A", "1y Target Est": "273.65"}}, "fin": {"TTM": {"Duration": "TTM", "Total Revenue": "1,960,069", "Cost of Revenue": "308,166", "Gross Profit": "1,651,903", "Operating Expense": "1,546,023", "Operating Income": "105,880", "Net Non Operating Interest Income Expense": "-117,542", "Other Income Expense": "-804,592", "Pretax Income": "-816,254", "Tax Provision": "52,211", "Net Income Common Stockholders": "-868,465", "Diluted NI Available to Com Stockholders": "-868,465", "Basic EPS": "-", "Diluted EPS": "-", "Basic Average Shares": "-", "Diluted Average Shares": "-", "Total Operating Income as Reported": "105,880", "Total Expenses": "1,854,189", "Net Income from Continuing & Discontinued Operation": "-868,465", "Normalized Income": "-664,270", "Interest Income": "9,556", "Interest Expense": "127,098", "Net Interest Income": "-117,542", "EBIT": "-689,156", "EBITDA": "-597,944", "Reconciled Cost of Revenue": "308,166", "Reconciled Depreciation": "91,212", "Net Income from Continuing Operation Net Minority Interest": "-868,465", "Total Unusual Items Excluding Goodwill": "-340,325", "Total Unusual Items": "-340,325", "Normalized EBITDA": "-257,619", "Tax Rate for Calcs": "0", "Tax Effect of Unusual Items": "-136,130"}, "6/30/2020": {"Duration": "6/30/2020", "Total Revenue": "1,614,173", "Cost of Revenue": "268,807", "Gross Profit": "1,345,366", "Operating Expense": "1,331,280", "Operating Income": "14,086", "Net Non Operating Interest Income Expense": "-21,809", "Other Income Expense": "-338,486", "Pretax Income": "-346,209", "Tax Provision": "4,445", "Net Income Common Stockholders": "-350,654", "Diluted NI Available to Com Stockholders": "-350,654", "Basic EPS": "-1.43", "Diluted EPS": "-1.43", "Basic Average Shares": "244,844", "Diluted Average Shares": "244,844", "Total Operating Income as Reported": "14,086", "Total Expenses": "1,600,087", "Net Income from Continuing & Discontinued Operation": "-350,654", "Normalized Income": "-102,217", "Interest Income": "27,801", "Interest Expense": "49,610", "Net Interest Income": "-21,809", "EBIT": "-296,599", "EBITDA": "-", "Reconciled Cost of Revenue": "268,807", "Reconciled Depreciation": "97,398", "Net Income from Continuing Operation Net Minority Interest": "-350,654", "Total Unusual Items Excluding Goodwill": "-340,325", "Total Unusual Items": "-340,325", "Normalized EBITDA": "141,124", "Tax Rate for Calcs": "0", "Tax Effect of Unusual Items": "-91,888"}, "6/30/2019": {"Duration": "6/30/2019", "Total Revenue": "1,210,127", "Cost of Revenue": "210,285", "Gross Profit": "999,842", "Operating Expense": "1,063,204", "Operating Income": "-63,362", "Net Non Operating Interest Income Expense": "-6,741", "Other Income Expense": "-535,453", "Pretax Income": "-605,556", "Tax Provision": "32,065", "Net Income Common Stockholders": "-637,621", "Diluted NI Available to Com Stockholders": "-637,621", "Basic EPS": "-2.67", "Diluted EPS": "-2.67", "Basic Average Shares": "238,611", "Diluted Average Shares": "238,611", "Total Operating Income as Reported": "-63,362", "Total Expenses": "1,273,489", "Net Income from Continuing & Discontinued Operation": "-637,621", "Normalized Income": "-244,707", "Interest Income": "33,500", "Interest Expense": "40,241", "Net Interest Income": "-6,741", "EBIT": "-565,315", "EBITDA": "-", "Reconciled Cost of Revenue": "210,285", "Reconciled Depreciation": "70,248", "Net Income from Continuing Operation Net Minority Interest": "-637,621", "Total Unusual Items Excluding Goodwill": "-538,239", "Total Unusual Items": "-538,239", "Normalized EBITDA": "43,172", "Tax Rate for Calcs": "0", "Tax Effect of Unusual Items": "-145,325"}, "6/30/2018": {"Duration": "6/30/2018", "Total Revenue": "873,950", "Cost of Revenue": "172,690", "Gross Profit": "701,260", "Operating Expense": "755,008", "Operating Income": "-53,748", "Net Non Operating Interest Income Expense": "3,071", "Other Income Expense": "-15,157", "Pretax Income": "-65,834", "Tax Provision": "53,507", "Net Income Common Stockholders": "-119,341", "Diluted NI Available to Com Stockholders": "-119,341", "Basic EPS": "-0.52", "Diluted EPS": "-0.52", "Basic Average Shares": "231,184", "Diluted Average Shares": "231,184", "Total Operating Income as Reported": "-53,748", "Total Expenses": "927,698", "Net Income from Continuing & Discontinued Operation": "-119,341", "Normalized Income": "-108,622", "Interest Income": "9,877", "Interest Expense": "6,806", "Net Interest Income": "3,071", "EBIT": "-59,028", "EBITDA": "-", "Reconciled Cost of Revenue": "172,690", "Reconciled Depreciation": "79,435", "Net Income from Continuing Operation Net Minority Interest": "-119,341", "Total Unusual Items Excluding Goodwill": "-14,683", "Total Unusual Items": "-14,683", "Normalized EBITDA": "35,090", "Tax Rate for Calcs": "0", "Tax Effect of Unusual Items": "-3,964"}}, "bs": {"6/30/2020": {"Duration": "6/30/2020", "Total Assets": "3,894,072", "Total Liabilities Net Minority Interest": "3,318,766", "Total Equity Gross Minority Interest": "575,306", "Total Capitalization": "575,306", "Common Stock Equity": "575,306", "Capital Lease Obligations": "264,568", "Net Tangible Assets": "-199,524", "Working Capital": "-374,993", "Invested Capital": "1,464,489", "Tangible Book Value": "-199,524", "Total Debt": "1,153,751", "Share Issued": "247,447", "Ordinary Shares Number": "247,447"}, "6/30/2019": {"Duration": "6/30/2019", "Total Assets": "2,977,258", "Total Liabilities Net Minority Interest": "2,411,791", "Total Equity Gross Minority Interest": "565,467", "Total Capitalization": "565,467", "Common Stock Equity": "565,467", "Capital Lease Obligations": "1,613", "Net Tangible Assets": "-194,415", "Working Capital": "-287,597", "Invested Capital": "1,419,043", "Tangible Book Value": "-194,415", "Total Debt": "855,189", "Share Issued": "241,996", "Ordinary Shares Number": "241,996"}, "6/30/2018": {"Duration": "6/30/2018", "Total Assets": "2,424,514", "Total Liabilities Net Minority Interest": "1,531,748", "Total Equity Gross Minority Interest": "892,766", "Total Capitalization": "1,712,403", "Common Stock Equity": "892,766", "Capital Lease Obligations": "1,420", "Net Tangible Assets": "517,246", "Working Capital": "1,359,129", "Invested Capital": "1,712,403", "Tangible Book Value": "517,246", "Total Debt": "821,057", "Share Issued": "235,314", "Ordinary Shares Number": "235,314"}}, "cf": {"TTM": {"Duration": "TTM", "Operating Cash Flow": "780,304", "Investing Cash Flow": "204,615", "Financing Cash Flow": "-1,182,605", "End Cash Position": "1,140,507", "Capital Expenditure": "-38,574", "Issuance of Capital Stock": "-", "Issuance of Debt": "0", "Repayment of Debt": "-1,308,375", "Free Cash Flow": "741,730"}, "6/30/2020": {"Duration": "6/30/2020", "Operating Cash Flow": "574,210", "Investing Cash Flow": "-318,931", "Financing Cash Flow": "-42,575", "End Cash Position": "1,479,969", "Capital Expenditure": "-35,709", "Issuance of Capital Stock": "-", "Issuance of Debt": "0", "Repayment of Debt": "-38,127", "Free Cash Flow": "538,501"}, "6/30/2019": {"Duration": "6/30/2019", "Operating Cash Flow": "466,342", "Investing Cash Flow": "-604,198", "Financing Cash Flow": "-3,187", "End Cash Position": "1,268,441", "Capital Expenditure": "-46,302", "Issuance of Capital Stock": "-", "Issuance of Debt": "-", "Repayment of Debt": "-", "Free Cash Flow": "420,040"}, "6/30/2018": {"Duration": "6/30/2018", "Operating Cash Flow": "311,456", "Investing Cash Flow": "-51,696", "Financing Cash Flow": "906,789", "End Cash Position": "1,410,339", "Capital Expenditure": "-30,209", "Issuance of Capital Stock": "0", "Issuance of Debt": "990,494", "Repayment of Debt": "-", "Free Cash Flow": "281,247"}}}}, {"IBM": {"quote": {"05/12/2021": {"value": "141.30", "Market Cap": "126.255B", "Beta (5Y Monthly)": "1.23", "PE Ratio (TTM)": "23.64", "EPS (TTM)": "5.98", "Earnings Date": "Jul 19, 2021", "Forward Dividend & Yield": "6.56 (4.49%)", "Ex-Dividend Date": "May 07, 2021", "1y Target Est": "143.63"}}, "fin": {"TTM": {"Duration": "TTM", "Total Revenue": "73,780,000", "Cost of Revenue": "37,922,000", "Gross Profit": "35,857,000", "Operating Expense": "27,875,000", "Operating Income": "7,982,000", "Net Non Operating Interest Income Expense": "-1,174,000", "Other Income Expense": "-1,215,000", "Pretax Income": "5,591,000", "Tax Provision": "311,000", "Net Income Common Stockholders": "5,370,000", "Average Dilution Earnings": "0", "Diluted NI Available to Com Stockholders": "5,370,000", "Basic EPS": "-", "Diluted EPS": "-", "Basic Average Shares": "-", "Diluted Average Shares": "-", "Total Expenses": "65,797,000", "Net Income from Continuing & Discontinued Operation": "5,370,000", "Normalized Income": "5,446,266", "Interest Income": "68,000", "Interest Expense": "1,242,000", "Net Interest Income": "-1,174,000", "EBIT": "6,833,000", "EBITDA": "13,566,000", "Reconciled Cost of Revenue": "32,305,000", "Reconciled Depreciation": "6,733,000", "Net Income from Continuing Operation Net Minority Interest": "5,281,000", "Total Unusual Items Excluding Goodwill": "-175,000", "Total Unusual Items": "-175,000", "Normalized EBITDA": "13,741,000", "Tax Rate for Calcs": "0", "Tax Effect of Unusual Items": "-9,734"}, "12/31/2020": {"Duration": "12/31/2020", "Total Revenue": "73,621,000", "Cost of Revenue": "38,046,000", "Gross Profit": "35,575,000", "Operating Expense": "28,680,000", "Operating Income": "6,895,000", "Net Non Operating Interest Income Expense": "-1,183,000", "Other Income Expense": "-1,074,000", "Pretax Income": "4,637,000", "Tax Provision": "-864,000", "Net Income Common Stockholders": "5,590,000", "Average Dilution Earnings": "-2,000", "Diluted NI Available to Com Stockholders": "5,588,000", "Basic EPS": "6.28", "Diluted EPS": "6.23", "Basic Average Shares": "890,300", "Diluted Average Shares": "896,600", "Total Expenses": "66,726,000", "Net Income from Continuing & Discontinued Operation": "5,590,000", "Normalized Income": "5,574,000", "Interest Income": "105,000", "Interest Expense": "1,288,000", "Net Interest Income": "-1,183,000", "EBIT": "5,925,000", "EBITDA": "-", "Reconciled Cost of Revenue": "32,474,000", "Reconciled Depreciation": "6,695,000", "Net Income from Continuing Operation Net Minority Interest": "5,501,000", "Total Unusual Items Excluding Goodwill": "-100,000", "Total Unusual Items": "-100,000", "Normalized EBITDA": "12,720,000", "Tax Rate for Calcs": "0", "Tax Effect of Unusual Items": "-27,000"}, "12/31/2019": {"Duration": "12/31/2019", "Total Revenue": "77,147,000", "Cost of Revenue": "40,659,000", "Gross Profit": "36,488,000", "Operating Expense": "25,857,000", "Operating Income": "10,631,000", "Net Non Operating Interest Income Expense": "-995,000", "Other Income Expense": "529,000", "Pretax Income": "10,166,000", "Tax Provision": "731,000", "Net Income Common Stockholders": "9,431,000", "Average Dilution Earnings": "0", "Diluted NI Available to Com Stockholders": "9,431,000", "Basic EPS": "10.63", "Diluted EPS": "10.56", "Basic Average Shares": "887,200", "Diluted Average Shares": "892,800", "Total Expenses": "66,516,000", "Net Income from Continuing & Discontinued Operation": "9,431,000", "Normalized Income": "9,242,904", "Interest Income": "349,000", "Interest Expense": "1,344,000", "Net Interest Income": "-995,000", "EBIT": "11,510,000", "EBITDA": "-", "Reconciled Cost of Revenue": "35,362,000", "Reconciled Depreciation": "6,059,000", "Net Income from Continuing Operation Net Minority Interest": "9,435,000", "Total Unusual Items Excluding Goodwill": "207,000", "Total Unusual Items": "207,000", "Normalized EBITDA": "17,362,000", "Tax Rate for Calcs": "0", "Tax Effect of Unusual Items": "14,904"}, "12/31/2018": {"Duration": "12/31/2018", "Total Revenue": "79,590,000", "Cost of Revenue": "42,655,000", "Gross Profit": "36,936,000", "Operating Expense": "23,651,000", "Operating Income": "13,285,000", "Net Non Operating Interest Income Expense": "-459,000", "Other Income Expense": "-1,482,000", "Pretax Income": "11,342,000", "Tax Provision": "2,619,000", "Net Income Common Stockholders": "8,728,000", "Average Dilution Earnings": "-6,000", "Diluted NI Available to Com Stockholders": "8,722,000", "Basic EPS": "9.57", "Diluted EPS": "9.52", "Basic Average Shares": "912,000", "Diluted Average Shares": "916,300", "Total Expenses": "66,306,000", "Net Income from Continuing & Discontinued Operation": "8,728,000", "Normalized Income": "8,702,237", "Interest Income": "264,000", "Interest Expense": "723,000", "Net Interest Income": "-459,000", "EBIT": "12,065,000", "EBITDA": "-", "Reconciled Cost of Revenue": "38,610,000", "Reconciled Depreciation": "4,480,000", "Net Income from Continuing Operation Net Minority Interest": "8,723,000", "Total Unusual Items Excluding Goodwill": "27,000", "Total Unusual Items": "27,000", "Normalized EBITDA": "16,518,000", "Tax Rate for Calcs": "0", "Tax Effect of Unusual Items": "6,237"}}, "bs": {"12/31/2020": {"Duration": "12/31/2020", "Total Assets": "155,971,000", "Total Liabilities Net Minority Interest": "135,245,000", "Total Equity Gross Minority Interest": "20,726,000", "Total Capitalization": "74,952,000", "Common Stock Equity": "20,597,000", "Capital Lease Obligations": "4,931,000", "Net Tangible Assets": "-52,815,000", "Working Capital": "-704,000", "Invested Capital": "82,135,000", "Tangible Book Value": "-52,815,000", "Total Debt": "66,469,000", "Net Debt": "48,326,000", "Share Issued": "2,242,969", "Ordinary Shares Number": "892,653", "Treasury Shares Number": "1,350,316"}, "12/31/2019": {"Duration": "12/31/2019", "Total Assets": "152,186,000", "Total Liabilities Net Minority Interest": "131,201,000", "Total Equity Gross Minority Interest": "20,985,000", "Total Capitalization": "74,943,000", "Common Stock Equity": "20,841,000", "Capital Lease Obligations": "5,259,000", "Net Tangible Assets": "-52,617,000", "Working Capital": "719,000", "Invested Capital": "83,740,000", "Tangible Book Value": "-52,617,000", "Total Debt": "68,158,000", "Net Debt": "54,727,000", "Share Issued": "2,237,997", "Ordinary Shares Number": "887,110", "Treasury Shares Number": "1,350,887"}, "12/31/2018": {"Duration": "12/31/2018", "Total Assets": "123,382,000", "Total Liabilities Net Minority Interest": "106,452,000", "Total Equity Gross Minority Interest": "16,930,000", "Total Capitalization": "52,401,000", "Common Stock Equity": "16,796,000", "Capital Lease Obligations": "-", "Net Tangible Assets": "-22,557,000", "Working Capital": "10,919,000", "Invested Capital": "62,608,000", "Tangible Book Value": "-22,557,000", "Total Debt": "45,812,000", "Net Debt": "34,433,000", "Share Issued": "2,233,427", "Ordinary Shares Number": "892,479", "Treasury Shares Number": "1,340,948"}}, "cf": {"TTM": {"Duration": "TTM", "Operating Cash Flow": "18,635,000", "Investing Cash Flow": "-4,126,000", "Financing Cash Flow": "-15,389,000", "End Cash Position": "10,491,000", "Income Tax Paid Supplemental Data": "-", "Interest Paid Supplemental Data": "-", "Capital Expenditure": "-3,116,000", "Issuance of Capital Stock": "-", "Issuance of Debt": "4,500,000", "Repayment of Debt": "-12,341,000", "Repurchase of Capital Stock": "-299,000", "Free Cash Flow": "15,519,000"}, "12/31/2020": {"Duration": "12/31/2020", "Operating Cash Flow": "18,197,000", "Investing Cash Flow": "-3,028,000", "Financing Cash Flow": "-9,721,000", "End Cash Position": "13,675,000", "Income Tax Paid Supplemental Data": "2,253,000", "Interest Paid Supplemental Data": "1,830,000", "Capital Expenditure": "-3,230,000", "Issuance of Capital Stock": "-", "Issuance of Debt": "10,504,000", "Repayment of Debt": "-13,365,000", "Repurchase of Capital Stock": "-302,000", "Free Cash Flow": "14,967,000"}, "12/31/2019": {"Duration": "12/31/2019", "Operating Cash Flow": "14,770,000", "Investing Cash Flow": "-26,936,000", "Financing Cash Flow": "9,042,000", "End Cash Position": "8,314,000", "Income Tax Paid Supplemental Data": "2,091,000", "Interest Paid Supplemental Data": "1,685,000", "Capital Expenditure": "-2,907,000", "Issuance of Capital Stock": "-", "Issuance of Debt": "31,825,000", "Repayment of Debt": "-12,944,000", "Repurchase of Capital Stock": "-1,633,000", "Free Cash Flow": "11,863,000"}, "12/31/2018": {"Duration": "12/31/2018", "Operating Cash Flow": "15,247,000", "Investing Cash Flow": "-4,913,000", "Financing Cash Flow": "-10,469,000", "End Cash Position": "11,604,000", "Income Tax Paid Supplemental Data": "1,745,000", "Interest Paid Supplemental Data": "1,423,000", "Capital Expenditure": "-3,964,000", "Issuance of Capital Stock": "-", "Issuance of Debt": "6,891,000", "Repayment of Debt": "-8,533,000", "Repurchase of Capital Stock": "-4,614,000", "Free Cash Flow": "11,283,000"}}}}, {"XRX": {"quote": {"05/12/2021": {"value": "22.85", "Market Cap": "4.386B", "Beta (5Y Monthly)": "1.81", "PE Ratio (TTM)": "21.62", "EPS (TTM)": "1.06", "Earnings Date": "Jul 26, 2021 - Jul 30, 2021", "Forward Dividend & Yield": "1.00 (4.17%)", "Ex-Dividend Date": "Mar 30, 2021", "1y Target Est": "19.00"}}, "fin": {"TTM": {"Duration": "TTM", "Total Revenue": "6,872,000", "Cost of Revenue": "4,347,000", "Gross Profit": "2,525,000", "Operating Expense": "2,110,000", "Operating Income": "415,000", "Net Non Operating Interest Income Expense": "-90,000", "Other Income Expense": "-15,000", "Pretax Income": "310,000", "Tax Provision": "79,000", "Earnings from Equity Interest Net of Tax": "2,000", "Net Income Common Stockholders": "219,000", "Average Dilution Earnings": "-", "Diluted NI Available to Com Stockholders": "219,000", "Basic EPS": "-", "Diluted EPS": "-", "Basic Average Shares": "-", "Diluted Average Shares": "-", "Total Expenses": "6,457,000", "Net Income from Continuing & Discontinued Operation": "233,000", "Normalized Income": "285,906", "Interest Income": "7,000", "Interest Expense": "97,000", "Net Interest Income": "-90,000", "EBIT": "407,000", "EBITDA": "767,000", "Reconciled Cost of Revenue": "4,047,000", "Reconciled Depreciation": "360,000", "Net Income from Continuing Operation Net Minority Interest": "233,000", "Total Unusual Items Excluding Goodwill": "-71,000", "Total Unusual Items": "-71,000", "Normalized EBITDA": "838,000", "Tax Rate for Calcs": "0", "Tax Effect of Unusual Items": "-18,094"}, "12/31/2020": {"Duration": "12/31/2020", "Total Revenue": "7,022,000", "Cost of Revenue": "4,396,000", "Gross Profit": "2,626,000", "Operating Expense": "2,209,000", "Operating Income": "417,000", "Net Non Operating Interest Income Expense": "-80,000", "Other Income Expense": "-85,000", "Pretax Income": "252,000", "Tax Provision": "64,000", "Earnings from Equity Interest Net of Tax": "4,000", "Net Income Common Stockholders": "178,000", "Average Dilution Earnings": "0", "Diluted NI Available to Com Stockholders": "178,000", "Basic EPS": "0.85", "Diluted EPS": "0.84", "Basic Average Shares": "208,983", "Diluted Average Shares": "208,983", "Total Expenses": "6,605,000", "Net Income from Continuing & Discontinued Operation": "192,000", "Normalized Income": "277,044", "Interest Income": "14,000", "Interest Expense": "94,000", "Net Interest Income": "-80,000", "EBIT": "346,000", "EBITDA": "-", "Reconciled Cost of Revenue": "4,084,000", "Reconciled Depreciation": "368,000", "Net Income from Continuing Operation Net Minority Interest": "192,000", "Total Unusual Items Excluding Goodwill": "-114,000", "Total Unusual Items": "-114,000", "Normalized EBITDA": "828,000", "Tax Rate for Calcs": "0", "Tax Effect of Unusual Items": "-28,956"}, "12/31/2019": {"Duration": "12/31/2019", "Total Revenue": "9,066,000", "Cost of Revenue": "5,416,000", "Gross Profit": "3,650,000", "Operating Expense": "2,503,000", "Operating Income": "1,147,000", "Net Non Operating Interest Income Expense": "-89,000", "Other Income Expense": "-236,000", "Pretax Income": "822,000", "Tax Provision": "179,000", "Earnings from Equity Interest Net of Tax": "8,000", "Net Income Common Stockholders": "1,339,000", "Average Dilution Earnings": "14,000", "Diluted NI Available to Com Stockholders": "1,353,000", "Basic EPS": "6.03", "Diluted EPS": "5.80", "Basic Average Shares": "221,969", "Diluted Average Shares": "233,169", "Total Expenses": "7,919,000", "Net Income from Continuing & Discontinued Operation": "1,353,000", "Normalized Income": "807,220", "Interest Income": "16,000", "Interest Expense": "105,000", "Net Interest Income": "-89,000", "EBIT": "927,000", "EBITDA": "-", "Reconciled Cost of Revenue": "5,031,000", "Reconciled Depreciation": "430,000", "Net Income from Continuing Operation Net Minority Interest": "643,000", "Total Unusual Items Excluding Goodwill": "-210,000", "Total Unusual Items": "-210,000", "Normalized EBITDA": "1,567,000", "Tax Rate for Calcs": "0", "Tax Effect of Unusual Items": "-45,780"}, "12/31/2018": {"Duration": "12/31/2018", "Total Revenue": "9,830,000", "Cost of Revenue": "5,903,000", "Gross Profit": "3,927,000", "Operating Expense": "2,835,000", "Operating Income": "1,092,000", "Net Non Operating Interest Income Expense": "-97,000", "Other Income Expense": "-397,000", "Pretax Income": "598,000", "Tax Provision": "257,000", "Earnings from Equity Interest Net of Tax": "33,000", "Net Income Common Stockholders": "347,000", "Average Dilution Earnings": "0", "Diluted NI Available to Com Stockholders": "347,000", "Basic EPS": "1.40", "Diluted EPS": "1.38", "Basic Average Shares": "248,707", "Diluted Average Shares": "251,660", "Total Expenses": "8,738,000", "Net Income from Continuing & Discontinued Operation": "361,000", "Normalized Income": "537,660", "Interest Income": "15,000", "Interest Expense": "112,000", "Net Interest Income": "-97,000", "EBIT": "710,000", "EBITDA": "-", "Reconciled Cost of Revenue": "5,425,000", "Reconciled Depreciation": "526,000", "Net Income from Continuing Operation Net Minority Interest": "361,000", "Total Unusual Items Excluding Goodwill": "-242,000", "Total Unusual Items": "-242,000", "Normalized EBITDA": "1,478,000", "Tax Rate for Calcs": "0", "Tax Effect of Unusual Items": "-65,340"}}, "bs": {"12/31/2020": {"Duration": "12/31/2020", "Total Assets": "14,741,000", "Total Liabilities Net Minority Interest": "8,931,000", "Total Equity Gross Minority Interest": "5,810,000", "Total Capitalization": "9,856,000", "Preferred Stock Equity": "214,000", "Common Stock Equity": "5,592,000", "Capital Lease Obligations": "342,000", "Net Tangible Assets": "1,380,000", "Working Capital": "3,305,000", "Invested Capital": "10,036,000", "Tangible Book Value": "1,166,000", "Total Debt": "4,786,000", "Net Debt": "1,819,000", "Share Issued": "198,386", "Ordinary Shares Number": "198,386", "Treasury Shares Number": "0"}, "12/31/2019": {"Duration": "12/31/2019", "Total Assets": "15,047,000", "Total Liabilities Net Minority Interest": "9,239,000", "Total Equity Gross Minority Interest": "5,808,000", "Total Capitalization": "9,034,000", "Preferred Stock Equity": "214,000", "Common Stock Equity": "5,587,000", "Capital Lease Obligations": "354,000", "Net Tangible Assets": "1,580,000", "Working Capital": "2,705,000", "Invested Capital": "9,869,000", "Tangible Book Value": "1,366,000", "Total Debt": "4,636,000", "Net Debt": "1,542,000", "Share Issued": "214,621", "Ordinary Shares Number": "212,590", "Treasury Shares Number": "2,031"}, "12/31/2018": {"Duration": "12/31/2018", "Total Assets": "14,874,000", "Total Liabilities Net Minority Interest": "9,621,000", "Total Equity Gross Minority Interest": "5,253,000", "Total Capitalization": "9,488,000", "Preferred Stock Equity": "214,000", "Common Stock Equity": "5,005,000", "Capital Lease Obligations": "-", "Net Tangible Assets": "978,000", "Working Capital": "1,444,000", "Invested Capital": "10,235,000", "Tangible Book Value": "764,000", "Total Debt": "5,230,000", "Net Debt": "4,146,000", "Share Issued": "231,690", "Ordinary Shares Number": "229,623", "Treasury Shares Number": "2,067"}}, "cf": {"TTM": {"Duration": "TTM", "Operating Cash Flow": "492,000", "Investing Cash Flow": "-49,000", "Financing Cash Flow": "-674,000", "Cash Flow from Discontinued Operation": "-", "End Cash Position": "2,434,000", "Capital Expenditure": "-68,000", "Issuance of Capital Stock": "-", "Issuance of Debt": "2,357,000", "Repayment of Debt": "-2,321,000", "Repurchase of Capital Stock": "-462,000", "Free Cash Flow": "424,000"}, "12/31/2020": {"Duration": "12/31/2020", "Operating Cash Flow": "548,000", "Investing Cash Flow": "-246,000", "Financing Cash Flow": "-416,000", "Cash Flow from Discontinued Operation": "-", "End Cash Position": "2,691,000", "Capital Expenditure": "-74,000", "Issuance of Capital Stock": "-", "Issuance of Debt": "2,359,000", "Repayment of Debt": "-2,226,000", "Repurchase of Capital Stock": "-300,000", "Free Cash Flow": "474,000"}, "12/31/2019": {"Duration": "12/31/2019", "Operating Cash Flow": "1,333,000", "Investing Cash Flow": "2,148,000", "Financing Cash Flow": "-1,834,000", "Cash Flow from Discontinued Operation": "-", "End Cash Position": "2,795,000", "Capital Expenditure": "-65,000", "Issuance of Capital Stock": "-", "Issuance of Debt": "10,000", "Repayment of Debt": "-960,000", "Repurchase of Capital Stock": "-600,000", "Free Cash Flow": "1,268,000"}, "12/31/2018": {"Duration": "12/31/2018", "Operating Cash Flow": "1,140,000", "Investing Cash Flow": "-29,000", "Financing Cash Flow": "-1,301,000", "Cash Flow from Discontinued Operation": "0", "End Cash Position": "1,148,000", "Capital Expenditure": "-90,000", "Issuance of Capital Stock": "-", "Issuance of Debt": "9,000", "Repayment of Debt": "-311,000", "Repurchase of Capital Stock": "-700,000", "Free Cash Flow": "1,050,000"}}}}, {"NCR": {"quote": {"05/12/2021": {"value": "45.14", "Market Cap": "5.909B", "Beta (5Y Monthly)": "1.82", "PE Ratio (TTM)": "N/A", "EPS (TTM)": "-0.79", "Earnings Date": "Jul 26, 2021 - Jul 30, 2021", "Forward Dividend & Yield": "N/A (N/A)", "Ex-Dividend Date": "N/A", "1y Target Est": "52.88"}}, "fin": {"TTM": {"Duration": "TTM", "Total Revenue": "6,248,000", "Cost of Revenue": "4,707,000", "Gross Profit": "1,541,000", "Operating Expense": "1,269,000", "Operating Income": "272,000", "Net Non Operating Interest Income Expense": "-210,000", "Other Income Expense": "-98,000", "Pretax Income": "-36,000", "Tax Provision": "-37,000", "Net Income Common Stockholders": "-101,000", "Diluted NI Available to Com Stockholders": "-101,000", "Basic EPS": "-", "Diluted EPS": "-", "Basic Average Shares": "-", "Diluted Average Shares": "-", "Total Operating Income as Reported": "254,000", "Total Expenses": "5,976,000", "Net Income from Continuing & Discontinued Operation": "-72,000", "Normalized Income": "31,200", "Interest Income": "-", "Interest Expense": "213,000", "Net Interest Income": "-210,000", "EBIT": "177,000", "EBITDA": "546,000", "Reconciled Cost of Revenue": "4,707,000", "Reconciled Depreciation": "369,000", "Net Income from Continuing Operation Net Minority Interest": "0", "Total Unusual Items Excluding Goodwill": "-52,000", "Total Unusual Items": "-52,000", "Normalized EBITDA": "598,000", "Tax Rate for Calcs": "0", "Tax Effect of Unusual Items": "-20,800"}, "12/31/2020": {"Duration": "12/31/2020", "Total Revenue": "6,207,000", "Cost of Revenue": "4,683,000", "Gross Profit": "1,524,000", "Operating Expense": "1,285,000", "Operating Income": "239,000", "Net Non Operating Interest Income Expense": "-215,000", "Other Income Expense": "-83,000", "Pretax Income": "-59,000", "Tax Provision": "-53,000", "Net Income Common Stockholders": "-110,000", "Diluted NI Available to Com Stockholders": "-110,000", "Basic EPS": "-0.86", "Diluted EPS": "-0.86", "Basic Average Shares": "128,400", "Diluted Average Shares": "128,400", "Total Operating Income as Reported": "221,000", "Total Expenses": "5,968,000", "Net Income from Continuing & Discontinued Operation": "-79,000", "Normalized Income": "30,960", "Interest Income": "8,000", "Interest Expense": "218,000", "Net Interest Income": "-215,000", "EBIT": "159,000", "EBITDA": "-", "Reconciled Cost of Revenue": "4,683,000", "Reconciled Depreciation": "364,000", "Net Income from Continuing Operation Net Minority Interest": "-7,000", "Total Unusual Items Excluding Goodwill": "-52,000", "Total Unusual Items": "-52,000", "Normalized EBITDA": "575,000", "Tax Rate for Calcs": "0", "Tax Effect of Unusual Items": "-14,040"}, "12/31/2019": {"Duration": "12/31/2019", "Total Revenue": "6,915,000", "Cost of Revenue": "4,994,000", "Gross Profit": "1,921,000", "Operating Expense": "1,310,000", "Operating Income": "611,000", "Net Non Operating Interest Income Expense": "-199,000", "Other Income Expense": "-71,000", "Pretax Income": "341,000", "Tax Provision": "-273,000", "Net Income Common Stockholders": "454,000", "Diluted NI Available to Com Stockholders": "454,000", "Basic EPS": "3.72", "Diluted EPS": "3.36", "Basic Average Shares": "122,100", "Diluted Average Shares": "145,200", "Total Operating Income as Reported": "611,000", "Total Expenses": "6,304,000", "Net Income from Continuing & Discontinued Operation": "564,000", "Normalized Income": "603,780", "Interest Income": "5,000", "Interest Expense": "197,000", "Net Interest Income": "-199,000", "EBIT": "538,000", "EBITDA": "-", "Reconciled Cost of Revenue": "4,994,000", "Reconciled Depreciation": "333,000", "Net Income from Continuing Operation Net Minority Interest": "614,000", "Total Unusual Items Excluding Goodwill": "14,000", "Total Unusual Items": "14,000", "Normalized EBITDA": "857,000", "Tax Rate for Calcs": "0", "Tax Effect of Unusual Items": "3,780"}, "12/31/2018": {"Duration": "12/31/2018", "Total Revenue": "6,405,000", "Cost of Revenue": "4,730,000", "Gross Profit": "1,675,000", "Operating Expense": "1,257,000", "Operating Income": "418,000", "Net Non Operating Interest Income Expense": "-171,000", "Other Income Expense": "-208,000", "Pretax Income": "39,000", "Tax Provision": "73,000", "Net Income Common Stockholders": "-137,000", "Diluted NI Available to Com Stockholders": "-137,000", "Basic EPS": "-1.16", "Diluted EPS": "-1.16", "Basic Average Shares": "118,400", "Diluted Average Shares": "118,400", "Total Operating Income as Reported": "191,000", "Total Expenses": "5,987,000", "Net Income from Continuing & Discontinued Operation": "-88,000", "Normalized Income": "148,690", "Interest Income": "5,000", "Interest Expense": "168,000", "Net Interest Income": "-171,000", "EBIT": "207,000", "EBITDA": "-", "Reconciled Cost of Revenue": "4,730,000", "Reconciled Depreciation": "330,000", "Net Income from Continuing Operation Net Minority Interest": "-36,000", "Total Unusual Items Excluding Goodwill": "-253,000", "Total Unusual Items": "-253,000", "Normalized EBITDA": "790,000", "Tax Rate for Calcs": "0", "Tax Effect of Unusual Items": "-68,310"}}, "bs": {"12/31/2020": {"Duration": "12/31/2020", "Total Assets": "8,414,000", "Total Liabilities Net Minority Interest": "7,090,000", "Total Equity Gross Minority Interest": "1,324,000", "Total Capitalization": "4,591,000", "Preferred Stock Equity": "273,000", "Common Stock Equity": "1,048,000", "Capital Lease Obligations": "325,000", "Net Tangible Assets": "-2,048,000", "Working Capital": "390,000", "Invested Capital": "4,326,000", "Tangible Book Value": "-2,321,000", "Total Debt": "3,603,000", "Net Debt": "2,940,000", "Share Issued": "129,100", "Ordinary Shares Number": "129,100"}, "12/31/2019": {"Duration": "12/31/2019", "Total Assets": "8,987,000", "Total Liabilities Net Minority Interest": "7,485,000", "Total Equity Gross Minority Interest": "1,502,000", "Total Capitalization": "4,776,000", "Preferred Stock Equity": "395,000", "Common Stock Equity": "1,104,000", "Capital Lease Obligations": "369,000", "Net Tangible Assets": "-1,940,000", "Working Capital": "606,000", "Invested Capital": "4,663,000", "Tangible Book Value": "-2,335,000", "Total Debt": "3,928,000", "Net Debt": "3,050,000", "Share Issued": "127,700", "Ordinary Shares Number": "127,700"}, "12/31/2018": {"Duration": "12/31/2018", "Total Assets": "7,761,000", "Total Liabilities Net Minority Interest": "6,503,000", "Total Equity Gross Minority Interest": "1,258,000", "Total Capitalization": "4,234,000", "Preferred Stock Equity": "859,000", "Common Stock Equity": "395,000", "Capital Lease Obligations": "-", "Net Tangible Assets": "-2,033,000", "Working Capital": "741,000", "Invested Capital": "3,560,000", "Tangible Book Value": "-2,892,000", "Total Debt": "3,165,000", "Net Debt": "2,701,000", "Share Issued": "118,700", "Ordinary Shares Number": "118,700"}}, "cf": {"TTM": {"Duration": "TTM", "Operating Cash Flow": "695,000", "Investing Cash Flow": "-397,000", "Financing Cash Flow": "-1,181,000", "Cash Flow from Discontinued Operation": "-", "End Cash Position": "390,000", "Income Tax Paid Supplemental Data": "-", "Interest Paid Supplemental Data": "-", "Capital Expenditure": "-245,000", "Issuance of Debt": "2,090,000", "Repayment of Debt": "-3,090,000", "Repurchase of Capital Stock": "-144,000", "Free Cash Flow": "450,000"}, "12/31/2020": {"Duration": "12/31/2020", "Operating Cash Flow": "641,000", "Investing Cash Flow": "-277,000", "Financing Cash Flow": "-514,000", "Cash Flow from Discontinued Operation": "0", "End Cash Position": "406,000", "Income Tax Paid Supplemental Data": "82,000", "Interest Paid Supplemental Data": "196,000", "Capital Expenditure": "-263,000", "Issuance of Debt": "3,039,000", "Repayment of Debt": "-3,338,000", "Repurchase of Capital Stock": "-185,000", "Free Cash Flow": "378,000"}, "12/31/2019": {"Duration": "12/31/2019", "Operating Cash Flow": "604,000", "Investing Cash Flow": "-527,000", "Financing Cash Flow": "-31,000", "Cash Flow from Discontinued Operation": "-24,000", "End Cash Position": "516,000", "Income Tax Paid Supplemental Data": "61,000", "Interest Paid Supplemental Data": "168,000", "Capital Expenditure": "-329,000", "Issuance of Debt": "5,285,000", "Repayment of Debt": "-4,877,000", "Repurchase of Capital Stock": "-398,000", "Free Cash Flow": "275,000"}, "12/31/2018": {"Duration": "12/31/2018", "Operating Cash Flow": "536,000", "Investing Cash Flow": "-520,000", "Financing Cash Flow": "-58,000", "Cash Flow from Discontinued Operation": "-", "End Cash Position": "476,000", "Income Tax Paid Supplemental Data": "106,000", "Interest Paid Supplemental Data": "160,000", "Capital Expenditure": "-313,000", "Issuance of Debt": "2,453,000", "Repayment of Debt": "-2,284,000", "Repurchase of Capital Stock": "-210,000", "Free Cash Flow": "223,000"}}}}, {"UIS": {"quote": {"05/12/2021": {"value": "23.69", "Market Cap": "1.588B", "Beta (5Y Monthly)": "0.57", "PE Ratio (TTM)": "N/A", "EPS (TTM)": "-6.67", "Earnings Date": "Aug 02, 2021 - Aug 06, 2021", "Forward Dividend & Yield": "N/A (N/A)", "Ex-Dividend Date": "Jun 18, 1990", "1y Target Est": "36.33"}}, "fin": {"TTM": {"Duration": "TTM", "Total Revenue": "2,026,300", "Cost of Revenue": "1,543,300", "Gross Profit": "483,000", "Operating Expense": "396,000", "Operating Income": "87,000", "Net Non Operating Interest Income Expense": "-29,200", "Other Income Expense": "-329,600", "Pretax Income": "-271,800", "Tax Provision": "45,400", "Net Income Common Stockholders": "750,700", "Average Dilution Earnings": "-", "Diluted NI Available to Com Stockholders": "750,700", "Basic EPS": "-", "Diluted EPS": "-", "Basic Average Shares": "-", "Diluted Average Shares": "-", "Total Operating Income as Reported": "87,000", "Total Expenses": "1,939,300", "Net Income from Continuing & Discontinued Operation": "750,700", "Normalized Income": "-317,700", "Interest Expense": "29,200", "Net Interest Income": "-29,200", "EBIT": "-242,600", "EBITDA": "-81,600", "Reconciled Cost of Revenue": "1,543,300", "Reconciled Depreciation": "161,000", "Net Income from Continuing Operation Net Minority Interest": "-317,700", "Normalized EBITDA": "-81,600", "Tax Rate for Calcs": "0", "Tax Effect of Unusual Items": "0"}, "12/31/2020": {"Duration": "12/31/2020", "Total Revenue": "2,026,300", "Cost of Revenue": "1,543,300", "Gross Profit": "483,000", "Operating Expense": "396,000", "Operating Income": "87,000", "Net Non Operating Interest Income Expense": "-29,200", "Other Income Expense": "-329,600", "Pretax Income": "-271,800", "Tax Provision": "45,400", "Net Income Common Stockholders": "750,700", "Average Dilution Earnings": "-", "Diluted NI Available to Com Stockholders": "750,700", "Basic EPS": "-", "Diluted EPS": "-", "Basic Average Shares": "-", "Diluted Average Shares": "-", "Total Operating Income as Reported": "87,000", "Total Expenses": "1,939,300", "Net Income from Continuing & Discontinued Operation": "750,700", "Normalized Income": "-317,700", "Interest Expense": "29,200", "Net Interest Income": "-29,200", "EBIT": "-242,600", "EBITDA": "-", "Reconciled Cost of Revenue": "1,543,300", "Reconciled Depreciation": "161,000", "Net Income from Continuing Operation Net Minority Interest": "-317,700", "Normalized EBITDA": "-81,600", "Tax Rate for Calcs": "0", "Tax Effect of Unusual Items": "0"}, "12/31/2019": {"Duration": "12/31/2019", "Total Revenue": "2,948,700", "Cost of Revenue": "2,282,300", "Gross Profit": "666,400", "Operating Expense": "428,200", "Operating Income": "238,200", "Net Non Operating Interest Income Expense": "-62,100", "Other Income Expense": "-136,400", "Pretax Income": "39,700", "Tax Provision": "53,000", "Net Income Common Stockholders": "-17,200", "Average Dilution Earnings": "0", "Diluted NI Available to Com Stockholders": "-17,200", "Basic EPS": "-0.31", "Diluted EPS": "-0.31", "Basic Average Shares": "55,961", "Diluted Average Shares": "55,961", "Total Operating Income as Reported": "238,200", "Total Expenses": "2,710,500", "Net Income from Continuing & Discontinued Operation": "-17,200", "Normalized Income": "-17,200", "Interest Expense": "62,100", "Net Interest Income": "-62,100", "EBIT": "101,800", "EBITDA": "-", "Reconciled Cost of Revenue": "2,282,300", "Reconciled Depreciation": "147,400", "Net Income from Continuing Operation Net Minority Interest": "-17,200", "Normalized EBITDA": "249,200", "Tax Rate for Calcs": "0", "Tax Effect of Unusual Items": "0"}, "12/31/2018": {"Duration": "12/31/2018", "Total Revenue": "2,825,000", "Cost of Revenue": "2,138,700", "Gross Profit": "686,300", "Operating Expense": "402,200", "Operating Income": "284,100", "Net Non Operating Interest Income Expense": "-64,000", "Other Income Expense": "-76,900", "Pretax Income": "143,200", "Tax Provision": "64,300", "Net Income Common Stockholders": "75,500", "Average Dilution Earnings": "19,600", "Diluted NI Available to Com Stockholders": "95,100", "Basic EPS": "1.48", "Diluted EPS": "1.30", "Basic Average Shares": "50,946", "Diluted Average Shares": "73,355", "Total Operating Income as Reported": "284,100", "Total Expenses": "2,540,900", "Net Income from Continuing & Discontinued Operation": "75,500", "Normalized Income": "75,500", "Interest Expense": "64,000", "Net Interest Income": "-64,000", "EBIT": "207,200", "EBITDA": "-", "Reconciled Cost of Revenue": "2,138,700", "Reconciled Depreciation": "164,100", "Net Income from Continuing Operation Net Minority Interest": "75,500", "Normalized EBITDA": "371,300", "Tax Rate for Calcs": "0", "Tax Effect of Unusual Items": "0"}}, "bs": {"12/31/2020": {"Duration": "12/31/2020", "Total Assets": "2,707,900", "Total Liabilities Net Minority Interest": "3,020,000", "Total Equity Gross Minority Interest": "-312,100", "Total Capitalization": "170,300", "Common Stock Equity": "-356,800", "Capital Lease Obligations": "99,500", "Net Tangible Assets": "-659,000", "Working Capital": "570,900", "Invested Capital": "273,100", "Tangible Book Value": "-659,000", "Total Debt": "729,400", "Net Debt": "-", "Share Issued": "66,800", "Ordinary Shares Number": "63,000", "Treasury Shares Number": "3,800"}, "12/31/2019": {"Duration": "12/31/2019", "Total Assets": "2,504,000", "Total Liabilities Net Minority Interest": "3,732,300", "Total Equity Gross Minority Interest": "-1,228,300", "Total Capitalization": "-699,300", "Common Stock Equity": "-1,265,400", "Capital Lease Obligations": "153,600", "Net Tangible Assets": "-1,629,400", "Working Capital": "294,000", "Invested Capital": "-685,800", "Tangible Book Value": "-1,629,400", "Total Debt": "733,200", "Net Debt": "40,800", "Share Issued": "65,900", "Ordinary Shares Number": "62,400", "Treasury Shares Number": "3,500"}, "12/31/2018": {"Duration": "12/31/2018", "Total Assets": "2,457,600", "Total Liabilities Net Minority Interest": "3,757,200", "Total Equity Gross Minority Interest": "-1,299,600", "Total Capitalization": "-700,700", "Common Stock Equity": "-1,343,500", "Capital Lease Obligations": "-", "Net Tangible Assets": "-1,683,400", "Working Capital": "378,100", "Invested Capital": "-690,700", "Tangible Book Value": "-1,683,400", "Total Debt": "652,800", "Net Debt": "47,800", "Share Issued": "54,200", "Ordinary Shares Number": "51,100", "Treasury Shares Number": "3,100"}}, "cf": {"TTM": {"Duration": "TTM", "Operating Cash Flow": "-681,200", "Investing Cash Flow": "1,041,600", "Financing Cash Flow": "5,100", "End Cash Position": "906,700", "Capital Expenditure": "-100,000", "Issuance of Debt": "497,300", "Repayment of Debt": "-454,800", "Free Cash Flow": "-781,200"}, "12/31/2020": {"Duration": "12/31/2020", "Operating Cash Flow": "-681,200", "Investing Cash Flow": "1,041,600", "Financing Cash Flow": "5,100", "End Cash Position": "906,700", "Capital Expenditure": "-100,000", "Issuance of Debt": "497,300", "Repayment of Debt": "-454,800", "Free Cash Flow": "-781,200"}, "12/31/2019": {"Duration": "12/31/2019", "Operating Cash Flow": "123,900", "Investing Cash Flow": "-158,200", "Financing Cash Flow": "-38,000", "End Cash Position": "551,800", "Capital Expenditure": "-111,300", "Issuance of Debt": "30,500", "Repayment of Debt": "-14,400", "Free Cash Flow": "12,600"}, "12/31/2018": {"Duration": "12/31/2018", "Operating Cash Flow": "73,900", "Investing Cash Flow": "-185,000", "Financing Cash Flow": "-4,800", "End Cash Position": "624,100", "Capital Expenditure": "-116,300", "Issuance of Debt": "0", "Repayment of Debt": "-2,300", "Free Cash Flow": "-42,400"}}}}, {"CACI": {"quote": {"05/12/2021": {"value": "253.99", "Market Cap": "5.982B", "Beta (5Y Monthly)": "1.05", "PE Ratio (TTM)": "15.56", "EPS (TTM)": "16.33", "Earnings Date": "Aug 10, 2021 - Aug 16, 2021", "Forward Dividend & Yield": "N/A (N/A)", "Ex-Dividend Date": "N/A", "1y Target Est": "300.10"}}, "fin": {"TTM": {"Duration": "TTM", "Total Revenue": "5,975,716", "Cost of Revenue": "5,412,268", "Gross Profit": "563,448", "Operating Income": "561,077", "Net Non Operating Interest Income Expense": "-38,468", "Pretax Income": "522,609", "Tax Provision": "108,412", "Net Income Common Stockholders": "414,197", "Diluted NI Available to Com Stockholders": "414,197", "Basic EPS": "-", "Diluted EPS": "-", "Basic Average Shares": "-", "Diluted Average Shares": "-", "Total Operating Income as Reported": "561,077", "Total Expenses": "5,414,639", "Net Income from Continuing & Discontinued Operation": "414,197", "Normalized Income": "414,197", "Interest Expense": "38,468", "Net Interest Income": "-38,468", "EBIT": "561,077", "EBITDA": "683,485", "Reconciled Cost of Revenue": "5,412,268", "Reconciled Depreciation": "122,408", "Net Income from Continuing Operation Net Minority Interest": "414,197", "Normalized EBITDA": "683,485", "Tax Rate for Calcs": "0", "Tax Effect of Unusual Items": "0"}, "6/30/2020": {"Duration": "6/30/2020", "Total Revenue": "5,720,042", "Cost of Revenue": "5,262,346", "Gross Profit": "457,696", "Operating Income": "457,696", "Net Non Operating Interest Income Expense": "-56,059", "Pretax Income": "401,637", "Tax Provision": "80,157", "Net Income Common Stockholders": "321,480", "Diluted NI Available to Com Stockholders": "321,480", "Basic EPS": "12.84", "Diluted EPS": "12.61", "Basic Average Shares": "25,031", "Diluted Average Shares": "25,485", "Total Operating Income as Reported": "457,696", "Total Expenses": "5,262,346", "Net Income from Continuing & Discontinued Operation": "321,480", "Normalized Income": "321,480", "Interest Expense": "56,059", "Net Interest Income": "-56,059", "EBIT": "457,696", "EBITDA": "-", "Reconciled Cost of Revenue": "5,262,346", "Reconciled Depreciation": "110,688", "Net Income from Continuing Operation Net Minority Interest": "321,480", "Normalized EBITDA": "568,384", "Tax Rate for Calcs": "0", "Tax Effect of Unusual Items": "0"}, "6/30/2019": {"Duration": "6/30/2019", "Total Revenue": "4,986,341", "Cost of Revenue": "4,608,474", "Gross Profit": "377,867", "Operating Income": "377,867", "Net Non Operating Interest Income Expense": "-49,958", "Pretax Income": "327,909", "Tax Provision": "62,305", "Net Income Common Stockholders": "265,604", "Diluted NI Available to Com Stockholders": "265,604", "Basic EPS": "10.70", "Diluted EPS": "10.46", "Basic Average Shares": "24,833", "Diluted Average Shares": "25,395", "Total Operating Income as Reported": "377,867", "Total Expenses": "4,608,474", "Net Income from Continuing & Discontinued Operation": "265,604", "Normalized Income": "265,604", "Interest Expense": "49,958", "Net Interest Income": "-49,958", "EBIT": "377,867", "EBITDA": "-", "Reconciled Cost of Revenue": "4,608,474", "Reconciled Depreciation": "85,877", "Net Income from Continuing Operation Net Minority Interest": "265,604", "Normalized EBITDA": "463,744", "Tax Rate for Calcs": "0", "Tax Effect of Unusual Items": "0"}, "6/30/2018": {"Duration": "6/30/2018", "Total Revenue": "4,467,860", "Cost of Revenue": "4,127,160", "Gross Profit": "340,700", "Operating Income": "340,700", "Net Non Operating Interest Income Expense": "-42,036", "Pretax Income": "298,664", "Tax Provision": "-2,507", "Net Income Common Stockholders": "301,171", "Diluted NI Available to Com Stockholders": "301,171", "Basic EPS": "12.23", "Diluted EPS": "11.93", "Basic Average Shares": "24,616", "Diluted Average Shares": "25,255", "Total Operating Income as Reported": "340,700", "Total Expenses": "4,127,160", "Net Income from Continuing & Discontinued Operation": "301,171", "Normalized Income": "301,171", "Interest Expense": "42,036", "Net Interest Income": "-42,036", "EBIT": "340,700", "EBITDA": "-", "Reconciled Cost of Revenue": "4,127,160", "Reconciled Depreciation": "72,196", "Net Income from Continuing Operation Net Minority Interest": "301,171", "Normalized EBITDA": "412,896", "Tax Rate for Calcs": "0", "Tax Effect of Unusual Items": "0"}}, "bs": {"6/30/2020": {"Duration": "6/30/2020", "Total Assets": "5,542,472", "Total Liabilities Net Minority Interest": "2,881,162", "Total Equity Gross Minority Interest": "2,661,310", "Total Capitalization": "4,018,694", "Common Stock Equity": "2,661,175", "Capital Lease Obligations": "377,229", "Net Tangible Assets": "-1,152,820", "Working Capital": "316,727", "Invested Capital": "4,065,614", "Tangible Book Value": "-1,152,820", "Total Debt": "1,781,668", "Net Debt": "1,297,203", "Share Issued": "42,525", "Ordinary Shares Number": "25,093", "Treasury Shares Number": "17,432"}, "6/30/2019": {"Duration": "6/30/2019", "Total Assets": "5,086,843", "Total Liabilities Net Minority Interest": "2,715,377", "Total Equity Gross Minority Interest": "2,371,466", "Total Capitalization": "3,989,424", "Common Stock Equity": "2,371,331", "Capital Lease Obligations": "-", "Net Tangible Assets": "-1,400,863", "Working Capital": "339,798", "Invested Capital": "4,036,344", "Tangible Book Value": "-1,400,863", "Total Debt": "1,665,013", "Net Debt": "1,592,985", "Share Issued": "42,314", "Ordinary Shares Number": "24,880", "Treasury Shares Number": "17,434"}, "6/30/2018": {"Duration": "6/30/2018", "Total Assets": "4,034,206", "Total Liabilities Net Minority Interest": "1,927,319", "Total Equity Gross Minority Interest": "2,106,887", "Total Capitalization": "3,122,172", "Common Stock Equity": "2,106,752", "Capital Lease Obligations": "-", "Net Tangible Assets": "-755,838", "Working Capital": "392,210", "Invested Capital": "3,169,092", "Tangible Book Value": "-755,838", "Total Debt": "1,062,340", "Net Debt": "996,146", "Share Issued": "42,138", "Ordinary Shares Number": "24,704", "Treasury Shares Number": "17,434"}}, "cf": {"TTM": {"Duration": "TTM", "Operating Cash Flow": "661,396", "Investing Cash Flow": "-425,742", "Financing Cash Flow": "-212,313", "End Cash Position": "100,497", "Income Tax Paid Supplemental Data": "81,031", "Interest Paid Supplemental Data": "35,240", "Capital Expenditure": "-69,245", "Issuance of Debt": "2,738,000", "Repayment of Debt": "-2,429,920", "Repurchase of Capital Stock": "-508,851", "Free Cash Flow": "592,151"}, "6/30/2020": {"Duration": "6/30/2020", "Operating Cash Flow": "518,705", "Investing Cash Flow": "-178,529", "Financing Cash Flow": "-303,394", "End Cash Position": "107,236", "Income Tax Paid Supplemental Data": "79,071", "Interest Paid Supplemental Data": "50,986", "Capital Expenditure": "-72,303", "Issuance of Debt": "1,698,000", "Repayment of Debt": "-1,960,920", "Repurchase of Capital Stock": "-7,806", "Free Cash Flow": "446,402"}, "6/30/2019": {"Duration": "6/30/2019", "Operating Cash Flow": "555,297", "Investing Cash Flow": "-1,127,982", "Financing Cash Flow": "579,556", "End Cash Position": "72,028", "Income Tax Paid Supplemental Data": "68,303", "Interest Paid Supplemental Data": "44,673", "Capital Expenditure": "-47,902", "Issuance of Debt": "2,531,500", "Repayment of Debt": "-1,928,420", "Repurchase of Capital Stock": "-5,838", "Free Cash Flow": "507,395"}, "6/30/2018": {"Duration": "6/30/2018", "Operating Cash Flow": "325,127", "Investing Cash Flow": "-118,273", "Financing Cash Flow": "-206,516", "End Cash Position": "66,194", "Income Tax Paid Supplemental Data": "57,941", "Interest Paid Supplemental Data": "40,100", "Capital Expenditure": "-41,594", "Issuance of Debt": "477,000", "Repayment of Debt": "-647,474", "Repurchase of Capital Stock": "-5,138", "Free Cash Flow": "283,533"}}}}, {"CDW": {"quote": {"03/26/2021": {"value": "167.90", "Market Cap": "23.672B", "Beta (5Y Monthly)": "1.09", "PE Ratio (TTM)": "30.81", "EPS (TTM)": "5.45", "Earnings Date": "May 04, 2021 - May 10, 2021", "Forward Dividend & Yield": "1.60 (1.00%)", "Ex-Dividend Date": "Feb 24, 2021", "1y Target Est": "171.25"}}}}, {"DMRC": {"quote": {"03/26/2021": {"value": "32.50", "Market Cap": "547.667M", "Beta (5Y Monthly)": "1.23", "PE Ratio (TTM)": "N/A", "EPS (TTM)": "-3.41", "Earnings Date": "Feb 24, 2021", "Forward Dividend & Yield": "N/A (N/A)", "Ex-Dividend Date": "May 01, 2014", "1y Target Est": "28.00"}}}}, {"MNDO": {"quote": {"03/26/2021": {"value": "2.7800", "Market Cap": "55.561M", "Beta (5Y Monthly)": "0.78", "PE Ratio (TTM)": "10.30", "EPS (TTM)": "0.2700", "Earnings Date": "May 12, 2021 - May 17, 2021", "Forward Dividend & Yield": "0.26 (9.52%)", "Ex-Dividend Date": "Mar 17, 2021", "1y Target Est": "N/A"}}}}, {"SABR": {"quote": {"03/26/2021": {"value": "14.88", "Market Cap": "4.722B", "Beta (5Y Monthly)": "2.29", "PE Ratio (TTM)": "N/A", "EPS (TTM)": "-4.42", "Earnings Date": "May 06, 2021 - May 10, 2021", "Forward Dividend & Yield": "N/A (N/A)", "Ex-Dividend Date": "Mar 19, 2020", "1y Target Est": "14.00"}}}}, {"WYY": {"quote": {"03/26/2021": {"value": "9.66", "Market Cap": "86.889M", "Beta (5Y Monthly)": "1.26", "PE Ratio (TTM)": "8.05", "EPS (TTM)": "1.20", "Earnings Date": "Mar 23, 2021", "Forward Dividend & Yield": "N/A (N/A)", "Ex-Dividend Date": "N/A", "1y Target Est": "13.50"}}}}, {"CTG": {"quote": {"05/12/2021": {"value": "9.63", "Market Cap": "146.307M", "Beta (5Y Monthly)": "0.77", "PE Ratio (TTM)": "17.57", "EPS (TTM)": "0.55", "Earnings Date": "Jul 19, 2021 - Jul 23, 2021", "Forward Dividend & Yield": "N/A (N/A)", "Ex-Dividend Date": "Sep 22, 2016", "1y Target Est": "12.50"}}, "fin": {"TTM": {"Duration": "TTM", "Total Revenue": "376,271", "Cost of Revenue": "295,592", "Gross Profit": "80,679", "Operating Expense": "71,518", "Operating Income": "9,161", "Net Non Operating Interest Income Expense": "-", "Other Income Expense": "-", "Pretax Income": "10,733", "Tax Provision": "2,730", "Net Income Common Stockholders": "8,003", "Diluted NI Available to Com Stockholders": "8,003", "Basic EPS": "-", "Diluted EPS": "-", "Basic Average Shares": "-", "Diluted Average Shares": "-", "Total Operating Income as Reported": "9,161", "Total Expenses": "367,110", "Net Income from Continuing & Discontinued Operation": "8,003", "Normalized Income": "6,653", "Interest Income": "-", "Interest Expense": "-", "Net Interest Income": "-", "EBIT": "11,475", "EBITDA": "14,822", "Reconciled Cost of Revenue": "295,592", "Reconciled Depreciation": "3,347", "Net Income from Continuing Operation Net Minority Interest": "8,003", "Total Unusual Items Excluding Goodwill": "1,811", "Total Unusual Items": "1,811", "Normalized EBITDA": "13,011", "Tax Rate for Calcs": "0", "Tax Effect of Unusual Items": "460.6382"}, "12/31/2020": {"Duration": "12/31/2020", "Total Revenue": "366,091", "Cost of Revenue": "289,133", "Gross Profit": "76,958", "Operating Expense": "67,828", "Operating Income": "9,130", "Net Non Operating Interest Income Expense": "-280", "Other Income Expense": "1,811", "Pretax Income": "10,661", "Tax Provision": "3,022", "Net Income Common Stockholders": "7,639", "Diluted NI Available to Com Stockholders": "7,639", "Basic EPS": "-", "Diluted EPS": "-", "Basic Average Shares": "-", "Diluted Average Shares": "-", "Total Operating Income as Reported": "9,130", "Total Expenses": "356,961", "Net Income from Continuing & Discontinued Operation": "7,639", "Normalized Income": "6,341", "Interest Income": "506", "Interest Expense": "786", "Net Interest Income": "-280", "EBIT": "11,447", "EBITDA": "-", "Reconciled Cost of Revenue": "289,133", "Reconciled Depreciation": "3,309", "Net Income from Continuing Operation Net Minority Interest": "7,639", "Total Unusual Items Excluding Goodwill": "1,811", "Total Unusual Items": "1,811", "Normalized EBITDA": "12,945", "Tax Rate for Calcs": "0", "Tax Effect of Unusual Items": "512.513"}, "12/31/2019": {"Duration": "12/31/2019", "Total Revenue": "394,170", "Cost of Revenue": "319,135", "Gross Profit": "75,035", "Operating Expense": "68,123", "Operating Income": "6,912", "Net Non Operating Interest Income Expense": "-623", "Other Income Expense": "-743", "Pretax Income": "6,289", "Tax Provision": "2,164", "Net Income Common Stockholders": "4,125", "Diluted NI Available to Com Stockholders": "4,125", "Basic EPS": "0.31", "Diluted EPS": "0.29", "Basic Average Shares": "13,450", "Diluted Average Shares": "13,997", "Total Operating Income as Reported": "6,912", "Total Expenses": "387,258", "Net Income from Continuing & Discontinued Operation": "4,125", "Normalized Income": "4,125", "Interest Income": "311", "Interest Expense": "934", "Net Interest Income": "-623", "EBIT": "7,223", "EBITDA": "-", "Reconciled Cost of Revenue": "319,135", "Reconciled Depreciation": "3,268", "Net Income from Continuing Operation Net Minority Interest": "4,125", "Total Unusual Items Excluding Goodwill": "0", "Total Unusual Items": "0", "Normalized EBITDA": "10,491", "Tax Rate for Calcs": "0", "Tax Effect of Unusual Items": "0"}, "12/31/2018": {"Duration": "12/31/2018", "Total Revenue": "358,769", "Cost of Revenue": "290,282", "Gross Profit": "68,487", "Operating Expense": "66,407", "Operating Income": "2,080", "Net Non Operating Interest Income Expense": "-618", "Other Income Expense": "807", "Pretax Income": "2,269", "Tax Provision": "5,086", "Net Income Common Stockholders": "-2,817", "Diluted NI Available to Com Stockholders": "-2,817", "Basic EPS": "-0.20", "Diluted EPS": "-0.20", "Basic Average Shares": "13,805", "Diluted Average Shares": "13,805", "Total Operating Income as Reported": "2,080", "Total Expenses": "356,689", "Net Income from Continuing & Discontinued Operation": "-2,817", "Normalized Income": "-3,406", "Interest Income": "223", "Interest Expense": "841", "Net Interest Income": "-618", "EBIT": "3,110", "EBITDA": "-", "Reconciled Cost of Revenue": "290,282", "Reconciled Depreciation": "2,537", "Net Income from Continuing Operation Net Minority Interest": "-2,817", "Total Unusual Items Excluding Goodwill": "807", "Total Unusual Items": "807", "Normalized EBITDA": "4,840", "Tax Rate for Calcs": "0", "Tax Effect of Unusual Items": "217.89"}}, "bs": {"12/31/2020": {"Duration": "12/31/2020", "Total Assets": "176,253", "Total Liabilities Net Minority Interest": "96,745", "Total Equity Gross Minority Interest": "79,508", "Total Capitalization": "79,508", "Common Stock Equity": "79,508", "Capital Lease Obligations": "21,991", "Net Tangible Assets": "49,136", "Working Capital": "51,993", "Invested Capital": "79,508", "Tangible Book Value": "49,136", "Total Debt": "21,991", "Share Issued": "27,018", "Ordinary Shares Number": "15,176", "Treasury Shares Number": "11,842"}, "12/31/2019": {"Duration": "12/31/2019", "Total Assets": "158,706", "Total Liabilities Net Minority Interest": "92,470", "Total Equity Gross Minority Interest": "66,236", "Total Capitalization": "71,526", "Common Stock Equity": "66,236", "Capital Lease Obligations": "21,253", "Net Tangible Assets": "41,116", "Working Capital": "44,994", "Invested Capital": "71,526", "Tangible Book Value": "41,116", "Total Debt": "26,543", "Share Issued": "27,018", "Ordinary Shares Number": "14,707", "Treasury Shares Number": "12,311"}, "12/31/2018": {"Duration": "12/31/2018", "Total Assets": "124,121", "Total Liabilities Net Minority Interest": "59,893", "Total Equity Gross Minority Interest": "64,228", "Total Capitalization": "67,868", "Common Stock Equity": "64,228", "Capital Lease Obligations": "-", "Net Tangible Assets": "46,628", "Working Capital": "51,855", "Invested Capital": "67,868", "Tangible Book Value": "46,628", "Total Debt": "3,640", "Share Issued": "27,018", "Ordinary Shares Number": "14,272", "Treasury Shares Number": "12,746"}}, "cf": {"TTM": {"Duration": "TTM", "Operating Cash Flow": "13,814", "Investing Cash Flow": "-1,221", "Financing Cash Flow": "-11,809", "End Cash Position": "32,265", "Capital Expenditure": "-", "Issuance of Debt": "-", "Repayment of Debt": "-", "Repurchase of Capital Stock": "-", "Free Cash Flow": "11,612"}, "12/31/2020": {"Duration": "12/31/2020", "Operating Cash Flow": "30,738", "Investing Cash Flow": "-4,983", "Financing Cash Flow": "-5,685", "End Cash Position": "32,865", "Capital Expenditure": "-2,885", "Issuance of Debt": "40,845", "Repayment of Debt": "-46,135", "Repurchase of Capital Stock": "-", "Free Cash Flow": "27,853"}, "12/31/2019": {"Duration": "12/31/2019", "Operating Cash Flow": "8,530", "Investing Cash Flow": "-11,521", "Financing Cash Flow": "1,794", "End Cash Position": "10,781", "Capital Expenditure": "-2,442", "Issuance of Debt": "170,920", "Repayment of Debt": "-169,270", "Repurchase of Capital Stock": "0", "Free Cash Flow": "6,088"}, "12/31/2018": {"Duration": "12/31/2018", "Operating Cash Flow": "-303", "Investing Cash Flow": "-12,645", "Financing Cash Flow": "14,612", "End Cash Position": "12,431", "Capital Expenditure": "-2,245", "Issuance of Debt": "163,654", "Repayment of Debt": "-135,181", "Repurchase of Capital Stock": "-14,945", "Free Cash Flow": "-2,548"}}}}, {"CSPI": {"quote": {"05/12/2021": {"value": "9.58", "Market Cap": "41.903M", "Beta (5Y Monthly)": "1.80", "PE Ratio (TTM)": "208.26", "EPS (TTM)": "0.05", "Earnings Date": "May 11, 2021", "Forward Dividend & Yield": "N/A (N/A)", "Ex-Dividend Date": "Feb 27, 2020", "1y Target Est": "N/A"}}, "fin": {"TTM": {"Duration": "TTM", "Total Revenue": "56,323", "Cost of Revenue": "39,809", "Gross Profit": "16,514", "Operating Expense": "18,073", "Operating Income": "-1,559", "Net Non Operating Interest Income Expense": "298", "Other Income Expense": "2,070", "Pretax Income": "809", "Tax Provision": "564", "Net Income Common Stockholders": "191", "Diluted NI Available to Com Stockholders": "191", "Basic EPS": "-", "Diluted EPS": "-", "Basic Average Shares": "-", "Diluted Average Shares": "-", "Total Operating Income as Reported": "-1,559", "Total Expenses": "57,882", "Net Income from Continuing & Discontinued Operation": "245", "Normalized Income": "342.82", "Interest Income": "507", "Interest Expense": "209", "Net Interest Income": "298", "EBIT": "1,018", "EBITDA": "1,449", "Reconciled Cost of Revenue": "39,809", "Reconciled Depreciation": "431", "Net Income from Continuing Operation Net Minority Interest": "245", "Total Unusual Items Excluding Goodwill": "-134", "Total Unusual Items": "-134", "Normalized EBITDA": "1,583", "Tax Rate for Calcs": "0", "Tax Effect of Unusual Items": "-36.18"}, "9/30/2020": {"Duration": "9/30/2020", "Total Revenue": "61,793", "Cost of Revenue": "44,626", "Gross Profit": "17,167", "Operating Expense": "18,591", "Operating Income": "-1,424", "Net Non Operating Interest Income Expense": "354", "Other Income Expense": "8", "Pretax Income": "-1,062", "Tax Provision": "384", "Net Income Common Stockholders": "-1,446", "Diluted NI Available to Com Stockholders": "-1,446", "Basic EPS": "-0.36", "Diluted EPS": "-0.36", "Basic Average Shares": "4,028", "Diluted Average Shares": "4,028", "Total Operating Income as Reported": "-1,424", "Total Expenses": "63,217", "Net Income from Continuing & Discontinued Operation": "-1,446", "Normalized Income": "-1,445", "Interest Income": "582", "Interest Expense": "228", "Net Interest Income": "354", "EBIT": "-834", "EBITDA": "-", "Reconciled Cost of Revenue": "44,626", "Reconciled Depreciation": "452", "Net Income from Continuing Operation Net Minority Interest": "-1,446", "Total Unusual Items Excluding Goodwill": "-2", "Total Unusual Items": "-2", "Normalized EBITDA": "-380", "Tax Rate for Calcs": "0", "Tax Effect of Unusual Items": "-0.54"}, "9/30/2019": {"Duration": "9/30/2019", "Total Revenue": "79,061", "Cost of Revenue": "61,035", "Gross Profit": "18,026", "Operating Expense": "18,852", "Operating Income": "-826", "Net Non Operating Interest Income Expense": "224", "Other Income Expense": "160", "Pretax Income": "-442", "Tax Provision": "-71", "Net Income Common Stockholders": "-371", "Diluted NI Available to Com Stockholders": "-371", "Basic EPS": "-0.09", "Diluted EPS": "-0.09", "Basic Average Shares": "3,924", "Diluted Average Shares": "3,924", "Total Operating Income as Reported": "-826", "Total Expenses": "79,887", "Net Income from Continuing & Discontinued Operation": "-371", "Normalized Income": "-502.723", "Interest Income": "323", "Interest Expense": "99", "Net Interest Income": "224", "EBIT": "-343", "EBITDA": "-", "Reconciled Cost of Revenue": "61,035", "Reconciled Depreciation": "416", "Net Income from Continuing Operation Net Minority Interest": "-371", "Total Unusual Items Excluding Goodwill": "157", "Total Unusual Items": "157", "Normalized EBITDA": "-84", "Tax Rate for Calcs": "0", "Tax Effect of Unusual Items": "25.277"}, "9/30/2018": {"Duration": "9/30/2018", "Total Revenue": "72,916", "Cost of Revenue": "54,517", "Gross Profit": "18,399", "Operating Expense": "20,000", "Operating Income": "-1,601", "Net Non Operating Interest Income Expense": "-65", "Other Income Expense": "560", "Pretax Income": "-1,106", "Tax Provision": "882", "Net Income Common Stockholders": "13,842", "Diluted NI Available to Com Stockholders": "13,842", "Basic EPS": "3.62", "Diluted EPS": "3.55", "Basic Average Shares": "3,822", "Diluted Average Shares": "3,901", "Total Operating Income as Reported": "-1,601", "Total Expenses": "74,517", "Net Income from Continuing & Discontinued Operation": "14,440", "Normalized Income": "-2,180", "Interest Income": "20", "Interest Expense": "85", "Net Interest Income": "-65", "EBIT": "-1,021", "EBITDA": "-", "Reconciled Cost of Revenue": "54,517", "Reconciled Depreciation": "625", "Net Income from Continuing Operation Net Minority Interest": "-1,988", "Total Unusual Items Excluding Goodwill": "263", "Total Unusual Items": "263", "Normalized EBITDA": "-659", "Tax Rate for Calcs": "0", "Tax Effect of Unusual Items": "71.01"}}, "bs": {"9/30/2020": {"Duration": "9/30/2020", "Total Assets": "53,645", "Total Liabilities Net Minority Interest": "24,111", "Total Equity Gross Minority Interest": "29,534", "Total Capitalization": "32,019", "Common Stock Equity": "29,534", "Capital Lease Obligations": "2,343", "Net Tangible Assets": "29,506", "Working Capital": "28,612", "Invested Capital": "35,205", "Tangible Book Value": "29,506", "Total Debt": "8,014", "Net Debt": "2,485", "Share Issued": "4,276", "Ordinary Shares Number": "4,276"}, "9/30/2019": {"Duration": "9/30/2019", "Total Assets": "59,369", "Total Liabilities Net Minority Interest": "28,941", "Total Equity Gross Minority Interest": "30,428", "Total Capitalization": "31,112", "Common Stock Equity": "30,428", "Capital Lease Obligations": "-", "Net Tangible Assets": "30,391", "Working Capital": "26,507", "Invested Capital": "33,888", "Tangible Book Value": "30,391", "Total Debt": "3,460", "Net Debt": "-", "Share Issued": "4,154", "Ordinary Shares Number": "4,154"}, "9/30/2018": {"Duration": "9/30/2018", "Total Assets": "55,275", "Total Liabilities Net Minority Interest": "21,473", "Total Equity Gross Minority Interest": "33,802", "Total Capitalization": "33,802", "Common Stock Equity": "33,802", "Capital Lease Obligations": "-", "Net Tangible Assets": "33,754", "Working Capital": "34,354", "Invested Capital": "37,049", "Tangible Book Value": "33,754", "Total Debt": "3,247", "Net Debt": "-", "Share Issued": "4,017", "Ordinary Shares Number": "4,017"}}, "cf": {"TTM": {"Duration": "TTM", "Operating Cash Flow": "2,181", "Investing Cash Flow": "-111", "Financing Cash Flow": "27", "End Cash Position": "19,724", "Income Tax Paid Supplemental Data": "24", "Interest Paid Supplemental Data": "260", "Capital Expenditure": "-56", "Issuance of Debt": "-", "Repayment of Debt": "-1,122", "Repurchase of Capital Stock": "-", "Free Cash Flow": "2,125"}, "9/30/2020": {"Duration": "9/30/2020", "Operating Cash Flow": "244", "Investing Cash Flow": "-345", "Financing Cash Flow": "832", "End Cash Position": "19,264", "Income Tax Paid Supplemental Data": "22", "Interest Paid Supplemental Data": "277", "Capital Expenditure": "-230", "Issuance of Debt": "4,217", "Repayment of Debt": "-2,356", "Repurchase of Capital Stock": "-46", "Free Cash Flow": "14"}, "9/30/2019": {"Duration": "9/30/2019", "Operating Cash Flow": "-3,329", "Investing Cash Flow": "-976", "Financing Cash Flow": "-2,250", "End Cash Position": "18,099", "Income Tax Paid Supplemental Data": "52", "Interest Paid Supplemental Data": "68", "Capital Expenditure": "-832", "Issuance of Debt": "1,001", "Repayment of Debt": "-1,064", "Repurchase of Capital Stock": "-", "Free Cash Flow": "-4,161"}, "9/30/2018": {"Duration": "9/30/2018", "Operating Cash Flow": "3,017", "Investing Cash Flow": "13,645", "Financing Cash Flow": "-1,738", "End Cash Position": "25,107", "Income Tax Paid Supplemental Data": "900", "Interest Paid Supplemental Data": "73", "Capital Expenditure": "-438", "Issuance of Debt": "-", "Repayment of Debt": "-70", "Repurchase of Capital Stock": "-", "Free Cash Flow": "2,579"}}}}, {"ISDR": {"quote": {"05/12/2021": {"value": "27.49", "Market Cap": "103.527M", "Beta (5Y Monthly)": "N/A", "PE Ratio (TTM)": "42.89", "EPS (TTM)": "0.64", "Earnings Date": "Jul 29, 2021 - Aug 02, 2021", "Forward Dividend & Yield": "N/A (N/A)", "Ex-Dividend Date": "Jul 24, 2018", "1y Target Est": "30.00"}}, "fin": {"TTM": {"Duration": "TTM", "Total Revenue": "18,526", "Cost of Revenue": "5,415", "Gross Profit": "13,111", "Operating Expense": "10,417", "Operating Income": "2,694", "Net Non Operating Interest Income Expense": "56", "Other Income Expense": "80", "Pretax Income": "2,830", "Tax Provision": "724", "Net Income Common Stockholders": "2,106", "Diluted NI Available to Com Stockholders": "2,106", "Basic EPS": "-", "Diluted EPS": "-", "Basic Average Shares": "-", "Diluted Average Shares": "-", "Total Operating Income as Reported": "2,694", "Total Expenses": "15,832", "Net Income from Continuing & Discontinued Operation": "2,106", "Normalized Income": "2,046", "Interest Income": "-", "Net Interest Income": "56", "EBIT": "2,694", "EBITDA": "4,042", "Reconciled Cost of Revenue": "4,818", "Reconciled Depreciation": "1,348", "Net Income from Continuing Operation Net Minority Interest": "2,106", "Total Unusual Items Excluding Goodwill": "80", "Total Unusual Items": "80", "Normalized EBITDA": "3,962", "Tax Rate for Calcs": "0", "Tax Effect of Unusual Items": "20.48"}, "12/31/2020": {"Duration": "12/31/2020", "Total Revenue": "18,526", "Cost of Revenue": "5,415", "Gross Profit": "13,111", "Operating Expense": "10,417", "Operating Income": "2,694", "Net Non Operating Interest Income Expense": "56", "Other Income Expense": "80", "Pretax Income": "2,830", "Tax Provision": "724", "Net Income Common Stockholders": "2,106", "Diluted NI Available to Com Stockholders": "2,106", "Basic EPS": "-", "Diluted EPS": "-", "Basic Average Shares": "-", "Diluted Average Shares": "-", "Total Operating Income as Reported": "2,694", "Total Expenses": "15,832", "Net Income from Continuing & Discontinued Operation": "2,106", "Normalized Income": "2,046", "Interest Income": "56", "Net Interest Income": "56", "EBIT": "2,694", "EBITDA": "-", "Reconciled Cost of Revenue": "4,818", "Reconciled Depreciation": "1,348", "Net Income from Continuing Operation Net Minority Interest": "2,106", "Total Unusual Items Excluding Goodwill": "80", "Total Unusual Items": "80", "Normalized EBITDA": "3,962", "Tax Rate for Calcs": "0", "Tax Effect of Unusual Items": "20.48"}, "12/31/2019": {"Duration": "12/31/2019", "Total Revenue": "16,295", "Cost of Revenue": "5,080", "Gross Profit": "11,215", "Operating Expense": "10,741", "Operating Income": "474", "Net Non Operating Interest Income Expense": "321", "Other Income Expense": "-", "Pretax Income": "795", "Tax Provision": "109", "Net Income Common Stockholders": "686", "Diluted NI Available to Com Stockholders": "686", "Basic EPS": "0.18", "Diluted EPS": "0.18", "Basic Average Shares": "3,839", "Diluted Average Shares": "3,861", "Total Operating Income as Reported": "474", "Total Expenses": "15,821", "Net Income from Continuing & Discontinued Operation": "686", "Normalized Income": "686", "Interest Income": "-", "Net Interest Income": "321", "EBIT": "474", "EBITDA": "-", "Reconciled Cost of Revenue": "4,298", "Reconciled Depreciation": "1,667", "Net Income from Continuing Operation Net Minority Interest": "686", "Total Unusual Items Excluding Goodwill": "-", "Total Unusual Items": "-", "Normalized EBITDA": "2,141", "Tax Rate for Calcs": "0", "Tax Effect of Unusual Items": "0"}, "12/31/2018": {"Duration": "12/31/2018", "Total Revenue": "14,232", "Cost of Revenue": "4,103", "Gross Profit": "10,129", "Operating Expense": "8,966", "Operating Income": "1,163", "Net Non Operating Interest Income Expense": "47", "Other Income Expense": "-", "Pretax Income": "1,210", "Tax Provision": "373", "Net Income Common Stockholders": "837", "Diluted NI Available to Com Stockholders": "837", "Basic EPS": "0.25", "Diluted EPS": "0.24", "Basic Average Shares": "3,415", "Diluted Average Shares": "3,463", "Total Operating Income as Reported": "1,163", "Total Expenses": "13,069", "Net Income from Continuing & Discontinued Operation": "837", "Normalized Income": "837", "Interest Income": "-", "Net Interest Income": "47", "EBIT": "1,163", "EBITDA": "-", "Reconciled Cost of Revenue": "3,309", "Reconciled Depreciation": "1,397", "Net Income from Continuing Operation Net Minority Interest": "837", "Total Unusual Items Excluding Goodwill": "0", "Total Unusual Items": "0", "Normalized EBITDA": "2,560", "Tax Rate for Calcs": "0", "Tax Effect of Unusual Items": "0"}}, "bs": {"12/31/2020": {"Duration": "12/31/2020", "Total Assets": "34,889", "Total Liabilities Net Minority Interest": "6,747", "Total Equity Gross Minority Interest": "28,142", "Total Capitalization": "28,142", "Common Stock Equity": "28,142", "Capital Lease Obligations": "1,971", "Net Tangible Assets": "18,334", "Working Capital": "17,789", "Invested Capital": "28,142", "Tangible Book Value": "18,334", "Total Debt": "1,971", "Share Issued": "3,771", "Ordinary Shares Number": "3,771"}, "12/31/2019": {"Duration": "12/31/2019", "Total Assets": "32,390", "Total Liabilities Net Minority Interest": "6,290", "Total Equity Gross Minority Interest": "26,100", "Total Capitalization": "26,100", "Common Stock Equity": "26,100", "Capital Lease Obligations": "2,309", "Net Tangible Assets": "15,075", "Working Capital": "14,166", "Invested Capital": "26,401", "Tangible Book Value": "15,075", "Total Debt": "2,610", "Share Issued": "3,786", "Ordinary Shares Number": "3,786"}, "12/31/2018": {"Duration": "12/31/2018", "Total Assets": "28,952", "Total Liabilities Net Minority Interest": "3,289", "Total Equity Gross Minority Interest": "25,663", "Total Capitalization": "25,939", "Common Stock Equity": "25,663", "Capital Lease Obligations": "-", "Net Tangible Assets": "15,872", "Working Capital": "16,394", "Invested Capital": "26,259", "Tangible Book Value": "15,872", "Total Debt": "596", "Share Issued": "3,830", "Ordinary Shares Number": "3,830"}}, "cf": {"TTM": {"Duration": "TTM", "Operating Cash Flow": "4,386", "Investing Cash Flow": "-27", "Financing Cash Flow": "-574", "End Cash Position": "19,556", "Income Tax Paid Supplemental Data": "458", "Capital Expenditure": "-27", "Issuance of Capital Stock": "-", "Repayment of Debt": "-240", "Repurchase of Capital Stock": "-785", "Free Cash Flow": "4,359"}, "12/31/2020": {"Duration": "12/31/2020", "Operating Cash Flow": "4,386", "Investing Cash Flow": "-27", "Financing Cash Flow": "-574", "End Cash Position": "19,556", "Income Tax Paid Supplemental Data": "458", "Capital Expenditure": "-27", "Issuance of Capital Stock": "-", "Repayment of Debt": "-240", "Repurchase of Capital Stock": "-785", "Free Cash Flow": "4,359"}, "12/31/2019": {"Duration": "12/31/2019", "Operating Cash Flow": "2,864", "Investing Cash Flow": "-3,228", "Financing Cash Flow": "-1,093", "End Cash Position": "15,766", "Income Tax Paid Supplemental Data": "340", "Capital Expenditure": "-440", "Issuance of Capital Stock": "0", "Repayment of Debt": "-320", "Repurchase of Capital Stock": "-773", "Free Cash Flow": "2,424"}, "12/31/2018": {"Duration": "12/31/2018", "Operating Cash Flow": "2,869", "Investing Cash Flow": "-1,195", "Financing Cash Flow": "10,687", "End Cash Position": "17,222", "Income Tax Paid Supplemental Data": "66", "Capital Expenditure": "-72", "Issuance of Capital Stock": "13,323", "Repayment of Debt": "-288", "Repurchase of Capital Stock": "-2,635", "Free Cash Flow": "2,797"}}}}, {"EPAM": {"quote": {"05/12/2021": {"value": "441.16", "Market Cap": "24.884B", "Beta (5Y Monthly)": "1.38", "PE Ratio (TTM)": "73.62", "EPS (TTM)": "5.99", "Earnings Date": "Aug 04, 2021 - Aug 09, 2021", "Forward Dividend & Yield": "N/A (N/A)", "Ex-Dividend Date": "N/A", "1y Target Est": "496.71"}}, "fin": {"TTM": {"Duration": "TTM", "Total Revenue": "2,659,478", "Cost of Revenue": "1,732,522", "Gross Profit": "926,956", "Operating Expense": "547,632", "Operating Income": "379,324", "Net Non Operating Interest Income Expense": "3,822", "Other Income Expense": "-4,667", "Pretax Income": "378,479", "Tax Provision": "51,319", "Net Income Common Stockholders": "327,160", "Diluted NI Available to Com Stockholders": "327,160", "Basic EPS": "-", "Diluted EPS": "-", "Basic Average Shares": "-", "Diluted Average Shares": "-", "Total Operating Income as Reported": "379,324", "Total Expenses": "2,280,154", "Net Income from Continuing & Discontinued Operation": "327,160", "Normalized Income": "331,192", "Interest Income": "3,822", "Net Interest Income": "3,822", "EBIT": "379,324", "EBITDA": "508,567", "Reconciled Cost of Revenue": "1,666,153", "Reconciled Depreciation": "129,243", "Net Income from Continuing Operation Net Minority Interest": "327,160", "Total Unusual Items Excluding Goodwill": "-4,667", "Total Unusual Items": "-4,667", "Normalized EBITDA": "513,234", "Tax Rate for Calcs": "0", "Tax Effect of Unusual Items": "-634.712"}, "12/31/2020": {"Duration": "12/31/2020", "Total Revenue": "2,659,478", "Cost of Revenue": "1,732,522", "Gross Profit": "926,956", "Operating Expense": "547,632", "Operating Income": "379,324", "Net Non Operating Interest Income Expense": "3,822", "Other Income Expense": "-4,667", "Pretax Income": "378,479", "Tax Provision": "51,319", "Net Income Common Stockholders": "327,160", "Diluted NI Available to Com Stockholders": "327,160", "Basic EPS": "-", "Diluted EPS": "-", "Basic Average Shares": "-", "Diluted Average Shares": "-", "Total Operating Income as Reported": "379,324", "Total Expenses": "2,280,154", "Net Income from Continuing & Discontinued Operation": "327,160", "Normalized Income": "331,192", "Interest Income": "3,822", "Net Interest Income": "3,822", "EBIT": "379,324", "EBITDA": "-", "Reconciled Cost of Revenue": "1,666,153", "Reconciled Depreciation": "129,243", "Net Income from Continuing Operation Net Minority Interest": "327,160", "Total Unusual Items Excluding Goodwill": "-4,667", "Total Unusual Items": "-4,667", "Normalized EBITDA": "513,234", "Tax Rate for Calcs": "0", "Tax Effect of Unusual Items": "-634.712"}, "12/31/2019": {"Duration": "12/31/2019", "Total Revenue": "2,293,798", "Cost of Revenue": "1,488,198", "Gross Profit": "805,600", "Operating Expense": "502,750", "Operating Income": "302,850", "Net Non Operating Interest Income Expense": "8,725", "Other Income Expense": "-12,049", "Pretax Income": "299,526", "Tax Provision": "38,469", "Net Income Common Stockholders": "261,057", "Diluted NI Available to Com Stockholders": "261,057", "Basic EPS": "4.77", "Diluted EPS": "4.53", "Basic Average Shares": "54,719", "Diluted Average Shares": "57,668", "Total Operating Income as Reported": "302,850", "Total Expenses": "1,990,948", "Net Income from Continuing & Discontinued Operation": "261,057", "Normalized Income": "271,564", "Interest Income": "-", "Net Interest Income": "8,725", "EBIT": "302,850", "EBITDA": "-", "Reconciled Cost of Revenue": "1,432,339", "Reconciled Depreciation": "101,176", "Net Income from Continuing Operation Net Minority Interest": "261,057", "Total Unusual Items Excluding Goodwill": "-12,049", "Total Unusual Items": "-12,049", "Normalized EBITDA": "416,075", "Tax Rate for Calcs": "0", "Tax Effect of Unusual Items": "-1,542"}, "12/31/2018": {"Duration": "12/31/2018", "Total Revenue": "1,842,912", "Cost of Revenue": "1,186,921", "Gross Profit": "655,991", "Operating Expense": "410,227", "Operating Income": "245,764", "Net Non Operating Interest Income Expense": "3,522", "Other Income Expense": "487", "Pretax Income": "249,773", "Tax Provision": "9,517", "Net Income Common Stockholders": "240,256", "Diluted NI Available to Com Stockholders": "240,256", "Basic EPS": "4.48", "Diluted EPS": "4.24", "Basic Average Shares": "53,623", "Diluted Average Shares": "56,673", "Total Operating Income as Reported": "245,764", "Total Expenses": "1,597,148", "Net Income from Continuing & Discontinued Operation": "240,256", "Normalized Income": "239,788", "Interest Income": "-", "Net Interest Income": "3,522", "EBIT": "245,764", "EBITDA": "-", "Reconciled Cost of Revenue": "1,186,921", "Reconciled Depreciation": "36,640", "Net Income from Continuing Operation Net Minority Interest": "240,256", "Total Unusual Items Excluding Goodwill": "487", "Total Unusual Items": "487", "Normalized EBITDA": "281,917", "Tax Rate for Calcs": "0", "Tax Effect of Unusual Items": "18.506"}}, "bs": {"12/31/2020": {"Duration": "12/31/2020", "Total Assets": "2,721,332", "Total Liabilities Net Minority Interest": "738,314", "Total Equity Gross Minority Interest": "1,983,018", "Total Capitalization": "2,008,056", "Common Stock Equity": "1,983,018", "Capital Lease Obligations": "241,363", "Net Tangible Assets": "1,719,087", "Working Capital": "1,446,832", "Invested Capital": "2,008,056", "Tangible Book Value": "1,719,087", "Total Debt": "266,401", "Share Issued": "56,128", "Ordinary Shares Number": "56,108", "Treasury Shares Number": "20"}, "12/31/2019": {"Duration": "12/31/2019", "Total Assets": "2,244,208", "Total Liabilities Net Minority Interest": "648,063", "Total Equity Gross Minority Interest": "1,596,145", "Total Capitalization": "1,621,219", "Common Stock Equity": "1,596,145", "Capital Lease Obligations": "238,390", "Net Tangible Assets": "1,344,844", "Working Capital": "1,087,263", "Invested Capital": "1,621,219", "Tangible Book Value": "1,344,844", "Total Debt": "263,464", "Share Issued": "55,207", "Ordinary Shares Number": "55,188", "Treasury Shares Number": "19.735"}, "12/31/2018": {"Duration": "12/31/2018", "Total Assets": "1,611,802", "Total Liabilities Net Minority Interest": "349,206", "Total Equity Gross Minority Interest": "1,262,596", "Total Capitalization": "1,287,627", "Common Stock Equity": "1,262,596", "Capital Lease Obligations": "-", "Net Tangible Assets": "1,038,699", "Working Capital": "936,239", "Invested Capital": "1,287,627", "Tangible Book Value": "1,038,699", "Total Debt": "25,031", "Share Issued": "54,100", "Ordinary Shares Number": "54,080", "Treasury Shares Number": "19.735"}}, "cf": {"TTM": {"Duration": "TTM", "Operating Cash Flow": "544,407", "Investing Cash Flow": "-167,154", "Financing Cash Flow": "-765", "End Cash Position": "1,323,533", "Income Tax Paid Supplemental Data": "54,520", "Interest Paid Supplemental Data": "425", "Capital Expenditure": "-68,793", "Issuance of Debt": "-", "Repayment of Debt": "-18", "Free Cash Flow": "475,614"}, "12/31/2020": {"Duration": "12/31/2020", "Operating Cash Flow": "544,407", "Investing Cash Flow": "-167,154", "Financing Cash Flow": "-765", "End Cash Position": "1,323,533", "Income Tax Paid Supplemental Data": "54,520", "Interest Paid Supplemental Data": "425", "Capital Expenditure": "-68,793", "Issuance of Debt": "-", "Repayment of Debt": "-18", "Free Cash Flow": "475,614"}, "12/31/2019": {"Duration": "12/31/2019", "Operating Cash Flow": "287,453", "Investing Cash Flow": "-145,369", "Financing Cash Flow": "20,363", "End Cash Position": "937,688", "Income Tax Paid Supplemental Data": "65,306", "Interest Paid Supplemental Data": "832", "Capital Expenditure": "-99,308", "Issuance of Debt": "0", "Repayment of Debt": "-9", "Free Cash Flow": "188,145"}, "12/31/2018": {"Duration": "12/31/2018", "Operating Cash Flow": "292,218", "Investing Cash Flow": "-112,123", "Financing Cash Flow": "23,001", "End Cash Position": "771,711", "Income Tax Paid Supplemental Data": "40,437", "Interest Paid Supplemental Data": "777", "Capital Expenditure": "-37,574", "Issuance of Debt": "0", "Repayment of Debt": "-3,494", "Free Cash Flow": "254,644"}}}}, {"EDGW": {"quote": {"05/12/2021": {"value": "", "Net Assets": "N/A", "Beta (5Y Monthly)": "N/A", "Yield": "N/A", "5y Average Return": "N/A", "Holdings Turnover": "N/A", "Last Dividend": "N/A", "Average for Category": "N/A", "Inception Date": "N/A"}}, "fin": {}, "bs": {}, "cf": {}}}, {"SYKE": {"quote": {"05/12/2021": {"value": "40.89", "Market Cap": "1.627B", "Beta (5Y Monthly)": "0.91", "PE Ratio (TTM)": "24.35", "EPS (TTM)": "1.68", "Earnings Date": "Aug 02, 2021 - Aug 06, 2021", "Forward Dividend & Yield": "N/A (N/A)", "Ex-Dividend Date": "N/A", "1y Target Est": "52.67"}}, "fin": {"TTM": {"Duration": "TTM", "Total Revenue": "1,756,981", "Cost of Revenue": "1,132,125", "Gross Profit": "624,856", "Operating Expense": "493,233", "Operating Income": "131,623", "Net Non Operating Interest Income Expense": "-1,036", "Other Income Expense": "-38,281", "Pretax Income": "92,306", "Tax Provision": "24,814", "Net Income Common Stockholders": "67,492", "Diluted NI Available to Com Stockholders": "67,492", "Basic EPS": "-", "Diluted EPS": "-", "Basic Average Shares": "-", "Diluted Average Shares": "-", "Total Operating Income as Reported": "88,920", "Total Expenses": "1,625,358", "Net Income from Continuing & Discontinued Operation": "67,492", "Normalized Income": "95,590", "Interest Income": "590", "Interest Expense": "1,626", "Net Interest Income": "-1,036", "EBIT": "93,932", "EBITDA": "159,040", "Reconciled Cost of Revenue": "1,131,960", "Reconciled Depreciation": "65,108", "Net Income from Continuing Operation Net Minority Interest": "67,492", "Total Unusual Items Excluding Goodwill": "-38,428", "Total Unusual Items": "-38,428", "Normalized EBITDA": "197,468", "Tax Rate for Calcs": "0", "Tax Effect of Unusual Items": "-10,330"}, "12/31/2020": {"Duration": "12/31/2020", "Total Revenue": "1,710,261", "Cost of Revenue": "1,099,593", "Gross Profit": "610,668", "Operating Expense": "487,331", "Operating Income": "123,337", "Net Non Operating Interest Income Expense": "-1,168", "Other Income Expense": "-41,602", "Pretax Income": "80,567", "Tax Provision": "24,135", "Net Income Common Stockholders": "56,432", "Diluted NI Available to Com Stockholders": "56,432", "Basic EPS": "-", "Diluted EPS": "-", "Basic Average Shares": "-", "Diluted Average Shares": "-", "Total Operating Income as Reported": "81,784", "Total Expenses": "1,586,924", "Net Income from Continuing & Discontinued Operation": "56,432", "Normalized Income": "85,525", "Interest Income": "755", "Interest Expense": "1,923", "Net Interest Income": "-1,168", "EBIT": "82,490", "EBITDA": "-", "Reconciled Cost of Revenue": "1,099,382", "Reconciled Depreciation": "65,632", "Net Income from Continuing Operation Net Minority Interest": "56,432", "Total Unusual Items Excluding Goodwill": "-41,562", "Total Unusual Items": "-41,562", "Normalized EBITDA": "189,684", "Tax Rate for Calcs": "0", "Tax Effect of Unusual Items": "-12,469"}, "12/31/2019": {"Duration": "12/31/2019", "Total Revenue": "1,614,762", "Cost of Revenue": "1,042,289", "Gross Profit": "572,473", "Operating Expense": "480,962", "Operating Income": "91,511", "Net Non Operating Interest Income Expense": "-3,463", "Other Income Expense": "-2,125", "Pretax Income": "85,923", "Tax Provision": "21,842", "Net Income Common Stockholders": "64,081", "Diluted NI Available to Com Stockholders": "64,081", "Basic EPS": "1.54", "Diluted EPS": "1.53", "Basic Average Shares": "41,649", "Diluted Average Shares": "41,802", "Total Operating Income as Reported": "89,800", "Total Expenses": "1,523,251", "Net Income from Continuing & Discontinued Operation": "64,081", "Normalized Income": "65,027", "Interest Income": "846", "Interest Expense": "4,309", "Net Interest Income": "-3,463", "EBIT": "90,232", "EBITDA": "-", "Reconciled Cost of Revenue": "1,042,056", "Reconciled Depreciation": "68,788", "Net Income from Continuing Operation Net Minority Interest": "64,081", "Total Unusual Items Excluding Goodwill": "-1,268", "Total Unusual Items": "-1,268", "Normalized EBITDA": "160,288", "Tax Rate for Calcs": "0", "Tax Effect of Unusual Items": "-322.072"}, "12/31/2018": {"Duration": "12/31/2018", "Total Revenue": "1,625,687", "Cost of Revenue": "1,072,907", "Gross Profit": "552,780", "Operating Expense": "480,177", "Operating Income": "72,603", "Net Non Operating Interest Income Expense": "-4,037", "Other Income Expense": "-11,649", "Pretax Income": "56,917", "Tax Provision": "7,991", "Net Income Common Stockholders": "48,926", "Diluted NI Available to Com Stockholders": "48,926", "Basic EPS": "1.16", "Diluted EPS": "1.16", "Basic Average Shares": "42,090", "Diluted Average Shares": "42,246", "Total Operating Income as Reported": "63,202", "Total Expenses": "1,553,084", "Net Income from Continuing & Discontinued Operation": "48,926", "Normalized Income": "57,517", "Interest Income": "706", "Interest Expense": "4,743", "Net Interest Income": "-4,037", "EBIT": "61,660", "EBITDA": "-", "Reconciled Cost of Revenue": "1,072,440", "Reconciled Depreciation": "73,359", "Net Income from Continuing Operation Net Minority Interest": "48,926", "Total Unusual Items Excluding Goodwill": "-9,990", "Total Unusual Items": "-9,990", "Normalized EBITDA": "145,009", "Tax Rate for Calcs": "0", "Tax Effect of Unusual Items": "-1,399"}}, "bs": {"12/31/2020": {"Duration": "12/31/2020", "Total Assets": "1,435,805", "Total Liabilities Net Minority Interest": "542,151", "Total Equity Gross Minority Interest": "893,654", "Total Capitalization": "956,654", "Common Stock Equity": "893,654", "Capital Lease Obligations": "182,264", "Net Tangible Assets": "360,270", "Working Capital": "264,383", "Invested Capital": "956,654", "Tangible Book Value": "360,270", "Total Debt": "245,264", "Share Issued": "39,614", "Ordinary Shares Number": "39,479", "Treasury Shares Number": "135"}, "12/31/2019": {"Duration": "12/31/2019", "Total Assets": "1,415,500", "Total Liabilities Net Minority Interest": "541,025", "Total Equity Gross Minority Interest": "874,475", "Total Capitalization": "947,475", "Common Stock Equity": "874,475", "Capital Lease Obligations": "217,673", "Net Tangible Assets": "404,808", "Working Capital": "305,153", "Invested Capital": "947,475", "Tangible Book Value": "404,808", "Total Debt": "290,673", "Share Issued": "41,549", "Ordinary Shares Number": "41,421", "Treasury Shares Number": "128"}, "12/31/2018": {"Duration": "12/31/2018", "Total Assets": "1,171,967", "Total Liabilities Net Minority Interest": "345,358", "Total Equity Gross Minority Interest": "826,609", "Total Capitalization": "928,609", "Common Stock Equity": "826,609", "Capital Lease Obligations": "-", "Net Tangible Assets": "350,061", "Working Capital": "331,057", "Invested Capital": "928,609", "Tangible Book Value": "350,061", "Total Debt": "102,000", "Share Issued": "42,778", "Ordinary Shares Number": "42,652", "Treasury Shares Number": "126"}}, "cf": {"TTM": {"Duration": "TTM", "Operating Cash Flow": "187,432", "Investing Cash Flow": "-137,319", "Financing Cash Flow": "-60,526", "End Cash Position": "109,670", "Income Tax Paid Supplemental Data": "34,054", "Interest Paid Supplemental Data": "1,180", "Capital Expenditure": "-50,493", "Issuance of Debt": "68,000", "Repayment of Debt": "-95,000", "Repurchase of Capital Stock": "-29,267", "Free Cash Flow": "136,939"}, "12/31/2020": {"Duration": "12/31/2020", "Operating Cash Flow": "175,742", "Investing Cash Flow": "-139,357", "Financing Cash Flow": "-64,003", "End Cash Position": "104,396", "Income Tax Paid Supplemental Data": "32,770", "Interest Paid Supplemental Data": "1,423", "Capital Expenditure": "-52,683", "Issuance of Debt": "91,000", "Repayment of Debt": "-101,000", "Repurchase of Capital Stock": "-52,176", "Free Cash Flow": "123,059"}, "12/31/2019": {"Duration": "12/31/2019", "Operating Cash Flow": "101,283", "Investing Cash Flow": "-40,587", "Financing Cash Flow": "-63,593", "End Cash Position": "129,185", "Income Tax Paid Supplemental Data": "24,049", "Interest Paid Supplemental Data": "3,500", "Capital Expenditure": "-38,990", "Issuance of Debt": "29,000", "Repayment of Debt": "-58,000", "Repurchase of Capital Stock": "-30,281", "Free Cash Flow": "62,293"}, "12/31/2018": {"Duration": "12/31/2018", "Operating Cash Flow": "109,094", "Investing Cash Flow": "-136,940", "Financing Cash Flow": "-176,656", "End Cash Position": "130,231", "Income Tax Paid Supplemental Data": "19,587", "Interest Paid Supplemental Data": "3,888", "Capital Expenditure": "-55,040", "Issuance of Debt": "58,000", "Repayment of Debt": "-231,000", "Repurchase of Capital Stock": "0", "Free Cash Flow": "54,054"}}}}, {"ETEC": {"quote": {"05/12/2021": {"value": "0.3800", "Market Cap": "16.38M", "Beta (5Y Monthly)": "1.07", "PE Ratio (TTM)": "N/A", "EPS (TTM)": "-0.7010", "Earnings Date": "N/A", "Forward Dividend & Yield": "N/A (N/A)", "Ex-Dividend Date": "N/A", "1y Target Est": "N/A"}}, "fin": {}, "bs": {}, "cf": {}}}, {"FIS": {"quote": {"05/12/2021": {"value": "144.79", "Market Cap": "89.788B", "Beta (5Y Monthly)": "0.85", "PE Ratio (TTM)": "N/A", "EPS (TTM)": "-0.37", "Earnings Date": "Aug 02, 2021 - Aug 06, 2021", "Forward Dividend & Yield": "1.56 (1.05%)", "Ex-Dividend Date": "Jun 10, 2021", "1y Target Est": "168.72"}}, "fin": {"TTM": {"Duration": "TTM", "Total Revenue": "12,552,000", "Cost of Revenue": "8,348,000", "Gross Profit": "4,204,000", "Operating Expense": "3,516,000", "Operating Income": "688,000", "Net Non Operating Interest Income Expense": "-334,000", "Other Income Expense": "-88,000", "Pretax Income": "266,000", "Tax Provision": "96,000", "Earnings from Equity Interest Net of Tax": "-6,000", "Net Income Common Stockholders": "158,000", "Diluted NI Available to Com Stockholders": "158,000", "Basic EPS": "-", "Diluted EPS": "-", "Basic Average Shares": "-", "Diluted Average Shares": "-", "Total Operating Income as Reported": "552,000", "Total Expenses": "11,864,000", "Net Income from Continuing & Discontinued Operation": "158,000", "Normalized Income": "245,040", "Interest Income": "5,000", "Interest Expense": "339,000", "Net Interest Income": "-334,000", "EBIT": "605,000", "EBITDA": "4,319,000", "Reconciled Cost of Revenue": "8,348,000", "Reconciled Depreciation": "3,714,000", "Net Income from Continuing Operation Net Minority Interest": "158,000", "Total Unusual Items Excluding Goodwill": "-136,000", "Total Unusual Items": "-136,000", "Normalized EBITDA": "4,455,000", "Tax Rate for Calcs": "0", "Tax Effect of Unusual Items": "-48,960"}, "12/31/2020": {"Duration": "12/31/2020", "Total Revenue": "12,552,000", "Cost of Revenue": "8,348,000", "Gross Profit": "4,204,000", "Operating Expense": "3,516,000", "Operating Income": "688,000", "Net Non Operating Interest Income Expense": "-334,000", "Other Income Expense": "-88,000", "Pretax Income": "266,000", "Tax Provision": "96,000", "Earnings from Equity Interest Net of Tax": "-6,000", "Net Income Common Stockholders": "158,000", "Diluted NI Available to Com Stockholders": "158,000", "Basic EPS": "-", "Diluted EPS": "-", "Basic Average Shares": "-", "Diluted Average Shares": "-", "Total Operating Income as Reported": "552,000", "Total Expenses": "11,864,000", "Net Income from Continuing & Discontinued Operation": "158,000", "Normalized Income": "245,040", "Interest Income": "5,000", "Interest Expense": "339,000", "Net Interest Income": "-334,000", "EBIT": "605,000", "EBITDA": "-", "Reconciled Cost of Revenue": "8,348,000", "Reconciled Depreciation": "3,714,000", "Net Income from Continuing Operation Net Minority Interest": "158,000", "Total Unusual Items Excluding Goodwill": "-136,000", "Total Unusual Items": "-136,000", "Normalized EBITDA": "4,455,000", "Tax Rate for Calcs": "0", "Tax Effect of Unusual Items": "-48,960"}, "12/31/2019": {"Duration": "12/31/2019", "Total Revenue": "10,333,000", "Cost of Revenue": "6,610,000", "Gross Profit": "3,723,000", "Operating Expense": "2,667,000", "Operating Income": "1,056,000", "Net Non Operating Interest Income Expense": "-337,000", "Other Income Expense": "-306,000", "Pretax Income": "413,000", "Tax Provision": "100,000", "Earnings from Equity Interest Net of Tax": "-10,000", "Net Income Common Stockholders": "298,000", "Diluted NI Available to Com Stockholders": "298,000", "Basic EPS": "0.67", "Diluted EPS": "0.66", "Basic Average Shares": "445,000", "Diluted Average Shares": "451,000", "Total Operating Income as Reported": "969,000", "Total Expenses": "9,277,000", "Net Income from Continuing & Discontinued Operation": "298,000", "Normalized Income": "363,946", "Interest Income": "52,000", "Interest Expense": "389,000", "Net Interest Income": "-337,000", "EBIT": "802,000", "EBITDA": "-", "Reconciled Cost of Revenue": "6,610,000", "Reconciled Depreciation": "2,444,000", "Net Income from Continuing Operation Net Minority Interest": "298,000", "Total Unusual Items Excluding Goodwill": "-87,000", "Total Unusual Items": "-87,000", "Normalized EBITDA": "3,333,000", "Tax Rate for Calcs": "0", "Tax Effect of Unusual Items": "-21,054"}, "12/31/2018": {"Duration": "12/31/2018", "Total Revenue": "8,423,000", "Cost of Revenue": "5,569,000", "Gross Profit": "2,854,000", "Operating Expense": "1,301,000", "Operating Income": "1,553,000", "Net Non Operating Interest Income Expense": "-297,000", "Other Income Expense": "-152,000", "Pretax Income": "1,104,000", "Tax Provision": "208,000", "Earnings from Equity Interest Net of Tax": "-15,000", "Net Income Common Stockholders": "846,000", "Diluted NI Available to Com Stockholders": "846,000", "Basic EPS": "2.58", "Diluted EPS": "2.55", "Basic Average Shares": "328,000", "Diluted Average Shares": "332,000", "Total Operating Income as Reported": "1,458,000", "Total Expenses": "6,870,000", "Net Income from Continuing & Discontinued Operation": "846,000", "Normalized Income": "923,140", "Interest Income": "17,000", "Interest Expense": "314,000", "Net Interest Income": "-297,000", "EBIT": "1,418,000", "EBITDA": "-", "Reconciled Cost of Revenue": "5,569,000", "Reconciled Depreciation": "1,420,000", "Net Income from Continuing Operation Net Minority Interest": "846,000", "Total Unusual Items Excluding Goodwill": "-95,000", "Total Unusual Items": "-95,000", "Normalized EBITDA": "2,933,000", "Tax Rate for Calcs": "0", "Tax Effect of Unusual Items": "-17,860"}}, "bs": {"12/31/2020": {"Duration": "12/31/2020", "Total Assets": "83,842,000", "Total Liabilities Net Minority Interest": "34,529,000", "Total Equity Gross Minority Interest": "49,313,000", "Total Capitalization": "65,251,000", "Common Stock Equity": "49,300,000", "Capital Lease Obligations": "605,000", "Net Tangible Assets": "-21,266,000", "Working Capital": "-2,463,000", "Invested Capital": "69,315,000", "Tangible Book Value": "-21,266,000", "Total Debt": "20,620,000", "Net Debt": "18,056,000", "Share Issued": "621,000", "Ordinary Shares Number": "620,000", "Treasury Shares Number": "1,000"}, "12/31/2019": {"Duration": "12/31/2019", "Total Assets": "83,806,000", "Total Liabilities Net Minority Interest": "34,350,000", "Total Equity Gross Minority Interest": "49,456,000", "Total Capitalization": "66,669,000", "Common Stock Equity": "49,440,000", "Capital Lease Obligations": "595,000", "Net Tangible Assets": "-21,804,000", "Working Capital": "-1,690,000", "Invested Capital": "69,632,000", "Tangible Book Value": "-21,804,000", "Total Debt": "20,787,000", "Net Debt": "19,040,000", "Share Issued": "615,000", "Ordinary Shares Number": "614,000", "Treasury Shares Number": "1,000"}, "12/31/2018": {"Duration": "12/31/2018", "Total Assets": "23,770,000", "Total Liabilities Net Minority Interest": "13,548,000", "Total Equity Gross Minority Interest": "10,222,000", "Total Capitalization": "18,885,000", "Common Stock Equity": "10,215,000", "Capital Lease Obligations": "-", "Net Tangible Assets": "-8,257,000", "Working Capital": "608,000", "Invested Capital": "19,200,000", "Tangible Book Value": "-8,257,000", "Total Debt": "8,985,000", "Net Debt": "8,282,000", "Share Issued": "433,000", "Ordinary Shares Number": "327,000", "Treasury Shares Number": "106,000"}}, "cf": {"TTM": {"Duration": "TTM", "Operating Cash Flow": "4,442,000", "Investing Cash Flow": "-914,000", "Financing Cash Flow": "-2,751,000", "End Cash Position": "4,030,000", "Income Tax Paid Supplemental Data": "282,000", "Interest Paid Supplemental Data": "428,000", "Capital Expenditure": "-1,129,000", "Issuance of Debt": "47,695,000", "Repayment of Debt": "-49,067,000", "Repurchase of Capital Stock": "-112,000", "Free Cash Flow": "3,313,000"}, "12/31/2020": {"Duration": "12/31/2020", "Operating Cash Flow": "4,442,000", "Investing Cash Flow": "-914,000", "Financing Cash Flow": "-2,751,000", "End Cash Position": "4,030,000", "Income Tax Paid Supplemental Data": "282,000", "Interest Paid Supplemental Data": "428,000", "Capital Expenditure": "-1,129,000", "Issuance of Debt": "47,695,000", "Repayment of Debt": "-49,067,000", "Repurchase of Capital Stock": "-112,000", "Free Cash Flow": "3,313,000"}, "12/31/2019": {"Duration": "12/31/2019", "Operating Cash Flow": "2,410,000", "Investing Cash Flow": "-7,501,000", "Financing Cash Flow": "7,581,000", "End Cash Position": "3,211,000", "Income Tax Paid Supplemental Data": "321,000", "Interest Paid Supplemental Data": "332,000", "Capital Expenditure": "-828,000", "Issuance of Debt": "33,352,000", "Repayment of Debt": "-24,672,000", "Repurchase of Capital Stock": "-453,000", "Free Cash Flow": "1,582,000"}, "12/31/2018": {"Duration": "12/31/2018", "Operating Cash Flow": "1,993,000", "Investing Cash Flow": "-668,000", "Financing Cash Flow": "-1,236,000", "End Cash Position": "703,000", "Income Tax Paid Supplemental Data": "503,000", "Interest Paid Supplemental Data": "298,000", "Capital Expenditure": "-622,000", "Issuance of Debt": "26,371,000", "Repayment of Debt": "-26,148,000", "Repurchase of Capital Stock": "-1,255,000", "Free Cash Flow": "1,371,000"}}}}, {"IT": {"quote": {"05/12/2021": {"value": "223.01", "Market Cap": "19.196B", "Beta (5Y Monthly)": "1.60", "PE Ratio (TTM)": "56.29", "EPS (TTM)": "3.96", "Earnings Date": "Aug 02, 2021 - Aug 06, 2021", "Forward Dividend & Yield": "N/A (N/A)", "Ex-Dividend Date": "Jul 19, 1999", "1y Target Est": "241.43"}}, "fin": {"TTM": {"Duration": "TTM", "Total Revenue": "4,184,550", "Cost of Revenue": "1,338,213", "Gross Profit": "2,846,337", "Operating Expense": "2,250,131", "Operating Income": "596,206", "Net Non Operating Interest Income Expense": "-113,349", "Other Income Expense": "-38,825", "Pretax Income": "444,032", "Tax Provision": "88,284", "Net Income Common Stockholders": "355,748", "Diluted NI Available to Com Stockholders": "355,748", "Basic EPS": "-", "Diluted EPS": "-", "Basic Average Shares": "-", "Diluted Average Shares": "-", "Total Operating Income as Reported": "590,844", "Total Expenses": "3,588,344", "Net Income from Continuing & Discontinued Operation": "355,748", "Normalized Income": "395,948", "Interest Income": "-", "Interest Expense": "115,436", "Net Interest Income": "-113,349", "EBIT": "559,468", "EBITDA": "780,020", "Reconciled Cost of Revenue": "1,338,213", "Reconciled Depreciation": "220,552", "Net Income from Continuing Operation Net Minority Interest": "355,748", "Total Unusual Items Excluding Goodwill": "-50,176", "Total Unusual Items": "-50,176", "Normalized EBITDA": "830,196", "Tax Rate for Calcs": "0", "Tax Effect of Unusual Items": "-9,976"}, "12/31/2020": {"Duration": "12/31/2020", "Total Revenue": "4,099,403", "Cost of Revenue": "1,345,024", "Gross Profit": "2,754,379", "Operating Expense": "2,257,947", "Operating Income": "496,432", "Net Non Operating Interest Income Expense": "-113,549", "Other Income Expense": "-56,750", "Pretax Income": "326,133", "Tax Provision": "59,388", "Net Income Common Stockholders": "266,745", "Diluted NI Available to Com Stockholders": "266,745", "Basic EPS": "-", "Diluted EPS": "-", "Basic Average Shares": "-", "Diluted Average Shares": "-", "Total Operating Income as Reported": "490,150", "Total Expenses": "3,602,971", "Net Income from Continuing & Discontinued Operation": "266,745", "Normalized Income": "308,542", "Interest Income": "2,087", "Interest Expense": "115,636", "Net Interest Income": "-113,549", "EBIT": "441,769", "EBITDA": "-", "Reconciled Cost of Revenue": "1,345,024", "Reconciled Depreciation": "218,984", "Net Income from Continuing Operation Net Minority Interest": "266,745", "Total Unusual Items Excluding Goodwill": "-51,096", "Total Unusual Items": "-51,096", "Normalized EBITDA": "711,849", "Tax Rate for Calcs": "0", "Tax Effect of Unusual Items": "-9,299"}, "12/31/2019": {"Duration": "12/31/2019", "Total Revenue": "4,245,321", "Cost of Revenue": "1,550,568", "Gross Profit": "2,694,753", "Operating Expense": "2,315,203", "Operating Income": "379,550", "Net Non Operating Interest Income Expense": "-99,805", "Other Income Expense": "-4,006", "Pretax Income": "275,739", "Tax Provision": "42,449", "Net Income Common Stockholders": "233,290", "Diluted NI Available to Com Stockholders": "233,290", "Basic EPS": "2.60", "Diluted EPS": "2.56", "Basic Average Shares": "89,817", "Diluted Average Shares": "90,971", "Total Operating Income as Reported": "370,087", "Total Expenses": "3,865,771", "Net Income from Continuing & Discontinued Operation": "233,290", "Normalized Income": "243,051", "Interest Income": "3,026", "Interest Expense": "102,831", "Net Interest Income": "-99,805", "EBIT": "378,570", "EBITDA": "-", "Reconciled Cost of Revenue": "1,550,568", "Reconciled Depreciation": "211,779", "Net Income from Continuing Operation Net Minority Interest": "233,290", "Total Unusual Items Excluding Goodwill": "-11,538", "Total Unusual Items": "-11,538", "Normalized EBITDA": "601,887", "Tax Rate for Calcs": "0", "Tax Effect of Unusual Items": "-1,777"}, "12/31/2018": {"Duration": "12/31/2018", "Total Revenue": "3,975,454", "Cost of Revenue": "1,468,800", "Gross Profit": "2,506,654", "Operating Expense": "2,139,742", "Operating Income": "366,912", "Net Non Operating Interest Income Expense": "-124,208", "Other Income Expense": "-61,583", "Pretax Income": "181,121", "Tax Provision": "58,665", "Net Income Common Stockholders": "122,456", "Diluted NI Available to Com Stockholders": "122,456", "Basic EPS": "1.35", "Diluted EPS": "1.33", "Basic Average Shares": "90,827", "Diluted Average Shares": "92,122", "Total Operating Income as Reported": "259,715", "Total Expenses": "3,608,542", "Net Income from Continuing & Discontinued Operation": "122,456", "Normalized Income": "164,199", "Interest Income": "2,566", "Interest Expense": "126,774", "Net Interest Income": "-124,208", "EBIT": "307,895", "EBITDA": "-", "Reconciled Cost of Revenue": "1,468,800", "Reconciled Depreciation": "255,601", "Net Income from Continuing Operation Net Minority Interest": "122,456", "Total Unusual Items Excluding Goodwill": "-61,750", "Total Unusual Items": "-61,750", "Normalized EBITDA": "625,246", "Tax Rate for Calcs": "0", "Tax Effect of Unusual Items": "-20,007"}}, "bs": {"12/31/2020": {"Duration": "12/31/2020", "Total Assets": "7,315,967", "Total Liabilities Net Minority Interest": "6,225,539", "Total Equity Gross Minority Interest": "1,090,428", "Total Capitalization": "3,048,714", "Common Stock Equity": "1,090,428", "Capital Lease Obligations": "864,161", "Net Tangible Assets": "-2,662,117", "Working Capital": "-624,436", "Invested Capital": "3,069,229", "Tangible Book Value": "-2,662,117", "Total Debt": "2,842,962", "Net Debt": "1,266,218", "Share Issued": "163,602", "Ordinary Shares Number": "88,842", "Treasury Shares Number": "74,760"}, "12/31/2019": {"Duration": "12/31/2019", "Total Assets": "7,151,294", "Total Liabilities Net Minority Interest": "6,212,701", "Total Equity Gross Minority Interest": "938,593", "Total Capitalization": "2,982,481", "Common Stock Equity": "938,593", "Capital Lease Obligations": "909,049", "Net Tangible Assets": "-2,924,220", "Working Capital": "-837,793", "Invested Capital": "3,122,199", "Tangible Book Value": "-2,924,220", "Total Debt": "3,092,655", "Net Debt": "1,902,770", "Share Issued": "163,602", "Ordinary Shares Number": "89,158", "Treasury Shares Number": "74,444"}, "12/31/2018": {"Duration": "12/31/2018", "Total Assets": "6,201,474", "Total Liabilities Net Minority Interest": "5,350,717", "Total Equity Gross Minority Interest": "850,757", "Total Capitalization": "2,966,866", "Common Stock Equity": "850,757", "Capital Lease Obligations": "165,374", "Net Tangible Assets": "-3,114,944", "Working Capital": "-809,196", "Invested Capital": "3,132,444", "Tangible Book Value": "-3,114,944", "Total Debt": "2,447,061", "Net Debt": "2,125,319", "Share Issued": "163,602", "Ordinary Shares Number": "89,702", "Treasury Shares Number": "73,900"}}, "cf": {"TTM": {"Duration": "TTM", "Operating Cash Flow": "1,004,827", "Investing Cash Flow": "-71,873", "Financing Cash Flow": "-750,954", "End Cash Position": "409,850", "Income Tax Paid Supplemental Data": "-", "Interest Paid Supplemental Data": "-", "Capital Expenditure": "-71,873", "Issuance of Debt": "2,305,000", "Repayment of Debt": "-2,515,629", "Repurchase of Capital Stock": "-501,588", "Free Cash Flow": "932,954"}, "12/31/2020": {"Duration": "12/31/2020", "Operating Cash Flow": "903,278", "Investing Cash Flow": "-83,888", "Financing Cash Flow": "-416,224", "End Cash Position": "712,583", "Income Tax Paid Supplemental Data": "33,921", "Interest Paid Supplemental Data": "112,249", "Capital Expenditure": "-83,888", "Issuance of Debt": "2,332,000", "Repayment of Debt": "-2,533,469", "Repurchase of Capital Stock": "-176,302", "Free Cash Flow": "819,390"}, "12/31/2019": {"Duration": "12/31/2019", "Operating Cash Flow": "565,436", "Investing Cash Flow": "-160,885", "Financing Cash Flow": "-285,992", "End Cash Position": "280,836", "Income Tax Paid Supplemental Data": "119,156", "Interest Paid Supplemental Data": "102,298", "Capital Expenditure": "-149,016", "Issuance of Debt": "5,000", "Repayment of Debt": "-109,579", "Repurchase of Capital Stock": "-199,042", "Free Cash Flow": "416,420"}, "12/31/2018": {"Duration": "12/31/2018", "Operating Cash Flow": "471,158", "Investing Cash Flow": "384,051", "Financing Cash Flow": "-1,257,115", "End Cash Position": "158,663", "Income Tax Paid Supplemental Data": "95,800", "Interest Paid Supplemental Data": "117,500", "Capital Expenditure": "-126,873", "Issuance of Debt": "0", "Repayment of Debt": "-1,010,972", "Repurchase of Capital Stock": "-260,832", "Free Cash Flow": "344,285"}}}}, {"VNET": {"quote": {"05/12/2021": {"value": "24.53", "Market Cap": "3.524B", "Beta (5Y Monthly)": "0.21", "PE Ratio (TTM)": "N/A", "EPS (TTM)": "-4.18", "Earnings Date": "May 12, 2021 - May 17, 2021", "Forward Dividend & Yield": "N/A (N/A)", "Ex-Dividend Date": "N/A", "1y Target Est": "46.25"}}, "fin": {"TTM": {"Duration": "TTM", "Total Revenue": "4,829,019", "Cost of Revenue": "3,753,008", "Gross Profit": "1,076,011", "Operating Expense": "877,788", "Operating Income": "198,223", "Net Non Operating Interest Income Expense": "-348,898", "Other Income Expense": "-2,431,117", "Pretax Income": "-2,581,792", "Tax Provision": "109,336", "Earnings from Equity Interest Net of Tax": "10,869", "Net Income Common Stockholders": "-2,709,347", "Diluted NI Available to Com Stockholders": "-2,709,347", "Basic EPS": "-", "Diluted EPS": "-", "Basic Average Shares": "-", "Diluted Average Shares": "-", "Total Operating Income as Reported": "116,604", "Total Expenses": "4,630,796", "Net Income from Continuing & Discontinued Operation": "-2,709,347", "Normalized Income": "-2,809,454", "Interest Income": "31,711", "Interest Expense": "380,609", "Net Interest Income": "-348,898", "EBIT": "-2,201,183", "EBITDA": "-1,212,200", "Reconciled Cost of Revenue": "3,753,008", "Reconciled Depreciation": "988,983", "Net Income from Continuing Operation Net Minority Interest": "-2,709,347", "Total Unusual Items Excluding Goodwill": "133,476", "Total Unusual Items": "133,476", "Normalized EBITDA": "-1,345,676", "Tax Rate for Calcs": "0", "Tax Effect of Unusual Items": "33,369"}, "12/31/2020": {"Duration": "12/31/2020", "Total Revenue": "4,829,019", "Cost of Revenue": "3,753,008", "Gross Profit": "1,076,011", "Operating Expense": "877,788", "Operating Income": "198,223", "Net Non Operating Interest Income Expense": "-348,898", "Other Income Expense": "-2,431,117", "Pretax Income": "-2,581,792", "Tax Provision": "109,336", "Earnings from Equity Interest Net of Tax": "10,869", "Net Income Common Stockholders": "-2,709,347", "Diluted NI Available to Com Stockholders": "-2,709,347", "Basic EPS": "-", "Diluted EPS": "-", "Basic Average Shares": "-", "Diluted Average Shares": "-", "Total Operating Income as Reported": "116,604", "Total Expenses": "4,630,796", "Net Income from Continuing & Discontinued Operation": "-2,709,347", "Normalized Income": "-2,809,454", "Interest Income": "31,711", "Interest Expense": "380,609", "Net Interest Income": "-348,898", "EBIT": "-2,201,183", "EBITDA": "-", "Reconciled Cost of Revenue": "3,753,008", "Reconciled Depreciation": "988,983", "Net Income from Continuing Operation Net Minority Interest": "-2,709,347", "Total Unusual Items Excluding Goodwill": "133,476", "Total Unusual Items": "133,476", "Normalized EBITDA": "-1,345,676", "Tax Rate for Calcs": "0", "Tax Effect of Unusual Items": "33,369"}, "12/31/2019": {"Duration": "12/31/2019", "Total Revenue": "3,788,967", "Cost of Revenue": "2,849,518", "Gross Profit": "939,449", "Operating Expense": "705,073", "Operating Income": "234,376", "Net Non Operating Interest Income Expense": "-291,348", "Other Income Expense": "-68,284", "Pretax Income": "-125,256", "Tax Provision": "5,437", "Earnings from Equity Interest Net of Tax": "-50,553", "Net Income Common Stockholders": "-182,292", "Diluted NI Available to Com Stockholders": "-182,292", "Basic EPS": "-1.62", "Diluted EPS": "-1.62", "Basic Average Shares": "111,472", "Diluted Average Shares": "111,472", "Total Operating Income as Reported": "182,234", "Total Expenses": "3,554,591", "Net Income from Continuing & Discontinued Operation": "-182,292", "Normalized Income": "-108,018", "Interest Income": "54,607", "Interest Expense": "345,955", "Net Interest Income": "-291,348", "EBIT": "220,699", "EBITDA": "-", "Reconciled Cost of Revenue": "2,849,518", "Reconciled Depreciation": "772,205", "Net Income from Continuing Operation Net Minority Interest": "-182,292", "Total Unusual Items Excluding Goodwill": "-99,032", "Total Unusual Items": "-99,032", "Normalized EBITDA": "1,091,936", "Tax Rate for Calcs": "0", "Tax Effect of Unusual Items": "-24,758"}, "12/31/2018": {"Duration": "12/31/2018", "Total Revenue": "3,401,037", "Cost of Revenue": "2,456,166", "Gross Profit": "944,871", "Operating Expense": "721,297", "Operating Income": "223,574", "Net Non Operating Interest Income Expense": "-190,880", "Other Income Expense": "-8,377", "Pretax Income": "24,317", "Tax Provision": "24,411", "Earnings from Equity Interest Net of Tax": "-186,642", "Net Income Common Stockholders": "-205,065", "Diluted NI Available to Com Stockholders": "-205,065", "Basic EPS": "-1.80", "Diluted EPS": "-1.80", "Basic Average Shares": "112,455", "Diluted Average Shares": "112,455", "Total Operating Income as Reported": "237,479", "Total Expenses": "3,177,463", "Net Income from Continuing & Discontinued Operation": "-205,065", "Normalized Income": "-158,335", "Interest Income": "45,186", "Interest Expense": "236,066", "Net Interest Income": "-190,880", "EBIT": "260,383", "EBITDA": "-", "Reconciled Cost of Revenue": "2,456,166", "Reconciled Depreciation": "634,606", "Net Income from Continuing Operation Net Minority Interest": "-205,065", "Total Unusual Items Excluding Goodwill": "-62,307", "Total Unusual Items": "-62,307", "Normalized EBITDA": "957,296", "Tax Rate for Calcs": "0", "Tax Effect of Unusual Items": "-15,577"}}, "bs": {"12/31/2020": {"Duration": "12/31/2020", "Total Assets": "19,373,755", "Total Liabilities Net Minority Interest": "12,476,275", "Total Equity Gross Minority Interest": "6,897,480", "Total Capitalization": "10,465,987", "Preferred Stock Equity": "1,047,468", "Common Stock Equity": "5,517,466", "Capital Lease Obligations": "2,189,742", "Net Tangible Assets": "4,656,373", "Working Capital": "-66,353", "Invested Capital": "11,576,466", "Tangible Book Value": "3,608,905", "Total Debt": "8,248,742", "Net Debt": "3,348,651", "Share Issued": "817,960", "Ordinary Shares Number": "817,960"}, "12/31/2019": {"Duration": "12/31/2019", "Total Assets": "14,273,706", "Total Liabilities Net Minority Interest": "9,042,078", "Total Equity Gross Minority Interest": "5,231,628", "Total Capitalization": "7,093,281", "Preferred Stock Equity": "-", "Common Stock Equity": "4,953,073", "Capital Lease Obligations": "2,140,961", "Net Tangible Assets": "3,319,794", "Working Capital": "759,163", "Invested Capital": "8,271,428", "Tangible Book Value": "3,319,794", "Total Debt": "5,459,316", "Net Debt": "1,509,872", "Share Issued": "679,963", "Ordinary Shares Number": "679,963"}, "12/31/2018": {"Duration": "12/31/2018", "Total Assets": "11,150,717", "Total Liabilities Net Minority Interest": "5,787,533", "Total Equity Gross Minority Interest": "5,363,184", "Total Capitalization": "7,244,043", "Preferred Stock Equity": "-", "Common Stock Equity": "5,094,207", "Capital Lease Obligations": "985,688", "Net Tangible Assets": "3,601,871", "Working Capital": "2,486,899", "Invested Capital": "7,369,327", "Tangible Book Value": "3,601,871", "Total Debt": "3,260,808", "Net Debt": "306,072", "Share Issued": "674,356", "Ordinary Shares Number": "674,356"}}, "cf": {"TTM": {"Duration": "TTM", "Operating Cash Flow": "714,243", "Investing Cash Flow": "-3,889,174", "Financing Cash Flow": "4,163,255", "End Cash Position": "3,116,437", "Income Tax Paid Supplemental Data": "102,330", "Interest Paid Supplemental Data": "284,270", "Capital Expenditure": "-2,503,423", "Issuance of Capital Stock": "3,738,746", "Issuance of Debt": "2,412,452", "Repayment of Debt": "-1,873,266", "Repurchase of Capital Stock": "-139,846", "Free Cash Flow": "-1,789,180"}, "12/31/2020": {"Duration": "12/31/2020", "Operating Cash Flow": "714,243", "Investing Cash Flow": "-3,889,174", "Financing Cash Flow": "4,163,255", "End Cash Position": "3,116,437", "Income Tax Paid Supplemental Data": "102,330", "Interest Paid Supplemental Data": "284,270", "Capital Expenditure": "-2,503,423", "Issuance of Capital Stock": "3,738,746", "Issuance of Debt": "2,412,452", "Repayment of Debt": "-1,873,266", "Repurchase of Capital Stock": "-139,846", "Free Cash Flow": "-1,789,180"}, "12/31/2019": {"Duration": "12/31/2019", "Operating Cash Flow": "802,922", "Investing Cash Flow": "-1,611,983", "Financing Cash Flow": "461,557", "End Cash Position": "2,357,177", "Income Tax Paid Supplemental Data": "41,684", "Interest Paid Supplemental Data": "215,889", "Capital Expenditure": "-1,299,809", "Issuance of Capital Stock": "572", "Issuance of Debt": "2,356,584", "Repayment of Debt": "-1,847,332", "Repurchase of Capital Stock": "-21,618", "Free Cash Flow": "-496,887"}, "12/31/2018": {"Duration": "12/31/2018", "Operating Cash Flow": "704,966", "Investing Cash Flow": "-304,846", "Financing Cash Flow": "-19,901", "End Cash Position": "2,661,021", "Income Tax Paid Supplemental Data": "57,407", "Interest Paid Supplemental Data": "160,984", "Capital Expenditure": "-453,094", "Issuance of Capital Stock": "42,710", "Issuance of Debt": "209,602", "Repayment of Debt": "-468,929", "Repurchase of Capital Stock": "0", "Free Cash Flow": "251,872"}}}}, {"GLOB": {"quote": {"05/12/2021": {"value": "205.32", "Market Cap": "8.192B", "Beta (5Y Monthly)": "1.23", "PE Ratio (TTM)": "149.87", "EPS (TTM)": "1.37", "Earnings Date": "May 13, 2021", "Forward Dividend & Yield": "N/A (N/A)", "Ex-Dividend Date": "N/A", "1y Target Est": "234.89"}}, "fin": {"TTM": {"Duration": "TTM", "Total Revenue": "814,139", "Cost of Revenue": "509,812", "Gross Profit": "304,327", "Operating Expense": "217,222", "Operating Income": "87,105", "Net Non Operating Interest Income Expense": "1,070", "Other Income Expense": "-11,651", "Pretax Income": "76,524", "Tax Provision": "22,307", "Net Income Common Stockholders": "54,217", "Diluted NI Available to Com Stockholders": "54,217", "Basic EPS": "-", "Diluted EPS": "-", "Basic Average Shares": "-", "Diluted Average Shares": "-", "Total Operating Income as Reported": "83,942", "Rent Expense Supplemental": "5,762", "Total Expenses": "727,034", "Net Income from Continuing & Discontinued Operation": "54,217", "Normalized Income": "60,690", "Interest Income": "1,920", "Interest Expense": "8,875", "Net Interest Income": "1,070", "EBIT": "85,399", "EBITDA": "133,879", "Reconciled Cost of Revenue": "500,053", "Reconciled Depreciation": "48,480", "Net Income from Continuing Operation Net Minority Interest": "54,217", "Total Unusual Items Excluding Goodwill": "-9,142", "Total Unusual Items": "-9,142", "Normalized EBITDA": "143,021", "Tax Rate for Calcs": "0", "Tax Effect of Unusual Items": "-2,669"}, "12/31/2020": {"Duration": "12/31/2020", "Total Revenue": "814,139", "Cost of Revenue": "509,812", "Gross Profit": "304,327", "Operating Expense": "217,222", "Operating Income": "87,105", "Net Non Operating Interest Income Expense": "1,070", "Other Income Expense": "-11,651", "Pretax Income": "76,524", "Tax Provision": "22,307", "Net Income Common Stockholders": "54,217", "Diluted NI Available to Com Stockholders": "54,217", "Basic EPS": "-", "Diluted EPS": "-", "Basic Average Shares": "-", "Diluted Average Shares": "-", "Total Operating Income as Reported": "83,942", "Rent Expense Supplemental": "5,762", "Total Expenses": "727,034", "Net Income from Continuing & Discontinued Operation": "54,217", "Normalized Income": "60,690", "Interest Income": "1,920", "Interest Expense": "8,875", "Net Interest Income": "1,070", "EBIT": "85,399", "EBITDA": "-", "Reconciled Cost of Revenue": "500,053", "Reconciled Depreciation": "48,480", "Net Income from Continuing Operation Net Minority Interest": "54,217", "Total Unusual Items Excluding Goodwill": "-9,142", "Total Unusual Items": "-9,142", "Normalized EBITDA": "143,021", "Tax Rate for Calcs": "0", "Tax Effect of Unusual Items": "-2,669"}, "12/31/2019": {"Duration": "12/31/2019", "Total Revenue": "659,325", "Cost of Revenue": "405,164", "Gross Profit": "254,161", "Operating Expense": "172,478", "Operating Income": "81,683", "Net Non Operating Interest Income Expense": "-5,695", "Other Income Expense": "-6,956", "Pretax Income": "69,032", "Tax Provision": "15,017", "Net Income Common Stockholders": "54,015", "Diluted NI Available to Com Stockholders": "54,015", "Basic EPS": "1.48", "Diluted EPS": "1.43", "Basic Average Shares": "36,586", "Diluted Average Shares": "37,674", "Total Operating Income as Reported": "80,735", "Rent Expense Supplemental": "5,260", "Total Expenses": "577,642", "Net Income from Continuing & Discontinued Operation": "54,015", "Normalized Income": "60,592", "Interest Income": "958", "Interest Expense": "5,109", "Net Interest Income": "-5,695", "EBIT": "74,141", "EBITDA": "-", "Reconciled Cost of Revenue": "397,814", "Reconciled Depreciation": "38,839", "Net Income from Continuing Operation Net Minority Interest": "54,015", "Total Unusual Items Excluding Goodwill": "-8,411", "Total Unusual Items": "-8,411", "Normalized EBITDA": "121,391", "Tax Rate for Calcs": "0", "Tax Effect of Unusual Items": "-1,834"}, "12/31/2018": {"Duration": "12/31/2018", "Total Revenue": "522,310", "Cost of Revenue": "318,554", "Gross Profit": "203,756", "Operating Expense": "133,187", "Operating Income": "70,569", "Net Non Operating Interest Income Expense": "-1,134", "Other Income Expense": "-1,971", "Pretax Income": "67,464", "Tax Provision": "15,868", "Net Income Common Stockholders": "51,596", "Diluted NI Available to Com Stockholders": "51,596", "Basic EPS": "1.44", "Diluted EPS": "1.41", "Basic Average Shares": "35,746", "Diluted Average Shares": "36,685", "Total Operating Income as Reported": "66,794", "Rent Expense Supplemental": "17,185", "Total Expenses": "451,741", "Net Income from Continuing & Discontinued Operation": "51,596", "Normalized Income": "57,862", "Interest Income": "407", "Interest Expense": "677", "Net Interest Income": "-1,134", "EBIT": "68,141", "EBITDA": "-", "Reconciled Cost of Revenue": "314,532", "Reconciled Depreciation": "20,543", "Net Income from Continuing Operation Net Minority Interest": "51,596", "Total Unusual Items Excluding Goodwill": "-8,191", "Total Unusual Items": "-8,191", "Normalized EBITDA": "96,875", "Tax Rate for Calcs": "0", "Tax Effect of Unusual Items": "-1,925"}}, "bs": {"12/31/2020": {"Duration": "12/31/2020", "Total Assets": "1,288,767", "Total Liabilities Net Minority Interest": "408,828", "Total Equity Gross Minority Interest": "879,939", "Total Capitalization": "905,000", "Common Stock Equity": "879,939", "Capital Lease Obligations": "87,598", "Net Tangible Assets": "400,458", "Working Capital": "329,969", "Invested Capital": "905,907", "Tangible Book Value": "400,458", "Total Debt": "113,566", "Share Issued": "40,023", "Ordinary Shares Number": "39,885", "Treasury Shares Number": "138.152"}, "12/31/2019": {"Duration": "12/31/2019", "Total Assets": "687,764", "Total Liabilities Net Minority Interest": "249,050", "Total Equity Gross Minority Interest": "438,714", "Total Capitalization": "488,902", "Common Stock Equity": "438,714", "Capital Lease Obligations": "61,363", "Net Tangible Assets": "223,066", "Working Capital": "130,260", "Invested Capital": "490,100", "Tangible Book Value": "223,066", "Total Debt": "112,749", "Share Issued": "37,102", "Ordinary Shares Number": "36,964", "Treasury Shares Number": "138.152"}, "12/31/2018": {"Duration": "12/31/2018", "Total Assets": "437,099", "Total Liabilities Net Minority Interest": "99,183", "Total Equity Gross Minority Interest": "337,916", "Total Capitalization": "337,916", "Common Stock Equity": "337,916", "Capital Lease Obligations": "-", "Net Tangible Assets": "221,292", "Working Capital": "120,127", "Invested Capital": "337,916", "Tangible Book Value": "221,292", "Total Debt": "-", "Share Issued": "36,104", "Ordinary Shares Number": "35,966", "Treasury Shares Number": "138.152"}}, "cf": {"TTM": {"Duration": "TTM", "Operating Cash Flow": "99,872", "Investing Cash Flow": "-124,015", "Financing Cash Flow": "241,546", "End Cash Position": "278,939", "Capital Expenditure": "-53,462", "Issuance of Capital Stock": "300,880", "Issuance of Debt": "155,108", "Repayment of Debt": "-217,569", "Free Cash Flow": "46,410"}, "12/31/2020": {"Duration": "12/31/2020", "Operating Cash Flow": "99,872", "Investing Cash Flow": "-124,015", "Financing Cash Flow": "241,546", "End Cash Position": "278,939", "Capital Expenditure": "-53,462", "Issuance of Capital Stock": "300,880", "Issuance of Debt": "155,108", "Repayment of Debt": "-217,569", "Free Cash Flow": "46,410"}, "12/31/2019": {"Duration": "12/31/2019", "Operating Cash Flow": "79,709", "Investing Cash Flow": "-151,558", "Financing Cash Flow": "56,712", "End Cash Position": "62,721", "Capital Expenditure": "-31,992", "Issuance of Capital Stock": "-", "Issuance of Debt": "90,523", "Repayment of Debt": "-56,164", "Free Cash Flow": "47,717"}, "12/31/2018": {"Duration": "12/31/2018", "Operating Cash Flow": "67,197", "Investing Cash Flow": "-46,117", "Financing Cash Flow": "4,094", "End Cash Position": "77,606", "Capital Expenditure": "-28,882", "Issuance of Capital Stock": "3,217", "Issuance of Debt": "0", "Repayment of Debt": "-6,004", "Free Cash Flow": "38,315"}}}}, {"NOW": {"quote": {"05/12/2021": {"value": "464.71", "Market Cap": "91.756B", "Beta (5Y Monthly)": "0.93", "PE Ratio (TTM)": "611.46", "EPS (TTM)": "0.76", "Earnings Date": "Jul 27, 2021 - Aug 02, 2021", "Forward Dividend & Yield": "N/A (N/A)", "Ex-Dividend Date": "N/A", "1y Target Est": "606.96"}}, "fin": {"TTM": {"Duration": "TTM", "Total Revenue": "4,833,484", "Cost of Revenue": "1,063,113", "Gross Profit": "3,770,371", "Operating Expense": "3,523,508", "Operating Income": "246,863", "Net Non Operating Interest Income Expense": "737", "Other Income Expense": "-47,415", "Pretax Income": "200,185", "Tax Provision": "47,682", "Net Income Common Stockholders": "152,503", "Diluted NI Available to Com Stockholders": "152,503", "Basic EPS": "-", "Diluted EPS": "-", "Basic Average Shares": "-", "Diluted Average Shares": "-", "Total Operating Income as Reported": "246,863", "Total Expenses": "4,586,621", "Net Income from Continuing & Discontinued Operation": "152,503", "Normalized Income": "189,596", "Interest Income": "31,483", "Interest Expense": "30,746", "Net Interest Income": "737", "EBIT": "230,931", "EBITDA": "597,312", "Reconciled Cost of Revenue": "1,063,113", "Reconciled Depreciation": "366,381", "Net Income from Continuing Operation Net Minority Interest": "152,503", "Total Unusual Items Excluding Goodwill": "-48,690", "Total Unusual Items": "-48,690", "Normalized EBITDA": "646,002", "Tax Rate for Calcs": "0", "Tax Effect of Unusual Items": "-11,597"}, "12/31/2020": {"Duration": "12/31/2020", "Total Revenue": "4,519,484", "Cost of Revenue": "987,113", "Gross Profit": "3,532,371", "Operating Expense": "3,333,508", "Operating Income": "198,863", "Net Non Operating Interest Income Expense": "6,737", "Other Income Expense": "-56,415", "Pretax Income": "149,185", "Tax Provision": "30,682", "Net Income Common Stockholders": "118,503", "Diluted NI Available to Com Stockholders": "118,503", "Basic EPS": "0.61", "Diluted EPS": "0.59", "Basic Average Shares": "193,096", "Diluted Average Shares": "202,478", "Total Operating Income as Reported": "198,863", "Total Expenses": "4,320,621", "Net Income from Continuing & Discontinued Operation": "118,503", "Normalized Income": "166,448", "Interest Income": "39,483", "Interest Expense": "32,746", "Net Interest Income": "6,737", "EBIT": "181,931", "EBITDA": "-", "Reconciled Cost of Revenue": "987,113", "Reconciled Depreciation": "336,381", "Net Income from Continuing Operation Net Minority Interest": "118,503", "Total Unusual Items Excluding Goodwill": "-60,690", "Total Unusual Items": "-60,690", "Normalized EBITDA": "579,002", "Tax Rate for Calcs": "0", "Tax Effect of Unusual Items": "-12,745"}, "12/31/2019": {"Duration": "12/31/2019", "Total Revenue": "3,460,437", "Cost of Revenue": "796,645", "Gross Profit": "2,663,792", "Operating Expense": "2,621,669", "Operating Income": "42,123", "Net Non Operating Interest Income Expense": "22,126", "Other Income Expense": "2,936", "Pretax Income": "67,185", "Tax Provision": "-559,513", "Net Income Common Stockholders": "626,698", "Diluted NI Available to Com Stockholders": "626,698", "Basic EPS": "3.36", "Diluted EPS": "3.18", "Basic Average Shares": "186,466", "Diluted Average Shares": "197,223", "Total Operating Income as Reported": "42,123", "Total Expenses": "3,418,314", "Net Income from Continuing & Discontinued Operation": "626,698", "Normalized Income": "627,132", "Interest Income": "55,409", "Interest Expense": "31,677", "Net Interest Income": "22,126", "EBIT": "98,862", "EBITDA": "-", "Reconciled Cost of Revenue": "796,645", "Reconciled Depreciation": "252,114", "Net Income from Continuing Operation Net Minority Interest": "626,698", "Total Unusual Items Excluding Goodwill": "-594", "Total Unusual Items": "-594", "Normalized EBITDA": "351,570", "Tax Rate for Calcs": "0", "Tax Effect of Unusual Items": "-160.38"}, "12/31/2018": {"Duration": "12/31/2018", "Total Revenue": "2,608,816", "Cost of Revenue": "622,658", "Gross Profit": "1,986,158", "Operating Expense": "2,028,584", "Operating Income": "-42,426", "Net Non Operating Interest Income Expense": "-18,109", "Other Income Expense": "21,511", "Pretax Income": "-39,024", "Tax Provision": "-12,320", "Net Income Common Stockholders": "-26,704", "Diluted NI Available to Com Stockholders": "-26,704", "Basic EPS": "-0.15", "Diluted EPS": "-0.15", "Basic Average Shares": "177,846", "Diluted Average Shares": "177,846", "Total Operating Income as Reported": "-42,426", "Total Expenses": "2,651,242", "Net Income from Continuing & Discontinued Operation": "-26,704", "Normalized Income": "-41,563", "Interest Income": "34,624", "Interest Expense": "50,071", "Net Interest Income": "-18,109", "EBIT": "11,047", "EBITDA": "-", "Reconciled Cost of Revenue": "622,658", "Reconciled Depreciation": "149,604", "Net Income from Continuing Operation Net Minority Interest": "-26,704", "Total Unusual Items Excluding Goodwill": "21,852", "Total Unusual Items": "21,852", "Normalized EBITDA": "138,799", "Tax Rate for Calcs": "0", "Tax Effect of Unusual Items": "6,993"}}, "bs": {"12/31/2020": {"Duration": "12/31/2020", "Total Assets": "8,715,057", "Total Liabilities Net Minority Interest": "5,880,576", "Total Equity Gross Minority Interest": "2,834,481", "Total Capitalization": "4,474,634", "Common Stock Equity": "2,834,481", "Capital Lease Obligations": "495,015", "Net Tangible Assets": "2,440,350", "Working Capital": "784,698", "Invested Capital": "4,474,634", "Tangible Book Value": "2,440,350", "Total Debt": "2,135,168", "Net Debt": "-", "Share Issued": "195,844", "Ordinary Shares Number": "195,844"}, "12/31/2019": {"Duration": "12/31/2019", "Total Assets": "6,022,430", "Total Liabilities Net Minority Interest": "3,894,489", "Total Equity Gross Minority Interest": "2,127,941", "Total Capitalization": "2,822,922", "Common Stock Equity": "2,127,941", "Capital Lease Obligations": "435,889", "Net Tangible Assets": "1,827,335", "Working Capital": "74,116", "Invested Capital": "2,822,922", "Tangible Book Value": "1,827,335", "Total Debt": "1,130,870", "Net Debt": "-", "Share Issued": "189,461", "Ordinary Shares Number": "189,461"}, "12/31/2018": {"Duration": "12/31/2018", "Total Assets": "3,879,140", "Total Liabilities Net Minority Interest": "2,767,941", "Total Equity Gross Minority Interest": "1,111,199", "Total Capitalization": "1,772,906", "Common Stock Equity": "1,111,199", "Capital Lease Obligations": "-", "Net Tangible Assets": "861,772", "Working Capital": "332,120", "Invested Capital": "1,772,906", "Tangible Book Value": "861,772", "Total Debt": "661,707", "Net Debt": "95,503", "Share Issued": "180,175", "Ordinary Shares Number": "180,175"}}, "cf": {"TTM": {"Duration": "TTM", "Operating Cash Flow": "2,021,599", "Investing Cash Flow": "-1,558,872", "Financing Cash Flow": "533,647", "End Cash Position": "1,809,374", "Income Tax Paid Supplemental Data": "44,212", "Capital Expenditure": "-456,517", "Issuance of Debt": "-", "Repayment of Debt": "-1,653,690", "Repurchase of Capital Stock": "-", "Free Cash Flow": "1,565,082"}, "12/31/2020": {"Duration": "12/31/2020", "Operating Cash Flow": "1,786,599", "Investing Cash Flow": "-1,506,872", "Financing Cash Flow": "596,647", "End Cash Position": "1,679,430", "Income Tax Paid Supplemental Data": "39,212", "Capital Expenditure": "-432,517", "Issuance of Debt": "2,587,175", "Repayment of Debt": "-1,627,690", "Repurchase of Capital Stock": "-", "Free Cash Flow": "1,354,082"}, "12/31/2019": {"Duration": "12/31/2019", "Operating Cash Flow": "1,235,972", "Investing Cash Flow": "-724,477", "Financing Cash Flow": "-301,856", "End Cash Position": "777,991", "Income Tax Paid Supplemental Data": "20,471", "Capital Expenditure": "-337,581", "Issuance of Debt": "0", "Repayment of Debt": "-9", "Repurchase of Capital Stock": "0", "Free Cash Flow": "898,391"}, "12/31/2018": {"Duration": "12/31/2018", "Operating Cash Flow": "811,089", "Investing Cash Flow": "-347,422", "Financing Cash Flow": "-607,428", "End Cash Position": "568,538", "Income Tax Paid Supplemental Data": "17,507", "Capital Expenditure": "-248,862", "Issuance of Debt": "0", "Repayment of Debt": "-430,578", "Repurchase of Capital Stock": "0", "Free Cash Flow": "562,227"}}}}, {"PRFT": {"quote": {"05/12/2021": {"value": "68.48", "Market Cap": "2.263B", "Beta (5Y Monthly)": "1.51", "PE Ratio (TTM)": "63.88", "EPS (TTM)": "1.07", "Earnings Date": "Jul 28, 2021 - Aug 02, 2021", "Forward Dividend & Yield": "N/A (N/A)", "Ex-Dividend Date": "N/A", "1y Target Est": "78.40"}}, "fin": {"TTM": {"Duration": "TTM", "Total Revenue": "635,912", "Cost of Revenue": "393,568", "Gross Profit": "242,344", "Operating Expense": "167,022", "Operating Income": "75,322", "Net Non Operating Interest Income Expense": "-11,498", "Other Income Expense": "-17,210", "Pretax Income": "46,614", "Tax Provision": "11,814", "Net Income Common Stockholders": "34,800", "Diluted NI Available to Com Stockholders": "34,800", "Basic EPS": "-", "Diluted EPS": "-", "Basic Average Shares": "-", "Diluted Average Shares": "-", "Total Operating Income as Reported": "63,024", "Total Expenses": "560,590", "Net Income from Continuing & Discontinued Operation": "34,800", "Normalized Income": "47,368", "Interest Expense": "7,551", "Net Interest Income": "-11,498", "EBIT": "76,103", "EBITDA": "107,692", "Reconciled Cost of Revenue": "393,568", "Reconciled Depreciation": "31,589", "Net Income from Continuing Operation Net Minority Interest": "34,800", "Total Unusual Items Excluding Goodwill": "-16,835", "Total Unusual Items": "-16,835", "Normalized EBITDA": "124,527", "Tax Rate for Calcs": "0", "Tax Effect of Unusual Items": "-4,267"}, "12/31/2020": {"Duration": "12/31/2020", "Total Revenue": "612,133", "Cost of Revenue": "380,723", "Gross Profit": "231,410", "Operating Expense": "162,962", "Operating Income": "68,448", "Net Non Operating Interest Income Expense": "-10,128", "Other Income Expense": "-17,991", "Pretax Income": "40,329", "Tax Provision": "10,148", "Net Income Common Stockholders": "30,181", "Diluted NI Available to Com Stockholders": "30,181", "Basic EPS": "-", "Diluted EPS": "-", "Basic Average Shares": "-", "Diluted Average Shares": "-", "Total Operating Income as Reported": "55,254", "Total Expenses": "543,685", "Net Income from Continuing & Discontinued Operation": "30,181", "Normalized Income": "43,444", "Interest Expense": "10,128", "Net Interest Income": "-10,128", "EBIT": "68,448", "EBITDA": "-", "Reconciled Cost of Revenue": "380,723", "Reconciled Depreciation": "28,287", "Net Income from Continuing Operation Net Minority Interest": "30,181", "Total Unusual Items Excluding Goodwill": "-17,731", "Total Unusual Items": "-17,731", "Normalized EBITDA": "114,466", "Tax Rate for Calcs": "0", "Tax Effect of Unusual Items": "-4,468"}, "12/31/2019": {"Duration": "12/31/2019", "Total Revenue": "565,527", "Cost of Revenue": "354,213", "Gross Profit": "211,314", "Operating Expense": "154,785", "Operating Income": "56,529", "Net Non Operating Interest Income Expense": "-7,418", "Other Income Expense": "-1,170", "Pretax Income": "47,941", "Tax Provision": "10,816", "Net Income Common Stockholders": "37,125", "Diluted NI Available to Com Stockholders": "37,125", "Basic EPS": "1.18", "Diluted EPS": "1.15", "Basic Average Shares": "31,344", "Diluted Average Shares": "32,243", "Total Operating Income as Reported": "55,332", "Total Expenses": "508,998", "Net Income from Continuing & Discontinued Operation": "37,125", "Normalized Income": "38,051", "Interest Expense": "7,418", "Net Interest Income": "-7,418", "EBIT": "56,529", "EBITDA": "-", "Reconciled Cost of Revenue": "354,213", "Reconciled Depreciation": "20,598", "Net Income from Continuing Operation Net Minority Interest": "37,125", "Total Unusual Items Excluding Goodwill": "-1,197", "Total Unusual Items": "-1,197", "Normalized EBITDA": "78,324", "Tax Rate for Calcs": "0", "Tax Effect of Unusual Items": "-270.522"}, "12/31/2018": {"Duration": "12/31/2018", "Total Revenue": "498,375", "Cost of Revenue": "319,831", "Gross Profit": "178,544", "Operating Expense": "138,912", "Operating Income": "39,632", "Net Non Operating Interest Income Expense": "-3,560", "Other Income Expense": "-3,700", "Pretax Income": "32,372", "Tax Provision": "7,813", "Net Income Common Stockholders": "24,559", "Diluted NI Available to Com Stockholders": "24,559", "Basic EPS": "0.76", "Diluted EPS": "0.73", "Basic Average Shares": "32,415", "Diluted Average Shares": "33,502", "Total Operating Income as Reported": "35,944", "Total Expenses": "458,743", "Net Income from Continuing & Discontinued Operation": "24,559", "Normalized Income": "27,358", "Interest Expense": "3,560", "Net Interest Income": "-3,560", "EBIT": "39,632", "EBITDA": "-", "Reconciled Cost of Revenue": "319,831", "Reconciled Depreciation": "20,428", "Net Income from Continuing Operation Net Minority Interest": "24,559", "Total Unusual Items Excluding Goodwill": "-3,688", "Total Unusual Items": "-3,688", "Normalized EBITDA": "63,748", "Tax Rate for Calcs": "0", "Tax Effect of Unusual Items": "-888.808"}}, "bs": {"12/31/2020": {"Duration": "12/31/2020", "Total Assets": "785,761", "Total Liabilities Net Minority Interest": "391,683", "Total Equity Gross Minority Interest": "394,078", "Total Capitalization": "577,702", "Common Stock Equity": "394,078", "Capital Lease Obligations": "39,419", "Net Tangible Assets": "-97,421", "Working Capital": "97,630", "Invested Capital": "577,702", "Tangible Book Value": "-97,421", "Total Debt": "223,043", "Net Debt": "100,420", "Share Issued": "50,296", "Ordinary Shares Number": "32,074", "Treasury Shares Number": "18,222"}, "12/31/2019": {"Duration": "12/31/2019", "Total Assets": "640,492", "Total Liabilities Net Minority Interest": "259,477", "Total Equity Gross Minority Interest": "381,015", "Total Capitalization": "505,679", "Common Stock Equity": "381,015", "Capital Lease Obligations": "28,641", "Net Tangible Assets": "7,498", "Working Capital": "127,313", "Invested Capital": "505,679", "Tangible Book Value": "7,498", "Total Debt": "153,305", "Net Debt": "53,936", "Share Issued": "49,272", "Ordinary Shares Number": "31,687", "Treasury Shares Number": "17,585"}, "12/31/2018": {"Duration": "12/31/2018", "Total Assets": "570,544", "Total Liabilities Net Minority Interest": "216,860", "Total Equity Gross Minority Interest": "353,684", "Total Capitalization": "473,751", "Common Stock Equity": "353,684", "Capital Lease Obligations": "-", "Net Tangible Assets": "-22,400", "Working Capital": "102,981", "Invested Capital": "473,751", "Tangible Book Value": "-22,400", "Total Debt": "120,067", "Net Debt": "75,083", "Share Issued": "48,429", "Ordinary Shares Number": "31,771", "Treasury Shares Number": "16,658"}}, "cf": {"TTM": {"Duration": "TTM", "Operating Cash Flow": "123,505", "Investing Cash Flow": "-68,647", "Financing Cash Flow": "-12,718", "End Cash Position": "71,441", "Income Tax Paid Supplemental Data": "6,077", "Interest Paid Supplemental Data": "3,097", "Capital Expenditure": "-6,549", "Issuance of Debt": "-", "Repayment of Debt": "-", "Repurchase of Capital Stock": "-24,481", "Free Cash Flow": "116,956"}, "12/31/2020": {"Duration": "12/31/2020", "Operating Cash Flow": "117,960", "Investing Cash Flow": "-98,614", "Financing Cash Flow": "-7,476", "End Cash Position": "83,204", "Income Tax Paid Supplemental Data": "5,256", "Interest Paid Supplemental Data": "3,411", "Capital Expenditure": "-6,731", "Issuance of Debt": "308,062", "Repayment of Debt": "-208,420", "Repurchase of Capital Stock": "-19,573", "Free Cash Flow": "111,229"}, "12/31/2019": {"Duration": "12/31/2019", "Operating Cash Flow": "77,965", "Investing Cash Flow": "-20,399", "Financing Cash Flow": "-32,051", "End Cash Position": "70,728", "Income Tax Paid Supplemental Data": "7,405", "Interest Paid Supplemental Data": "3,674", "Capital Expenditure": "-9,256", "Issuance of Debt": "0", "Repayment of Debt": "0", "Repurchase of Capital Stock": "-20,612", "Free Cash Flow": "68,709"}, "12/31/2018": {"Duration": "12/31/2018", "Operating Cash Flow": "68,580", "Investing Cash Flow": "-31,288", "Financing Cash Flow": "1,919", "End Cash Position": "44,984", "Income Tax Paid Supplemental Data": "5,127", "Interest Paid Supplemental Data": "1,399", "Capital Expenditure": "-4,648", "Issuance of Debt": "304,750", "Repayment of Debt": "-216,000", "Repurchase of Capital Stock": "-64,441", "Free Cash Flow": "63,932"}}}}, {"ICLD": {"quote": {"05/12/2021": {"value": "0.0019", "Market Cap": "2.06M", "Beta (5Y Monthly)": "3.36", "PE Ratio (TTM)": "N/A", "EPS (TTM)": "-0.3250", "Earnings Date": "Aug 16, 2018 - Aug 17, 2018", "Forward Dividend & Yield": "N/A (N/A)", "Ex-Dividend Date": "N/A", "1y Target Est": "N/A"}}, "fin": {"TTM": {"Duration": "TTM", "Total Revenue": "32,847", "Cost of Revenue": "25,852", "Gross Profit": "6,995", "Operating Expense": "9,458", "Operating Income": "-2,463", "Net Non Operating Interest Income Expense": "-815", "Other Income Expense": "-11,674", "Pretax Income": "-14,952", "Tax Provision": "-421", "Net Income Common Stockholders": "-11,151", "Diluted NI Available to Com Stockholders": "-11,151", "Basic EPS": "-", "Diluted EPS": "-", "Basic Average Shares": "-", "Diluted Average Shares": "-", "Total Operating Income as Reported": "-11,194", "Total Expenses": "35,310", "Net Income from Continuing & Discontinued Operation": "-11,151", "Normalized Income": "-5,734", "Interest Expense": "815", "Net Interest Income": "-815", "EBIT": "-14,137", "EBITDA": "-13,658", "Reconciled Cost of Revenue": "25,852", "Reconciled Depreciation": "479", "Net Income from Continuing Operation Net Minority Interest": "-14,045", "Total Unusual Items Excluding Goodwill": "-11,385", "Total Unusual Items": "-11,385", "Normalized EBITDA": "-2,273", "Tax Rate for Calcs": "0", "Tax Effect of Unusual Items": "-3,074"}}, "bs": {}, "cf": {"TTM": {"Duration": "TTM", "Operating Cash Flow": "-2,788", "Investing Cash Flow": "3,571", "Financing Cash Flow": "-1,137", "End Cash Position": "473", "Income Tax Paid Supplemental Data": "46", "Interest Paid Supplemental Data": "106", "Capital Expenditure": "-108", "Issuance of Capital Stock": "-", "Issuance of Debt": "1,671", "Repayment of Debt": "-3,338", "Free Cash Flow": "-2,896"}}}}, {"SYNT": {"quote": {"05/12/2021": {"value": "", "Net Assets": "N/A", "Beta (5Y Monthly)": "N/A", "Yield": "N/A", "5y Average Return": "N/A", "Holdings Turnover": "N/A", "Last Dividend": "N/A", "Average for Category": "N/A", "Inception Date": "N/A"}}, "fin": {}, "bs": {}, "cf": {}}}, {"WIT": {"quote": {"05/12/2021": {"value": "7.29", "Market Cap": "37.163B", "Beta (5Y Monthly)": "0.64", "PE Ratio (TTM)": "28.15", "EPS (TTM)": "0.26", "Earnings Date": "N/A", "Forward Dividend & Yield": "0.01 (0.18%)", "Ex-Dividend Date": "Jan 22, 2021", "1y Target Est": "5.42"}}, "fin": {"TTM": {"Duration": "TTM", "Total Revenue": "619,430,000", "Cost of Revenue": "423,205,000", "Gross Profit": "196,225,000", "Operating Expense": "76,167,000", "Operating Income": "120,058,000", "Net Non Operating Interest Income Expense": "13,354,000", "Other Income Expense": "5,595,000", "Pretax Income": "139,007,000", "Tax Provision": "30,345,000", "Net Income Common Stockholders": "107,946,000", "Diluted NI Available to Com Stockholders": "107,946,000", "Basic EPS": "-", "Diluted EPS": "-", "Basic Average Shares": "-", "Diluted Average Shares": "-", "Total Operating Income as Reported": "123,053,000", "Total Expenses": "499,372,000", "Net Income from Continuing & Discontinued Operation": "107,946,000", "Normalized Income": "103,674,001", "Interest Income": "18,442,000", "Interest Expense": "5,088,000", "Net Interest Income": "13,354,000", "EBIT": "144,095,000", "EBITDA": "171,751,000", "Reconciled Cost of Revenue": "423,205,000", "Reconciled Depreciation": "27,656,000", "Net Income from Continuing Operation Net Minority Interest": "107,946,000", "Total Unusual Items Excluding Goodwill": "5,465,000", "Total Unusual Items": "5,465,000", "Normalized EBITDA": "166,286,000", "Tax Rate for Calcs": "0", "Tax Effect of Unusual Items": "1,193,001"}, "3/31/2021": {"Duration": "3/31/2021", "Total Revenue": "619,430,000", "Cost of Revenue": "423,205,000", "Gross Profit": "196,225,000", "Operating Expense": "76,167,000", "Operating Income": "120,058,000", "Net Non Operating Interest Income Expense": "13,354,000", "Other Income Expense": "5,595,000", "Pretax Income": "139,007,000", "Tax Provision": "30,345,000", "Net Income Common Stockholders": "107,946,000", "Diluted NI Available to Com Stockholders": "107,946,000", "Basic EPS": "-", "Diluted EPS": "-", "Basic Average Shares": "-", "Diluted Average Shares": "-", "Total Operating Income as Reported": "123,053,000", "Total Expenses": "499,372,000", "Net Income from Continuing & Discontinued Operation": "107,946,000", "Normalized Income": "103,674,001", "Interest Income": "18,442,000", "Interest Expense": "5,088,000", "Net Interest Income": "13,354,000", "EBIT": "144,095,000", "EBITDA": "-", "Reconciled Cost of Revenue": "423,205,000", "Reconciled Depreciation": "27,656,000", "Net Income from Continuing Operation Net Minority Interest": "107,946,000", "Total Unusual Items Excluding Goodwill": "5,465,000", "Total Unusual Items": "5,465,000", "Normalized EBITDA": "166,286,000", "Tax Rate for Calcs": "0", "Tax Effect of Unusual Items": "1,193,001"}, "3/31/2020": {"Duration": "3/31/2020", "Total Revenue": "610,232,000", "Cost of Revenue": "436,085,000", "Gross Profit": "174,147,000", "Operating Expense": "71,586,000", "Operating Income": "102,561,000", "Net Non Operating Interest Income Expense": "16,628,000", "Other Income Expense": "3,323,000", "Pretax Income": "122,512,000", "Tax Provision": "24,799,000", "Net Income Common Stockholders": "97,218,000", "Diluted NI Available to Com Stockholders": "97,218,000", "Basic EPS": "16.67", "Diluted EPS": "16.62", "Basic Average Shares": "5,833,384", "Diluted Average Shares": "5,847,823", "Total Operating Income as Reported": "105,730,000", "Total Expenses": "507,671,000", "Net Income from Continuing & Discontinued Operation": "97,218,000", "Normalized Income": "94,590,706", "Interest Income": "21,764,000", "Interest Expense": "5,136,000", "Net Interest Income": "16,628,000", "EBIT": "127,648,000", "EBITDA": "-", "Reconciled Cost of Revenue": "418,762,000", "Reconciled Depreciation": "20,862,000", "Net Income from Continuing Operation Net Minority Interest": "97,218,000", "Total Unusual Items Excluding Goodwill": "3,294,000", "Total Unusual Items": "3,294,000", "Normalized EBITDA": "145,216,000", "Tax Rate for Calcs": "0", "Tax Effect of Unusual Items": "666,706"}, "3/31/2019": {"Duration": "3/31/2019", "Total Revenue": "585,845,000", "Cost of Revenue": "413,033,000", "Gross Profit": "172,812,000", "Operating Expense": "76,117,000", "Operating Income": "96,695,000", "Net Non Operating Interest Income Expense": "14,645,000", "Other Income Expense": "4,075,000", "Pretax Income": "115,415,000", "Tax Provision": "25,242,000", "Net Income Common Stockholders": "90,031,000", "Diluted NI Available to Com Stockholders": "90,031,000", "Basic EPS": "14.99", "Diluted EPS": "14.95", "Basic Average Shares": "6,007,377", "Diluted Average Shares": "6,022,304", "Total Operating Income as Reported": "99,910,000", "Total Expenses": "489,150,000", "Net Income from Continuing & Discontinued Operation": "90,031,000", "Normalized Income": "86,853,963", "Interest Income": "20,261,000", "Interest Expense": "5,616,000", "Net Interest Income": "14,645,000", "EBIT": "121,031,000", "EBITDA": "-", "Reconciled Cost of Revenue": "398,271,000", "Reconciled Depreciation": "19,474,000", "Net Income from Continuing Operation Net Minority Interest": "90,031,000", "Total Unusual Items Excluding Goodwill": "4,118,000", "Total Unusual Items": "4,118,000", "Normalized EBITDA": "136,387,000", "Tax Rate for Calcs": "0", "Tax Effect of Unusual Items": "940,963"}}, "bs": {"3/31/2021": {"Duration": "3/31/2021", "Total Assets": "831,434,000", "Total Liabilities Net Minority Interest": "276,841,000", "Total Equity Gross Minority Interest": "554,593,000", "Total Capitalization": "560,553,000", "Common Stock Equity": "553,095,000", "Capital Lease Obligations": "21,182,000", "Net Tangible Assets": "400,883,000", "Working Capital": "293,146,000", "Invested Capital": "636,427,000", "Tangible Book Value": "400,883,000", "Total Debt": "104,514,000", "Net Debt": "-", "Share Issued": "5,498,540", "Ordinary Shares Number": "5,479,139", "Treasury Shares Number": "19,401"}, "3/31/2020": {"Duration": "3/31/2020", "Total Assets": "817,062,000", "Total Liabilities Net Minority Interest": "257,729,000", "Total Equity Gross Minority Interest": "559,333,000", "Total Capitalization": "562,298,000", "Common Stock Equity": "557,458,000", "Capital Lease Obligations": "19,198,000", "Net Tangible Assets": "405,549,000", "Working Capital": "303,458,000", "Invested Capital": "635,500,000", "Tangible Book Value": "405,549,000", "Total Debt": "97,240,000", "Net Debt": "-", "Share Issued": "5,736,103", "Ordinary Shares Number": "5,713,357", "Treasury Shares Number": "22,746"}, "3/31/2019": {"Duration": "3/31/2019", "Total Assets": "833,171,000", "Total Liabilities Net Minority Interest": "262,418,000", "Total Equity Gross Minority Interest": "570,753,000", "Total Capitalization": "596,484,000", "Common Stock Equity": "568,116,000", "Capital Lease Obligations": "-", "Net Tangible Assets": "431,051,000", "Working Capital": "357,556,000", "Invested Capital": "667,583,000", "Tangible Book Value": "431,051,000", "Total Debt": "99,467,000", "Net Debt": "-", "Share Issued": "6,033,935", "Ordinary Shares Number": "6,006,582", "Treasury Shares Number": "27,354"}}, "cf": {"TTM": {"Duration": "TTM", "Operating Cash Flow": "147,550,000", "Investing Cash Flow": "7,739,000", "Financing Cash Flow": "-128,840,000", "End Cash Position": "169,663,000", "Capital Expenditure": "-19,577,000", "Issuance of Capital Stock": "6,000", "Issuance of Debt": "103,418,000", "Repayment of Debt": "-105,866,000", "Repurchase of Capital Stock": "-95,199,000", "Free Cash Flow": "127,973,000"}, "3/31/2021": {"Duration": "3/31/2021", "Operating Cash Flow": "147,550,000", "Investing Cash Flow": "7,739,000", "Financing Cash Flow": "-128,840,000", "End Cash Position": "169,663,000", "Capital Expenditure": "-19,577,000", "Issuance of Capital Stock": "6,000", "Issuance of Debt": "103,418,000", "Repayment of Debt": "-105,866,000", "Repurchase of Capital Stock": "-95,199,000", "Free Cash Flow": "127,973,000"}, "3/31/2020": {"Duration": "3/31/2020", "Operating Cash Flow": "100,643,000", "Investing Cash Flow": "34,012,000", "Financing Cash Flow": "-150,998,000", "End Cash Position": "144,104,000", "Capital Expenditure": "-23,497,000", "Issuance of Capital Stock": "14,000", "Issuance of Debt": "106,342,000", "Repayment of Debt": "-139,164,000", "Repurchase of Capital Stock": "-105,311,000", "Free Cash Flow": "77,146,000"}, "3/31/2019": {"Duration": "3/31/2019", "Operating Cash Flow": "116,316,000", "Investing Cash Flow": "50,126,000", "Financing Cash Flow": "-49,369,000", "End Cash Position": "158,525,000", "Capital Expenditure": "-22,781,000", "Issuance of Capital Stock": "4,000", "Issuance of Debt": "65,161,000", "Repayment of Debt": "-104,039,000", "Repurchase of Capital Stock": "0", "Free Cash Flow": "93,535,000"}}}}, {"RDWR": {"quote": {"05/12/2021": {"value": "27.46", "Market Cap": "1.25B", "Beta (5Y Monthly)": "0.89", "PE Ratio (TTM)": "119.39", "EPS (TTM)": "0.23", "Earnings Date": "Jul 28, 2021", "Forward Dividend & Yield": "N/A (N/A)", "Ex-Dividend Date": "N/A", "1y Target Est": "32.50"}}, "fin": {"TTM": {"Duration": "TTM", "Total Revenue": "250,027", "Cost of Revenue": "45,084", "Gross Profit": "204,943", "Operating Expense": "198,775", "Operating Income": "6,168", "Net Non Operating Interest Income Expense": "10,066", "Other Income Expense": "1,363", "Pretax Income": "13,964", "Tax Provision": "4,328", "Net Income Common Stockholders": "9,636", "Diluted NI Available to Com Stockholders": "9,636", "Basic EPS": "-", "Diluted EPS": "-", "Basic Average Shares": "-", "Diluted Average Shares": "-", "Total Operating Income as Reported": "6,168", "Total Expenses": "243,859", "Net Income from Continuing & Discontinued Operation": "9,636", "Normalized Income": "11,202", "Interest Income": "9,616", "Net Interest Income": "10,066", "EBIT": "6,168", "EBITDA": "16,727", "Reconciled Cost of Revenue": "45,084", "Reconciled Depreciation": "10,559", "Net Income from Continuing Operation Net Minority Interest": "9,636", "Total Unusual Items Excluding Goodwill": "-2,276", "Total Unusual Items": "-2,276", "Normalized EBITDA": "18,997", "Tax Rate for Calcs": "0", "Tax Effect of Unusual Items": "-703.7"}, "12/31/2020": {"Duration": "12/31/2020", "Total Revenue": "250,027", "Cost of Revenue": "45,084", "Gross Profit": "204,943", "Operating Expense": "198,775", "Operating Income": "6,168", "Net Non Operating Interest Income Expense": "10,066", "Other Income Expense": "-2,270", "Pretax Income": "13,964", "Tax Provision": "4,328", "Net Income Common Stockholders": "9,636", "Diluted NI Available to Com Stockholders": "9,636", "Basic EPS": "-", "Diluted EPS": "-", "Basic Average Shares": "-", "Diluted Average Shares": "-", "Total Operating Income as Reported": "6,168", "Total Expenses": "243,859", "Net Income from Continuing & Discontinued Operation": "9,636", "Normalized Income": "11,202", "Interest Income": "9,616", "Net Interest Income": "10,066", "EBIT": "6,168", "EBITDA": "-", "Reconciled Cost of Revenue": "45,084", "Reconciled Depreciation": "10,559", "Net Income from Continuing Operation Net Minority Interest": "9,636", "Total Unusual Items Excluding Goodwill": "-2,270", "Total Unusual Items": "-2,270", "Normalized EBITDA": "18,997", "Tax Rate for Calcs": "0", "Tax Effect of Unusual Items": "-703.7"}, "12/31/2019": {"Duration": "12/31/2019", "Total Revenue": "252,072", "Cost of Revenue": "45,174", "Gross Profit": "206,898", "Operating Expense": "189,981", "Operating Income": "16,917", "Net Non Operating Interest Income Expense": "11,068", "Other Income Expense": "-2,276", "Pretax Income": "25,709", "Tax Provision": "3,143", "Net Income Common Stockholders": "22,566", "Diluted NI Available to Com Stockholders": "22,566", "Basic EPS": "0.48", "Diluted EPS": "0.47", "Basic Average Shares": "46,817", "Diluted Average Shares": "48,523", "Total Operating Income as Reported": "16,917", "Total Expenses": "235,155", "Net Income from Continuing & Discontinued Operation": "22,566", "Normalized Income": "24,569", "Interest Income": "10,655", "Net Interest Income": "11,068", "EBIT": "16,917", "EBITDA": "-", "Reconciled Cost of Revenue": "45,174", "Reconciled Depreciation": "11,283", "Net Income from Continuing Operation Net Minority Interest": "22,566", "Total Unusual Items Excluding Goodwill": "-2,276", "Total Unusual Items": "-2,276", "Normalized EBITDA": "30,476", "Tax Rate for Calcs": "0", "Tax Effect of Unusual Items": "-273.12"}, "12/31/2018": {"Duration": "12/31/2018", "Total Revenue": "234,404", "Cost of Revenue": "41,675", "Gross Profit": "192,729", "Operating Expense": "185,205", "Operating Income": "7,524", "Net Non Operating Interest Income Expense": "7,470", "Other Income Expense": "-196", "Pretax Income": "14,798", "Tax Provision": "3,063", "Net Income Common Stockholders": "11,735", "Diluted NI Available to Com Stockholders": "11,735", "Basic EPS": "0.26", "Diluted EPS": "0.25", "Basic Average Shares": "45,289", "Diluted Average Shares": "47,692", "Total Operating Income as Reported": "7,524", "Total Expenses": "226,880", "Net Income from Continuing & Discontinued Operation": "11,735", "Normalized Income": "11,890", "Interest Income": "7,583", "Net Interest Income": "7,470", "EBIT": "7,524", "EBITDA": "-", "Reconciled Cost of Revenue": "41,675", "Reconciled Depreciation": "9,782", "Net Income from Continuing Operation Net Minority Interest": "11,735", "Total Unusual Items Excluding Goodwill": "-196", "Total Unusual Items": "-196", "Normalized EBITDA": "17,502", "Tax Rate for Calcs": "0", "Tax Effect of Unusual Items": "-40.5695"}}, "bs": {"12/31/2020": {"Duration": "12/31/2020", "Total Assets": "623,265", "Total Liabilities Net Minority Interest": "234,804", "Total Equity Gross Minority Interest": "388,461", "Total Capitalization": "388,461", "Common Stock Equity": "388,461", "Capital Lease Obligations": "30,075", "Net Tangible Assets": "334,729", "Working Capital": "204,055", "Invested Capital": "388,461", "Tangible Book Value": "334,729", "Total Debt": "30,075", "Share Issued": "59,285", "Ordinary Shares Number": "46,387", "Treasury Shares Number": "12,898"}, "12/31/2019": {"Duration": "12/31/2019", "Total Assets": "595,199", "Total Liabilities Net Minority Interest": "199,868", "Total Equity Gross Minority Interest": "395,331", "Total Capitalization": "395,331", "Common Stock Equity": "395,331", "Capital Lease Obligations": "19,107", "Net Tangible Assets": "339,706", "Working Capital": "96,429", "Invested Capital": "395,331", "Tangible Book Value": "339,706", "Total Debt": "19,107", "Share Issued": "57,932", "Ordinary Shares Number": "46,988", "Treasury Shares Number": "10,944"}, "12/31/2018": {"Duration": "12/31/2018", "Total Assets": "532,721", "Total Liabilities Net Minority Interest": "168,764", "Total Equity Gross Minority Interest": "363,957", "Total Capitalization": "363,957", "Common Stock Equity": "363,957", "Capital Lease Obligations": "-", "Net Tangible Assets": "322,316", "Working Capital": "241,003", "Invested Capital": "363,957", "Tangible Book Value": "322,316", "Total Debt": "-", "Share Issued": "56,293", "Ordinary Shares Number": "46,347", "Treasury Shares Number": "9,946"}}, "cf": {"TTM": {"Duration": "TTM", "Operating Cash Flow": "63,865", "Investing Cash Flow": "-14,368", "Financing Cash Flow": "-35,477", "End Cash Position": "54,771", "Income Tax Paid Supplemental Data": "3,296", "Capital Expenditure": "-8,671", "Repurchase of Capital Stock": "-45,326", "Free Cash Flow": "55,194"}, "12/31/2020": {"Duration": "12/31/2020", "Operating Cash Flow": "63,865", "Investing Cash Flow": "-14,368", "Financing Cash Flow": "-35,477", "End Cash Position": "54,771", "Income Tax Paid Supplemental Data": "1,314", "Capital Expenditure": "-8,671", "Repurchase of Capital Stock": "-45,326", "Free Cash Flow": "55,194"}, "12/31/2019": {"Duration": "12/31/2019", "Operating Cash Flow": "52,852", "Investing Cash Flow": "-50,793", "Financing Cash Flow": "-6,511", "End Cash Position": "40,751", "Income Tax Paid Supplemental Data": "3,296", "Capital Expenditure": "-8,155", "Repurchase of Capital Stock": "-24,509", "Free Cash Flow": "44,697"}, "12/31/2018": {"Duration": "12/31/2018", "Operating Cash Flow": "49,251", "Investing Cash Flow": "-85,503", "Financing Cash Flow": "16,218", "End Cash Position": "45,203", "Income Tax Paid Supplemental Data": "6,415", "Capital Expenditure": "-8,869", "Repurchase of Capital Stock": "-4,275", "Free Cash Flow": "40,382"}}}}, {"QFOR": {"quote": {"05/12/2021": {"value": "", "Net Assets": "N/A", "Beta (5Y Monthly)": "N/A", "Yield": "N/A", "5y Average Return": "N/A", "Holdings Turnover": "N/A", "Last Dividend": "N/A", "Average for Category": "N/A", "Inception Date": "N/A"}}, "fin": {}, "bs": {}, "cf": {}}}, {"CHGT": {"quote": {"03/26/2021": {"value": "0.0003", "Market Cap": "175,755", "Beta (5Y Monthly)": "1.04", "PE Ratio (TTM)": "N/A", "EPS (TTM)": "-0.0120", "Earnings Date": "N/A", "Forward Dividend & Yield": "N/A (N/A)", "Ex-Dividend Date": "N/A", "1y Target Est": "N/A"}}, "fin": {}, "bs": {}, "cf": {}}}, {"SPIN": {"quote": {"05/12/2021": {"value": "0.0641", "Market Cap": "1.297M", "Beta (5Y Monthly)": "1.61", "PE Ratio (TTM)": "N/A", "EPS (TTM)": "-0.0150", "Earnings Date": "May 15, 2019", "Forward Dividend & Yield": "N/A (N/A)", "Ex-Dividend Date": "N/A", "1y Target Est": "N/A"}}, "fin": {"TTM": {"Duration": "TTM", "Total Revenue": "172.019", "Cost of Revenue": "0", "Gross Profit": "172.019", "Operating Expense": "507.397", "Operating Income": "-335.378", "Net Non Operating Interest Income Expense": "-26.646", "Other Income Expense": "64.63", "Pretax Income": "-297.394", "Net Income Common Stockholders": "-297.394", "Diluted NI Available to Com Stockholders": "-297.394", "Basic EPS": "-", "Diluted EPS": "-", "Basic Average Shares": "-", "Diluted Average Shares": "-", "Total Operating Income as Reported": "-335.378", "Total Expenses": "507.397", "Net Income from Continuing & Discontinued Operation": "-297.394", "Normalized Income": "-361.491", "Interest Expense": "26.646", "Net Interest Income": "-26.646", "EBIT": "-270.748", "EBITDA": "-256.328", "Reconciled Cost of Revenue": "0", "Reconciled Depreciation": "14.42", "Net Income from Continuing Operation Net Minority Interest": "-297.394", "Total Unusual Items Excluding Goodwill": "64.097", "Total Unusual Items": "64.097", "Normalized EBITDA": "-320.425", "Tax Rate for Calcs": "0", "Tax Effect of Unusual Items": "0"}, "12/31/2020": {"Duration": "12/31/2020", "Total Revenue": "172.019", "Cost of Revenue": "0", "Gross Profit": "172.019", "Operating Expense": "507.397", "Operating Income": "-335.378", "Net Non Operating Interest Income Expense": "-26.646", "Other Income Expense": "64.63", "Pretax Income": "-297.394", "Net Income Common Stockholders": "-297.394", "Diluted NI Available to Com Stockholders": "-297.394", "Basic EPS": "-", "Diluted EPS": "-", "Basic Average Shares": "-", "Diluted Average Shares": "-", "Total Operating Income as Reported": "-335.378", "Total Expenses": "507.397", "Net Income from Continuing & Discontinued Operation": "-297.394", "Normalized Income": "-361.491", "Interest Expense": "26.646", "Net Interest Income": "-26.646", "EBIT": "-270.748", "EBITDA": "-", "Reconciled Cost of Revenue": "0", "Reconciled Depreciation": "14.42", "Net Income from Continuing Operation Net Minority Interest": "-297.394", "Total Unusual Items Excluding Goodwill": "64.097", "Total Unusual Items": "64.097", "Normalized EBITDA": "-320.425", "Tax Rate for Calcs": "0", "Tax Effect of Unusual Items": "0"}, "12/31/2019": {"Duration": "12/31/2019", "Total Revenue": "209.373", "Cost of Revenue": "115.235", "Gross Profit": "94.138", "Operating Expense": "1,644", "Operating Income": "-1,550", "Net Non Operating Interest Income Expense": "-65.303", "Other Income Expense": "2.399", "Pretax Income": "-1,613", "Net Income Common Stockholders": "-1,613", "Diluted NI Available to Com Stockholders": "-1,613", "Basic EPS": "-0.08", "Diluted EPS": "-0.08", "Basic Average Shares": "20,241", "Diluted Average Shares": "20,241", "Total Operating Income as Reported": "-1,550", "Total Expenses": "1,759", "Net Income from Continuing & Discontinued Operation": "-1,613", "Normalized Income": "-1,613", "Interest Expense": "65.303", "Net Interest Income": "-65.303", "EBIT": "-1,547", "EBITDA": "-", "Reconciled Cost of Revenue": "115.235", "Reconciled Depreciation": "51.808", "Net Income from Continuing Operation Net Minority Interest": "-1,613", "Total Unusual Items Excluding Goodwill": "-", "Total Unusual Items": "-", "Normalized EBITDA": "-1,495", "Tax Rate for Calcs": "0", "Tax Effect of Unusual Items": "0"}, "12/31/2018": {"Duration": "12/31/2018", "Total Revenue": "1,836", "Cost of Revenue": "656.777", "Gross Profit": "1,179", "Operating Expense": "1,793", "Operating Income": "-613.711", "Net Non Operating Interest Income Expense": "-66.241", "Other Income Expense": "8.297", "Pretax Income": "-671.655", "Net Income Common Stockholders": "-671.655", "Diluted NI Available to Com Stockholders": "-671.655", "Basic EPS": "-0.03", "Diluted EPS": "-0.03", "Basic Average Shares": "20,228", "Diluted Average Shares": "20,228", "Total Operating Income as Reported": "-613.711", "Total Expenses": "2,449", "Net Income from Continuing & Discontinued Operation": "-671.655", "Normalized Income": "-671.655", "Interest Expense": "66.241", "Net Interest Income": "-66.241", "EBIT": "-605.414", "EBITDA": "-", "Reconciled Cost of Revenue": "656.777", "Reconciled Depreciation": "25.503", "Net Income from Continuing Operation Net Minority Interest": "-671.655", "Total Unusual Items Excluding Goodwill": "-", "Total Unusual Items": "-", "Normalized EBITDA": "-579.911", "Tax Rate for Calcs": "0", "Tax Effect of Unusual Items": "0"}}, "bs": {"12/31/2020": {"Duration": "12/31/2020", "Total Assets": "284.858", "Total Liabilities Net Minority Interest": "533.288", "Total Equity Gross Minority Interest": "-248.43", "Total Capitalization": "-248.43", "Common Stock Equity": "-248.43", "Net Tangible Assets": "-248.43", "Working Capital": "-259.389", "Invested Capital": "241.57", "Tangible Book Value": "-248.43", "Total Debt": "490", "Net Debt": "448.345", "Share Issued": "20,241", "Ordinary Shares Number": "20,241"}, "12/31/2019": {"Duration": "12/31/2019", "Total Assets": "1,160", "Total Liabilities Net Minority Interest": "1,111", "Total Equity Gross Minority Interest": "48.964", "Total Capitalization": "48.964", "Common Stock Equity": "48.964", "Net Tangible Assets": "48.964", "Working Capital": "-507.988", "Invested Capital": "1,119", "Tangible Book Value": "48.964", "Total Debt": "1,070", "Net Debt": "959.413", "Share Issued": "20,241", "Ordinary Shares Number": "20,241"}, "12/31/2018": {"Duration": "12/31/2018", "Total Assets": "3,397", "Total Liabilities Net Minority Interest": "1,736", "Total Equity Gross Minority Interest": "1,662", "Total Capitalization": "1,662", "Common Stock Equity": "1,662", "Net Tangible Assets": "1,491", "Working Capital": "-509.275", "Invested Capital": "3,317", "Tangible Book Value": "1,491", "Total Debt": "1,655", "Net Debt": "1,595", "Share Issued": "20,241", "Ordinary Shares Number": "20,241"}}, "cf": {"TTM": {"Duration": "TTM", "Operating Cash Flow": "446.971", "Investing Cash Flow": "-", "Financing Cash Flow": "-515.903", "End Cash Position": "41.655", "Income Tax Paid Supplemental Data": "0", "Interest Paid Supplemental Data": "26.646", "Capital Expenditure": "-", "Issuance of Debt": "64.097", "Repayment of Debt": "-580", "Free Cash Flow": "446.971"}, "12/31/2020": {"Duration": "12/31/2020", "Operating Cash Flow": "446.971", "Investing Cash Flow": "-", "Financing Cash Flow": "-515.903", "End Cash Position": "41.655", "Income Tax Paid Supplemental Data": "0", "Interest Paid Supplemental Data": "26.646", "Capital Expenditure": "-", "Issuance of Debt": "64.097", "Repayment of Debt": "-580", "Free Cash Flow": "446.971"}, "12/31/2019": {"Duration": "12/31/2019", "Operating Cash Flow": "635.908", "Investing Cash Flow": "-", "Financing Cash Flow": "-585", "End Cash Position": "110.587", "Income Tax Paid Supplemental Data": "0", "Interest Paid Supplemental Data": "65.305", "Capital Expenditure": "-", "Issuance of Debt": "-", "Repayment of Debt": "-585", "Free Cash Flow": "635.908"}, "12/31/2018": {"Duration": "12/31/2018", "Operating Cash Flow": "-123.164", "Investing Cash Flow": "0", "Financing Cash Flow": "105", "End Cash Position": "59.679", "Income Tax Paid Supplemental Data": "0", "Interest Paid Supplemental Data": "66.241", "Capital Expenditure": "-", "Issuance of Debt": "240", "Repayment of Debt": "-135", "Free Cash Flow": "-123.164"}}}}]