[{"ANGI": {"quote": {"05/12/2021": {"value": "12.06", "Market Cap": "6.083B", "Beta (5Y Monthly)": "2.00", "PE Ratio (TTM)": "1,340.00", "EPS (TTM)": "0.01", "Earnings Date": "Aug 09, 2021 - Aug 13, 2021", "Forward Dividend & Yield": "N/A (N/A)", "Ex-Dividend Date": "N/A", "1y Target Est": "17.22"}}, "fin": {"TTM": {"Duration": "TTM", "Total Revenue": "1,467,925", "Cost of Revenue": "173,281", "Gross Profit": "1,294,644", "Operating Expense": "1,301,012", "Operating Income": "-6,368", "Net Non Operating Interest Income Expense": "-14,178", "Other Income Expense": "1,218", "Pretax Income": "-19,328", "Tax Provision": "-15,168", "Net Income Common Stockholders": "-6,283", "Diluted NI Available to Com Stockholders": "-6,283", "Basic EPS": "-", "Diluted EPS": "-", "Basic Average Shares": "-", "Diluted Average Shares": "-", "Total Operating Income as Reported": "-6,368", "Total Expenses": "1,474,293", "Net Income from Continuing & Discontinued Operation": "-6,283", "Normalized Income": "-6,283", "Interest Expense": "14,178", "Net Interest Income": "-14,178", "EBIT": "-5,150", "EBITDA": "90,373", "Reconciled Cost of Revenue": "173,281", "Reconciled Depreciation": "95,523", "Net Income from Continuing Operation Net Minority Interest": "-6,283", "Normalized EBITDA": "90,373", "Tax Rate for Calcs": "0", "Tax Effect of Unusual Items": "0"}, "12/31/2020": {"Duration": "12/31/2020", "Total Revenue": "1,467,925", "Cost of Revenue": "173,281", "Gross Profit": "1,294,644", "Operating Expense": "1,301,012", "Operating Income": "-6,368", "Net Non Operating Interest Income Expense": "-14,178", "Other Income Expense": "1,218", "Pretax Income": "-19,328", "Tax Provision": "-15,168", "Net Income Common Stockholders": "-6,283", "Diluted NI Available to Com Stockholders": "-6,283", "Basic EPS": "-", "Diluted EPS": "-", "Basic Average Shares": "-", "Diluted Average Shares": "-", "Total Operating Income as Reported": "-6,368", "Total Expenses": "1,474,293", "Net Income from Continuing & Discontinued Operation": "-6,283", "Normalized Income": "-6,283", "Interest Expense": "14,178", "Net Interest Income": "-14,178", "EBIT": "-5,150", "EBITDA": "-", "Reconciled Cost of Revenue": "173,281", "Reconciled Depreciation": "95,523", "Net Income from Continuing Operation Net Minority Interest": "-6,283", "Normalized EBITDA": "90,373", "Tax Rate for Calcs": "0", "Tax Effect of Unusual Items": "0"}, "12/31/2019": {"Duration": "12/31/2019", "Total Revenue": "1,326,205", "Cost of Revenue": "46,493", "Gross Profit": "1,279,712", "Operating Expense": "1,241,067", "Operating Income": "38,645", "Net Non Operating Interest Income Expense": "-11,509", "Other Income Expense": "6,510", "Pretax Income": "33,646", "Tax Provision": "-1,668", "Net Income Common Stockholders": "34,829", "Diluted NI Available to Com Stockholders": "34,829", "Basic EPS": "0.07", "Diluted EPS": "0.07", "Basic Average Shares": "497,557", "Diluted Average Shares": "497,557", "Total Operating Income as Reported": "38,645", "Total Expenses": "1,287,560", "Net Income from Continuing & Discontinued Operation": "34,829", "Normalized Income": "34,829", "Interest Expense": "11,509", "Net Interest Income": "-11,509", "EBIT": "45,155", "EBITDA": "-", "Reconciled Cost of Revenue": "46,493", "Reconciled Depreciation": "95,397", "Net Income from Continuing Operation Net Minority Interest": "34,829", "Normalized EBITDA": "140,552", "Tax Rate for Calcs": "0", "Tax Effect of Unusual Items": "0"}, "12/31/2018": {"Duration": "12/31/2018", "Total Revenue": "1,132,241", "Cost of Revenue": "55,739", "Gross Profit": "1,076,502", "Operating Expense": "1,012,596", "Operating Income": "63,906", "Net Non Operating Interest Income Expense": "-11,741", "Other Income Expense": "17,859", "Pretax Income": "70,024", "Tax Provision": "-7,483", "Net Income Common Stockholders": "77,318", "Diluted NI Available to Com Stockholders": "77,318", "Basic EPS": "0.16", "Diluted EPS": "0.15", "Basic Average Shares": "483,238", "Diluted Average Shares": "515,453", "Total Operating Income as Reported": "63,906", "Total Expenses": "1,068,335", "Net Income from Continuing & Discontinued Operation": "77,318", "Normalized Income": "77,318", "Interest Expense": "11,741", "Net Interest Income": "-11,741", "EBIT": "81,765", "EBITDA": "-", "Reconciled Cost of Revenue": "55,739", "Reconciled Depreciation": "86,522", "Net Income from Continuing Operation Net Minority Interest": "77,318", "Normalized EBITDA": "168,287", "Tax Rate for Calcs": "0", "Tax Effect of Unusual Items": "0"}}, "bs": {"12/31/2020": {"Duration": "12/31/2020", "Total Assets": "2,368,182", "Total Liabilities Net Minority Interest": "1,085,325", "Total Equity Gross Minority Interest": "1,282,857", "Total Capitalization": "1,984,567", "Common Stock Equity": "1,272,290", "Capital Lease Obligations": "15,700", "Net Tangible Assets": "170,776", "Working Capital": "744,128", "Invested Capital": "1,984,567", "Tangible Book Value": "170,776", "Total Debt": "727,977", "Net Debt": "-", "Share Issued": "516,100", "Ordinary Shares Number": "500,195", "Treasury Shares Number": "15,905"}, "12/31/2019": {"Duration": "12/31/2019", "Total Assets": "1,921,611", "Total Liabilities Net Minority Interest": "598,059", "Total Equity Gross Minority Interest": "1,323,552", "Total Capitalization": "1,546,234", "Common Stock Equity": "1,314,288", "Capital Lease Obligations": "-", "Net Tangible Assets": "178,603", "Working Capital": "285,039", "Invested Capital": "1,559,984", "Tangible Book Value": "178,603", "Total Debt": "245,696", "Net Debt": "-", "Share Issued": "508,577", "Ordinary Shares Number": "501,251", "Treasury Shares Number": "7,326"}, "12/31/2018": {"Duration": "12/31/2018", "Total Assets": "1,808,027", "Total Liabilities Net Minority Interest": "486,040", "Total Equity Gross Minority Interest": "1,321,987", "Total Capitalization": "1,558,927", "Common Stock Equity": "1,312,941", "Capital Lease Obligations": "-", "Net Tangible Assets": "113,937", "Working Capital": "272,890", "Invested Capital": "1,572,677", "Tangible Book Value": "113,937", "Total Debt": "259,736", "Net Debt": "-", "Share Issued": "501,633", "Ordinary Shares Number": "501,633", "Treasury Shares Number": "-"}}, "cf": {"TTM": {"Duration": "TTM", "Operating Cash Flow": "188,419", "Investing Cash Flow": "-103,954", "Financing Cash Flow": "337,053", "End Cash Position": "813,561", "Income Tax Paid Supplemental Data": "-", "Interest Paid Supplemental Data": "-", "Capital Expenditure": "-52,488", "Issuance of Debt": "500,000", "Repayment of Debt": "-27,500", "Repurchase of Capital Stock": "-63,674", "Free Cash Flow": "135,931"}, "12/31/2020": {"Duration": "12/31/2020", "Operating Cash Flow": "188,419", "Investing Cash Flow": "-103,954", "Financing Cash Flow": "337,053", "End Cash Position": "813,561", "Income Tax Paid Supplemental Data": "-", "Interest Paid Supplemental Data": "-", "Capital Expenditure": "-52,488", "Issuance of Debt": "500,000", "Repayment of Debt": "-27,500", "Repurchase of Capital Stock": "-63,674", "Free Cash Flow": "135,931"}, "12/31/2019": {"Duration": "12/31/2019", "Operating Cash Flow": "214,161", "Investing Cash Flow": "-40,633", "Financing Cash Flow": "-121,532", "End Cash Position": "391,478", "Income Tax Paid Supplemental Data": "-", "Interest Paid Supplemental Data": "-", "Capital Expenditure": "-68,804", "Issuance of Debt": "0", "Repayment of Debt": "-14,758", "Repurchase of Capital Stock": "-56,905", "Free Cash Flow": "145,357"}, "12/31/2018": {"Duration": "12/31/2018", "Operating Cash Flow": "223,700", "Investing Cash Flow": "-57,591", "Financing Cash Flow": "-49,021", "End Cash Position": "338,821", "Income Tax Paid Supplemental Data": "-", "Interest Paid Supplemental Data": "-", "Capital Expenditure": "-46,976", "Issuance of Debt": "0", "Repayment of Debt": "-15,654", "Repurchase of Capital Stock": "-", "Free Cash Flow": "176,724"}}}}, {"ALYI": {"quote": {"05/12/2021": {"value": "0.0430", "Market Cap": "742,231", "Beta (5Y Monthly)": "1.62", "PE Ratio (TTM)": "21.50", "EPS (TTM)": "0.0020", "Earnings Date": "Nov 19, 2018", "Forward Dividend & Yield": "N/A (N/A)", "Ex-Dividend Date": "N/A", "1y Target Est": "N/A"}}, "fin": {}, "bs": {}, "cf": {}}}, {"SINA": {"quote": {"03/28/2021": {"value": "43.26", "Market Cap": "2.584B", "Beta (5Y Monthly)": "N/A", "PE Ratio (TTM)": "N/A", "EPS (TTM)": "N/A", "Earnings Date": "Jun 01, 2021 - Jun 08, 2021", "Forward Dividend & Yield": "N/A (N/A)", "Ex-Dividend Date": "N/A", "1y Target Est": "38.77"}}, "fin": {}, "bs": {}, "cf": {}}}, {"VHC": {"quote": {"03/28/2021": {"value": "5.40", "Market Cap": "383.716M", "Beta (5Y Monthly)": "0.63", "PE Ratio (TTM)": "1.38", "EPS (TTM)": "3.92", "Earnings Date": "Aug 10, 2020", "Forward Dividend & Yield": "N/A (N/A)", "Ex-Dividend Date": "May 15, 2020", "1y Target Est": "N/A"}}}}, {"GIB": {"quote": {"03/28/2021": {"value": "82.40", "Market Cap": "20.852B", "Beta (5Y Monthly)": "1.01", "PE Ratio (TTM)": "23.15", "EPS (TTM)": "3.56", "Earnings Date": "N/A", "Forward Dividend & Yield": "N/A (N/A)", "Ex-Dividend Date": "N/A", "1y Target Est": "58.67"}}}}, {"EQIX": {"quote": {"05/12/2021": {"value": "705.36", "Market Cap": "63.186B", "Beta (5Y Monthly)": "0.28", "PE Ratio (TTM)": "154.82", "EPS (TTM)": "4.56", "Earnings Date": "Jul 27, 2021 - Aug 02, 2021", "Forward Dividend & Yield": "11.48 (1.60%)", "Ex-Dividend Date": "May 18, 2021", "1y Target Est": "837.50"}}, "fin": {"TTM": {"Duration": "TTM", "Total Revenue": "6,150,067", "Cost of Revenue": "3,149,275", "Gross Profit": "3,000,792", "Operating Expense": "1,851,573", "Operating Income": "1,149,219", "Net Non Operating Interest Income Expense": "-383,699", "Other Income Expense": "-209,741", "Pretax Income": "555,779", "Tax Provision": "148,588", "Net Income Common Stockholders": "407,347", "Diluted NI Available to Com Stockholders": "407,347", "Basic EPS": "-", "Diluted EPS": "-", "Basic Average Shares": "-", "Diluted Average Shares": "-", "Total Operating Income as Reported": "1,097,106", "Total Expenses": "5,000,848", "Net Income from Continuing & Discontinued Operation": "407,347", "Normalized Income": "557,199", "Interest Income": "5,110", "Interest Expense": "388,809", "Net Interest Income": "-383,699", "EBIT": "944,588", "EBITDA": "2,427,105", "Reconciled Cost of Revenue": "3,149,275", "Reconciled Depreciation": "1,482,517", "Net Income from Continuing Operation Net Minority Interest": "407,347", "Total Unusual Items Excluding Goodwill": "-204,534", "Total Unusual Items": "-204,534", "Normalized EBITDA": "2,631,639", "Tax Rate for Calcs": "0", "Tax Effect of Unusual Items": "-54,682"}, "12/31/2020": {"Duration": "12/31/2020", "Total Revenue": "5,998,545", "Cost of Revenue": "3,074,340", "Gross Profit": "2,924,205", "Operating Expense": "1,809,337", "Operating Income": "1,114,868", "Net Non Operating Interest Income Expense": "-397,812", "Other Income Expense": "-200,831", "Pretax Income": "516,225", "Tax Provision": "146,151", "Net Income Common Stockholders": "369,777", "Diluted NI Available to Com Stockholders": "369,777", "Basic EPS": "4.22", "Diluted EPS": "4.18", "Basic Average Shares": "87,700", "Diluted Average Shares": "88,410", "Total Operating Income as Reported": "1,052,928", "Total Expenses": "4,883,677", "Net Income from Continuing & Discontinued Operation": "369,777", "Normalized Income": "518,729", "Interest Income": "8,654", "Interest Expense": "406,466", "Net Interest Income": "-397,812", "EBIT": "922,691", "EBITDA": "-", "Reconciled Cost of Revenue": "3,074,340", "Reconciled Depreciation": "1,423,369", "Net Income from Continuing Operation Net Minority Interest": "369,777", "Total Unusual Items Excluding Goodwill": "-207,744", "Total Unusual Items": "-207,744", "Normalized EBITDA": "2,553,804", "Tax Rate for Calcs": "0", "Tax Effect of Unusual Items": "-58,792"}, "12/31/2019": {"Duration": "12/31/2019", "Total Revenue": "5,562,140", "Cost of Revenue": "2,810,184", "Gross Profit": "2,751,956", "Operating Expense": "1,586,064", "Operating Income": "1,165,892", "Net Non Operating Interest Income Expense": "-451,987", "Other Income Expense": "-21,308", "Pretax Income": "692,597", "Tax Provision": "185,352", "Net Income Common Stockholders": "507,450", "Diluted NI Available to Com Stockholders": "507,450", "Basic EPS": "6.03", "Diluted EPS": "5.99", "Basic Average Shares": "84,140", "Diluted Average Shares": "84,679", "Total Operating Income as Reported": "1,169,631", "Total Expenses": "4,396,248", "Net Income from Continuing & Discontinued Operation": "507,450", "Normalized Income": "543,381", "Interest Income": "27,697", "Interest Expense": "479,684", "Net Interest Income": "-451,987", "EBIT": "1,172,281", "EBITDA": "-", "Reconciled Cost of Revenue": "2,810,184", "Reconciled Depreciation": "1,284,837", "Net Income from Continuing Operation Net Minority Interest": "507,450", "Total Unusual Items Excluding Goodwill": "-49,086", "Total Unusual Items": "-49,086", "Normalized EBITDA": "2,506,204", "Tax Rate for Calcs": "0", "Tax Effect of Unusual Items": "-13,155"}, "12/31/2018": {"Duration": "12/31/2018", "Total Revenue": "5,071,654", "Cost of Revenue": "2,605,475", "Gross Profit": "2,466,179", "Operating Expense": "1,460,396", "Operating Income": "1,005,783", "Net Non Operating Interest Income Expense": "-507,012", "Other Income Expense": "-65,733", "Pretax Income": "433,038", "Tax Provision": "67,679", "Net Income Common Stockholders": "365,359", "Diluted NI Available to Com Stockholders": "365,359", "Basic EPS": "4.58", "Diluted EPS": "4.56", "Basic Average Shares": "79,779", "Diluted Average Shares": "80,197", "Total Operating Income as Reported": "977,383", "Total Expenses": "4,065,871", "Net Income from Continuing & Discontinued Operation": "365,359", "Normalized Income": "432,691", "Interest Income": "14,482", "Interest Expense": "521,494", "Net Interest Income": "-507,012", "EBIT": "954,532", "EBITDA": "-", "Reconciled Cost of Revenue": "2,605,475", "Reconciled Depreciation": "1,227,489", "Net Income from Continuing Operation Net Minority Interest": "365,359", "Total Unusual Items Excluding Goodwill": "-79,777", "Total Unusual Items": "-79,777", "Normalized EBITDA": "2,261,798", "Tax Rate for Calcs": "0", "Tax Effect of Unusual Items": "-12,445"}}, "bs": {"12/31/2020": {"Duration": "12/31/2020", "Total Assets": "27,006,841", "Total Liabilities Net Minority Interest": "16,372,723", "Total Equity Gross Minority Interest": "10,634,118", "Total Capitalization": "20,939,519", "Common Stock Equity": "10,633,988", "Capital Lease Obligations": "3,385,333", "Net Tangible Assets": "2,990,490", "Working Capital": "584,405", "Invested Capital": "21,171,994", "Tangible Book Value": "2,990,490", "Total Debt": "13,923,339", "Net Debt": "8,933,137", "Share Issued": "89,462", "Ordinary Shares Number": "89,134", "Treasury Shares Number": "328.052"}, "12/31/2019": {"Duration": "12/31/2019", "Total Assets": "23,965,615", "Total Liabilities Net Minority Interest": "15,125,233", "Total Equity Gross Minority Interest": "8,840,382", "Total Capitalization": "18,439,713", "Common Stock Equity": "8,840,606", "Capital Lease Obligations": "2,967,383", "Net Tangible Assets": "1,956,359", "Working Capital": "714,753", "Invested Capital": "19,160,540", "Tangible Book Value": "1,956,359", "Total Debt": "13,287,317", "Net Debt": "8,450,357", "Share Issued": "85,701", "Ordinary Shares Number": "85,308", "Treasury Shares Number": "392.567"}, "12/31/2018": {"Duration": "12/31/2018", "Total Assets": "20,244,638", "Total Liabilities Net Minority Interest": "13,025,359", "Total Equity Gross Minority Interest": "7,219,279", "Total Capitalization": "16,658,727", "Common Stock Equity": "7,219,279", "Capital Lease Obligations": "1,518,921", "Net Tangible Assets": "49,595", "Working Capital": "611", "Invested Capital": "17,032,855", "Tangible Book Value": "49,595", "Total Debt": "11,332,497", "Net Debt": "9,207,410", "Share Issued": "81,119", "Ordinary Shares Number": "80,722", "Treasury Shares Number": "396.859"}}, "cf": {"TTM": {"Duration": "TTM", "Operating Cash Flow": "2,184,154", "Investing Cash Flow": "-3,108,115", "Financing Cash Flow": "1,465,284", "Other Cash Adjustment Inside Change in Cash": "-", "End Cash Position": "1,727,834", "Income Tax Paid Supplemental Data": "-", "Interest Paid Supplemental Data": "-", "Capital Expenditure": "-2,445,161", "Issuance of Capital Stock": "1,879,583", "Issuance of Debt": "6,223,169", "Repayment of Debt": "-5,570,746", "Free Cash Flow": "-261,007"}, "12/31/2020": {"Duration": "12/31/2020", "Operating Cash Flow": "2,309,826", "Investing Cash Flow": "-3,426,972", "Financing Cash Flow": "815,526", "Other Cash Adjustment Inside Change in Cash": "-", "End Cash Position": "1,625,695", "Income Tax Paid Supplemental Data": "143,934", "Interest Paid Supplemental Data": "498,408", "Capital Expenditure": "-2,282,504", "Issuance of Capital Stock": "1,981,375", "Issuance of Debt": "5,182,417", "Repayment of Debt": "-5,308,515", "Free Cash Flow": "27,322"}, "12/31/2019": {"Duration": "12/31/2019", "Operating Cash Flow": "1,992,728", "Investing Cash Flow": "-1,944,567", "Financing Cash Flow": "1,202,082", "Other Cash Adjustment Inside Change in Cash": "-", "End Cash Position": "1,886,613", "Income Tax Paid Supplemental Data": "136,583", "Interest Paid Supplemental Data": "553,815", "Capital Expenditure": "-2,079,521", "Issuance of Capital Stock": "1,660,976", "Issuance of Debt": "2,797,906", "Repayment of Debt": "-2,406,002", "Free Cash Flow": "-86,793"}, "12/31/2018": {"Duration": "12/31/2018", "Operating Cash Flow": "1,815,426", "Investing Cash Flow": "-3,075,528", "Financing Cash Flow": "470,912", "Other Cash Adjustment Inside Change in Cash": "-", "End Cash Position": "627,604", "Income Tax Paid Supplemental Data": "93,375", "Interest Paid Supplemental Data": "496,795", "Capital Expenditure": "-2,096,174", "Issuance of Capital Stock": "388,172", "Issuance of Debt": "1,354,500", "Repayment of Debt": "-551,247", "Free Cash Flow": "-280,748"}}}}, {"NETE": {"quote": {"05/12/2021": {"value": "9.81", "Market Cap": "51.093M", "Beta (5Y Monthly)": "2.06", "PE Ratio (TTM)": "N/A", "EPS (TTM)": "-1.34", "Earnings Date": "May 13, 2021 - May 17, 2021", "Forward Dividend & Yield": "N/A (N/A)", "Ex-Dividend Date": "N/A", "1y Target Est": "N/A"}}, "fin": {"TTM": {"Duration": "TTM", "Total Revenue": "65,705", "Cost of Revenue": "55,861", "Gross Profit": "9,844", "Operating Expense": "12,770", "Operating Income": "-2,926", "Net Non Operating Interest Income Expense": "-1,447", "Other Income Expense": "-1,604", "Pretax Income": "-5,976", "Tax Provision": "0", "Net Income Common Stockholders": "-5,941", "Diluted NI Available to Com Stockholders": "-5,941", "Basic EPS": "-", "Diluted EPS": "-", "Basic Average Shares": "-", "Diluted Average Shares": "-", "Total Operating Income as Reported": "-4,493", "Rent Expense Supplemental": "256.82", "Total Expenses": "68,631", "Net Income from Continuing & Discontinued Operation": "-5,941", "Normalized Income": "-4,388", "Interest Expense": "1,447", "Net Interest Income": "-1,447", "EBIT": "-4,530", "EBITDA": "-1,494", "Reconciled Cost of Revenue": "55,861", "Reconciled Depreciation": "3,036", "Net Income from Continuing Operation Net Minority Interest": "-5,941", "Total Unusual Items Excluding Goodwill": "-1,553", "Total Unusual Items": "-1,553", "Normalized EBITDA": "59.255", "Tax Rate for Calcs": "0", "Tax Effect of Unusual Items": "0"}, "12/31/2020": {"Duration": "12/31/2020", "Total Revenue": "65,705", "Cost of Revenue": "55,861", "Gross Profit": "9,844", "Operating Expense": "12,770", "Operating Income": "-2,926", "Net Non Operating Interest Income Expense": "-1,447", "Other Income Expense": "-1,604", "Pretax Income": "-5,976", "Tax Provision": "0", "Net Income Common Stockholders": "-5,941", "Diluted NI Available to Com Stockholders": "-5,941", "Basic EPS": "-", "Diluted EPS": "-", "Basic Average Shares": "-", "Diluted Average Shares": "-", "Total Operating Income as Reported": "-4,493", "Rent Expense Supplemental": "256.82", "Total Expenses": "68,631", "Net Income from Continuing & Discontinued Operation": "-5,941", "Normalized Income": "-4,388", "Interest Expense": "1,447", "Net Interest Income": "-1,447", "EBIT": "-4,530", "EBITDA": "-", "Reconciled Cost of Revenue": "55,861", "Reconciled Depreciation": "3,036", "Net Income from Continuing Operation Net Minority Interest": "-5,941", "Total Unusual Items Excluding Goodwill": "-1,553", "Total Unusual Items": "-1,553", "Normalized EBITDA": "59.255", "Tax Rate for Calcs": "0", "Tax Effect of Unusual Items": "0"}, "12/31/2019": {"Duration": "12/31/2019", "Total Revenue": "65,000", "Cost of Revenue": "54,722", "Gross Profit": "10,278", "Operating Expense": "14,513", "Operating Income": "-4,235", "Net Non Operating Interest Income Expense": "-1,113", "Other Income Expense": "-1,217", "Pretax Income": "-6,565", "Tax Provision": "0", "Net Income Common Stockholders": "-6,458", "Diluted NI Available to Com Stockholders": "-6,458", "Basic EPS": "-1.60", "Diluted EPS": "-1.60", "Basic Average Shares": "4,042", "Diluted Average Shares": "4,042", "Total Operating Income as Reported": "-5,585", "Rent Expense Supplemental": "302.094", "Total Expenses": "69,235", "Net Income from Continuing & Discontinued Operation": "-6,458", "Normalized Income": "-3,782", "Interest Expense": "1,113", "Net Interest Income": "-1,113", "EBIT": "-5,452", "EBITDA": "-", "Reconciled Cost of Revenue": "54,722", "Reconciled Depreciation": "3,120", "Net Income from Continuing Operation Net Minority Interest": "-6,458", "Total Unusual Items Excluding Goodwill": "-2,677", "Total Unusual Items": "-2,677", "Normalized EBITDA": "344.87", "Tax Rate for Calcs": "0", "Tax Effect of Unusual Items": "0"}, "12/31/2018": {"Duration": "12/31/2018", "Total Revenue": "65,787", "Cost of Revenue": "55,617", "Gross Profit": "10,170", "Operating Expense": "12,355", "Operating Income": "-2,186", "Net Non Operating Interest Income Expense": "-847.179", "Other Income Expense": "-1,990", "Pretax Income": "-5,023", "Tax Provision": "0", "Net Income Common Stockholders": "-4,936", "Diluted NI Available to Com Stockholders": "-4,936", "Basic EPS": "-1.28", "Diluted EPS": "-1.28", "Basic Average Shares": "3,868", "Diluted Average Shares": "3,868", "Total Operating Income as Reported": "-4,331", "Rent Expense Supplemental": "-", "Total Expenses": "67,973", "Net Income from Continuing & Discontinued Operation": "-4,936", "Normalized Income": "-2,202", "Interest Expense": "847.179", "Net Interest Income": "-847.179", "EBIT": "-4,176", "EBITDA": "-", "Reconciled Cost of Revenue": "55,617", "Reconciled Depreciation": "2,455", "Net Income from Continuing Operation Net Minority Interest": "-4,936", "Total Unusual Items Excluding Goodwill": "-2,781", "Total Unusual Items": "-2,781", "Normalized EBITDA": "1,061", "Tax Rate for Calcs": "0", "Tax Effect of Unusual Items": "-47.2842"}}, "bs": {"12/31/2020": {"Duration": "12/31/2020", "Total Assets": "26,827", "Total Liabilities Net Minority Interest": "24,345", "Total Equity Gross Minority Interest": "2,482", "Total Capitalization": "11,363", "Common Stock Equity": "2,749", "Capital Lease Obligations": "801.594", "Net Tangible Assets": "-8,544", "Working Capital": "-1,102", "Invested Capital": "12,693", "Tangible Book Value": "-8,544", "Total Debt": "10,745", "Net Debt": "5,403", "Share Issued": "4,997", "Ordinary Shares Number": "4,997"}, "12/31/2019": {"Duration": "12/31/2019", "Total Assets": "23,043", "Total Liabilities Net Minority Interest": "19,002", "Total Equity Gross Minority Interest": "4,041", "Total Capitalization": "12,615", "Common Stock Equity": "4,273", "Capital Lease Obligations": "380.986", "Net Tangible Assets": "-9,087", "Working Capital": "-1,744", "Invested Capital": "13,524", "Tangible Book Value": "-9,087", "Total Debt": "9,633", "Net Debt": "8,765", "Share Issued": "4,111", "Ordinary Shares Number": "4,111"}, "12/31/2018": {"Duration": "12/31/2018", "Total Assets": "25,764", "Total Liabilities Net Minority Interest": "17,168", "Total Equity Gross Minority Interest": "8,596", "Total Capitalization": "14,668", "Common Stock Equity": "8,722", "Capital Lease Obligations": "-", "Net Tangible Assets": "-6,727", "Working Capital": "-1,536", "Invested Capital": "15,102", "Tangible Book Value": "-6,727", "Total Debt": "6,379", "Net Debt": "4,734", "Share Issued": "3,863", "Ordinary Shares Number": "3,863"}}, "cf": {"TTM": {"Duration": "TTM", "Operating Cash Flow": "3,022", "Investing Cash Flow": "-1,818", "Financing Cash Flow": "3,023", "End Cash Position": "5,322", "Income Tax Paid Supplemental Data": "266.559", "Interest Paid Supplemental Data": "1,061", "Capital Expenditure": "-1,980", "Issuance of Capital Stock": "0", "Issuance of Debt": "5,738", "Repayment of Debt": "-2,971", "Free Cash Flow": "1,041"}, "12/31/2020": {"Duration": "12/31/2020", "Operating Cash Flow": "3,022", "Investing Cash Flow": "-1,818", "Financing Cash Flow": "3,023", "End Cash Position": "5,322", "Income Tax Paid Supplemental Data": "266.559", "Interest Paid Supplemental Data": "1,061", "Capital Expenditure": "-1,980", "Issuance of Capital Stock": "-", "Issuance of Debt": "5,738", "Repayment of Debt": "-2,971", "Free Cash Flow": "1,041"}, "12/31/2019": {"Duration": "12/31/2019", "Operating Cash Flow": "-2,153", "Investing Cash Flow": "-2,452", "Financing Cash Flow": "3,456", "End Cash Position": "1,116", "Income Tax Paid Supplemental Data": "120.544", "Interest Paid Supplemental Data": "730.993", "Capital Expenditure": "-2,452", "Issuance of Capital Stock": "0", "Issuance of Debt": "3,415", "Repayment of Debt": "-162.447", "Free Cash Flow": "-4,604"}, "12/31/2018": {"Duration": "12/31/2018", "Operating Cash Flow": "-3,267", "Investing Cash Flow": "-5,528", "Financing Cash Flow": "-653.634", "End Cash Position": "2,250", "Income Tax Paid Supplemental Data": "61.871", "Interest Paid Supplemental Data": "773.737", "Capital Expenditure": "-5,528", "Issuance of Capital Stock": "0", "Issuance of Debt": "2,132", "Repayment of Debt": "-2,785", "Free Cash Flow": "-8,796"}}}}, {"JCOM": {"quote": {"05/12/2021": {"value": "121.09", "Market Cap": "5.467B", "Beta (5Y Monthly)": "1.07", "PE Ratio (TTM)": "24.26", "EPS (TTM)": "4.99", "Earnings Date": "Aug 09, 2021 - Aug 13, 2021", "Forward Dividend & Yield": "N/A (N/A)", "Ex-Dividend Date": "May 17, 2019", "1y Target Est": "165.78"}}, "fin": {"TTM": {"Duration": "TTM", "Total Revenue": "1,489,593", "Cost of Revenue": "231,782", "Gross Profit": "1,257,811", "Operating Expense": "923,200", "Operating Income": "334,611", "Net Non Operating Interest Income Expense": "-131,975", "Other Income Expense": "27,763", "Pretax Income": "230,399", "Tax Provision": "68,393", "Earnings from Equity Interest Net of Tax": "-11,338", "Net Income Common Stockholders": "150,036", "Diluted NI Available to Com Stockholders": "150,036", "Basic EPS": "-", "Diluted EPS": "-", "Basic Average Shares": "-", "Diluted Average Shares": "-", "Total Operating Income as Reported": "334,611", "Total Expenses": "1,154,982", "Net Income from Continuing & Discontinued Operation": "150,668", "Normalized Income": "153,388", "Interest Expense": "131,975", "Net Interest Income": "-131,975", "EBIT": "362,374", "EBITDA": "591,111", "Reconciled Cost of Revenue": "231,782", "Reconciled Depreciation": "228,737", "Net Income from Continuing Operation Net Minority Interest": "150,668", "Total Unusual Items Excluding Goodwill": "-3,869", "Total Unusual Items": "-3,869", "Normalized EBITDA": "594,980", "Tax Rate for Calcs": "0", "Tax Effect of Unusual Items": "-1,149"}, "12/31/2020": {"Duration": "12/31/2020", "Total Revenue": "1,489,593", "Cost of Revenue": "231,782", "Gross Profit": "1,257,811", "Operating Expense": "923,200", "Operating Income": "334,611", "Net Non Operating Interest Income Expense": "-131,975", "Other Income Expense": "27,763", "Pretax Income": "230,399", "Tax Provision": "68,393", "Earnings from Equity Interest Net of Tax": "-11,338", "Net Income Common Stockholders": "150,036", "Diluted NI Available to Com Stockholders": "150,036", "Basic EPS": "-", "Diluted EPS": "-", "Basic Average Shares": "-", "Diluted Average Shares": "-", "Total Operating Income as Reported": "334,611", "Total Expenses": "1,154,982", "Net Income from Continuing & Discontinued Operation": "150,668", "Normalized Income": "153,388", "Interest Expense": "131,975", "Net Interest Income": "-131,975", "EBIT": "362,374", "EBITDA": "-", "Reconciled Cost of Revenue": "231,782", "Reconciled Depreciation": "228,737", "Net Income from Continuing Operation Net Minority Interest": "150,668", "Total Unusual Items Excluding Goodwill": "-3,869", "Total Unusual Items": "-3,869", "Normalized EBITDA": "594,980", "Tax Rate for Calcs": "0", "Tax Effect of Unusual Items": "-1,149"}, "12/31/2019": {"Duration": "12/31/2019", "Total Revenue": "1,372,054", "Cost of Revenue": "237,323", "Gross Profit": "1,134,731", "Operating Expense": "857,651", "Operating Income": "277,080", "Net Non Operating Interest Income Expense": "-69,546", "Other Income Expense": "-7,936", "Pretax Income": "199,598", "Tax Provision": "-19,376", "Earnings from Equity Interest Net of Tax": "-168", "Net Income Common Stockholders": "215,310", "Diluted NI Available to Com Stockholders": "215,310", "Basic EPS": "4.39", "Diluted EPS": "4.39", "Basic Average Shares": "47,647", "Diluted Average Shares": "49,026", "Total Operating Income as Reported": "277,080", "Total Expenses": "1,094,974", "Net Income from Continuing & Discontinued Operation": "218,806", "Normalized Income": "218,806", "Interest Expense": "69,546", "Net Interest Income": "-69,546", "EBIT": "269,144", "EBITDA": "-", "Reconciled Cost of Revenue": "237,323", "Reconciled Depreciation": "253,451", "Net Income from Continuing Operation Net Minority Interest": "218,806", "Total Unusual Items Excluding Goodwill": "-", "Total Unusual Items": "-", "Normalized EBITDA": "522,595", "Tax Rate for Calcs": "0", "Tax Effect of Unusual Items": "0"}, "12/31/2018": {"Duration": "12/31/2018", "Total Revenue": "1,207,295", "Cost of Revenue": "201,074", "Gross Profit": "1,006,221", "Operating Expense": "761,941", "Operating Income": "244,280", "Net Non Operating Interest Income Expense": "-61,987", "Other Income Expense": "-4,706", "Pretax Income": "177,587", "Tax Provision": "44,760", "Earnings from Equity Interest Net of Tax": "-4,140", "Net Income Common Stockholders": "126,802", "Diluted NI Available to Com Stockholders": "126,802", "Basic EPS": "2.64", "Diluted EPS": "2.59", "Basic Average Shares": "47,951", "Diluted Average Shares": "48,928", "Total Operating Income as Reported": "244,280", "Total Expenses": "963,015", "Net Income from Continuing & Discontinued Operation": "128,687", "Normalized Income": "128,687", "Interest Expense": "61,987", "Net Interest Income": "-61,987", "EBIT": "239,574", "EBITDA": "-", "Reconciled Cost of Revenue": "201,074", "Reconciled Depreciation": "187,174", "Net Income from Continuing Operation Net Minority Interest": "128,687", "Total Unusual Items Excluding Goodwill": "-", "Total Unusual Items": "-", "Normalized EBITDA": "426,748", "Tax Rate for Calcs": "0", "Tax Effect of Unusual Items": "0"}}, "bs": {"12/31/2020": {"Duration": "12/31/2020", "Total Assets": "3,665,331", "Total Liabilities Net Minority Interest": "2,454,313", "Total Equity Gross Minority Interest": "1,211,018", "Total Capitalization": "2,393,238", "Common Stock Equity": "1,211,018", "Capital Lease Obligations": "131,388", "Net Tangible Assets": "-1,397,981", "Working Capital": "-259,714", "Invested Capital": "2,790,039", "Tangible Book Value": "-1,397,981", "Total Debt": "1,710,409", "Net Debt": "1,336,369", "Share Issued": "44,347", "Ordinary Shares Number": "44,347", "Treasury Shares Number": "-"}, "12/31/2019": {"Duration": "12/31/2019", "Total Assets": "3,505,846", "Total Liabilities Net Minority Interest": "2,194,654", "Total Equity Gross Minority Interest": "1,311,192", "Total Capitalization": "2,374,121", "Common Stock Equity": "1,311,192", "Capital Lease Obligations": "130,997", "Net Tangible Assets": "-878,394", "Working Capital": "53,786", "Invested Capital": "2,759,653", "Tangible Book Value": "-878,394", "Total Debt": "1,579,458", "Net Debt": "872,846", "Share Issued": "47,655", "Ordinary Shares Number": "47,655", "Treasury Shares Number": "-"}, "12/31/2018": {"Duration": "12/31/2018", "Total Assets": "2,560,830", "Total Liabilities Net Minority Interest": "1,525,086", "Total Equity Gross Minority Interest": "1,035,744", "Total Capitalization": "2,048,873", "Common Stock Equity": "1,035,744", "Capital Lease Obligations": "-", "Net Tangible Assets": "-871,100", "Working Capital": "153,009", "Invested Capital": "2,048,873", "Tangible Book Value": "-871,100", "Total Debt": "1,013,129", "Net Debt": "803,655", "Share Issued": "48,083", "Ordinary Shares Number": "47,483", "Treasury Shares Number": "600"}}, "cf": {"TTM": {"Duration": "TTM", "Operating Cash Flow": "480,079", "Investing Cash Flow": "-586,220", "Financing Cash Flow": "-234,633", "End Cash Position": "242,652", "Capital Expenditure": "-95,670", "Issuance of Capital Stock": "-", "Issuance of Debt": "750,000", "Repayment of Debt": "-650,400", "Repurchase of Capital Stock": "-275,654", "Free Cash Flow": "384,409"}, "12/31/2020": {"Duration": "12/31/2020", "Operating Cash Flow": "480,079", "Investing Cash Flow": "-586,220", "Financing Cash Flow": "-234,633", "End Cash Position": "242,652", "Capital Expenditure": "-95,670", "Issuance of Capital Stock": "-", "Issuance of Debt": "750,000", "Repayment of Debt": "-650,400", "Repurchase of Capital Stock": "-275,654", "Free Cash Flow": "384,409"}, "12/31/2019": {"Duration": "12/31/2019", "Operating Cash Flow": "412,539", "Investing Cash Flow": "-505,273", "Financing Cash Flow": "456,695", "End Cash Position": "575,615", "Capital Expenditure": "-70,634", "Issuance of Capital Stock": "-", "Issuance of Debt": "735,000", "Repayment of Debt": "-190,100", "Repurchase of Capital Stock": "-20,803", "Free Cash Flow": "341,905"}, "12/31/2018": {"Duration": "12/31/2018", "Operating Cash Flow": "401,325", "Investing Cash Flow": "-406,613", "Financing Cash Flow": "-131,362", "End Cash Position": "209,474", "Capital Expenditure": "-57,048", "Issuance of Capital Stock": "-", "Issuance of Debt": "0", "Repayment of Debt": "-2,204", "Repurchase of Capital Stock": "-47,102", "Free Cash Flow": "344,277"}}}}, {"LBRG": {"quote": {"05/12/2021": {"value": "0.0192", "Market Cap": "341,625", "Beta (5Y Monthly)": "-1.64", "PE Ratio (TTM)": "N/A", "EPS (TTM)": "-0.0000", "Earnings Date": "N/A", "Forward Dividend & Yield": "N/A (N/A)", "Ex-Dividend Date": "N/A", "1y Target Est": "N/A"}}, "fin": {}, "bs": {}, "cf": {}}}, {"GDDY": {"quote": {"05/12/2021": {"value": "79.87", "Market Cap": "13.431B", "Beta (5Y Monthly)": "0.97", "PE Ratio (TTM)": "N/A", "EPS (TTM)": "-3.15", "Earnings Date": "Aug 03, 2021 - Aug 09, 2021", "Forward Dividend & Yield": "N/A (N/A)", "Ex-Dividend Date": "N/A", "1y Target Est": "101.57"}}, "fin": {"TTM": {"Duration": "TTM", "Total Revenue": "3,425,800", "Cost of Revenue": "1,202,700", "Gross Profit": "2,223,100", "Operating Expense": "2,608,400", "Operating Income": "-385,300", "Net Non Operating Interest Income Expense": "-98,800", "Other Income Expense": "-43,100", "Pretax Income": "-527,200", "Tax Provision": "-700", "Net Income Common Stockholders": "-527,200", "Diluted NI Available to Com Stockholders": "-527,200", "Basic EPS": "-", "Diluted EPS": "-", "Basic Average Shares": "-", "Diluted Average Shares": "-", "Total Operating Income as Reported": "245,800", "Total Expenses": "3,811,100", "Net Income from Continuing & Discontinued Operation": "-527,200", "Normalized Income": "-483,658", "Interest Expense": "98,800", "Net Interest Income": "-98,800", "EBIT": "-428,400", "EBITDA": "-228,900", "Reconciled Cost of Revenue": "1,202,700", "Reconciled Depreciation": "199,500", "Net Income from Continuing Operation Net Minority Interest": "-527,200", "Total Unusual Items Excluding Goodwill": "-43,600", "Total Unusual Items": "-43,600", "Normalized EBITDA": "-185,300", "Tax Rate for Calcs": "0", "Tax Effect of Unusual Items": "-57.8907"}, "12/31/2020": {"Duration": "12/31/2020", "Total Revenue": "3,316,700", "Cost of Revenue": "1,158,600", "Gross Profit": "2,158,100", "Operating Expense": "2,517,000", "Operating Income": "-358,900", "Net Non Operating Interest Income Expense": "-91,300", "Other Income Expense": "-45,200", "Pretax Income": "-495,400", "Tax Provision": "-1,300", "Net Income Common Stockholders": "-495,100", "Diluted NI Available to Com Stockholders": "-495,100", "Basic EPS": "-2.94", "Diluted EPS": "-2.94", "Basic Average Shares": "168,636", "Diluted Average Shares": "168,636", "Total Operating Income as Reported": "272,200", "Total Expenses": "3,675,600", "Net Income from Continuing & Discontinued Operation": "-495,100", "Normalized Income": "-451,614", "Interest Expense": "91,300", "Net Interest Income": "-91,300", "EBIT": "-404,100", "EBITDA": "-", "Reconciled Cost of Revenue": "1,158,600", "Reconciled Depreciation": "202,700", "Net Income from Continuing Operation Net Minority Interest": "-495,100", "Total Unusual Items Excluding Goodwill": "-43,600", "Total Unusual Items": "-43,600", "Normalized EBITDA": "-157,800", "Tax Rate for Calcs": "0", "Tax Effect of Unusual Items": "-114.4126"}, "12/31/2019": {"Duration": "12/31/2019", "Total Revenue": "2,988,100", "Cost of Revenue": "1,026,800", "Gross Profit": "1,961,300", "Operating Expense": "1,750,000", "Operating Income": "211,300", "Net Non Operating Interest Income Expense": "-92,100", "Other Income Expense": "7,200", "Pretax Income": "126,400", "Tax Provision": "-12,000", "Net Income Common Stockholders": "137,000", "Diluted NI Available to Com Stockholders": "137,000", "Basic EPS": "0.79", "Diluted EPS": "0.76", "Basic Average Shares": "173,431", "Diluted Average Shares": "181,721", "Total Operating Income as Reported": "202,600", "Total Expenses": "2,776,800", "Net Income from Continuing & Discontinued Operation": "137,000", "Normalized Income": "147,804", "Interest Expense": "92,100", "Net Interest Income": "-92,100", "EBIT": "218,500", "EBITDA": "-", "Reconciled Cost of Revenue": "1,026,800", "Reconciled Depreciation": "209,700", "Net Income from Continuing Operation Net Minority Interest": "137,000", "Total Unusual Items Excluding Goodwill": "-14,800", "Total Unusual Items": "-14,800", "Normalized EBITDA": "443,000", "Tax Rate for Calcs": "0", "Tax Effect of Unusual Items": "-3,996"}, "12/31/2018": {"Duration": "12/31/2018", "Total Revenue": "2,660,100", "Cost of Revenue": "893,900", "Gross Profit": "1,766,200", "Operating Expense": "1,601,700", "Operating Income": "164,500", "Net Non Operating Interest Income Expense": "-98,400", "Other Income Expense": "6,900", "Pretax Income": "73,000", "Tax Provision": "-9,000", "Net Income Common Stockholders": "77,100", "Diluted NI Available to Com Stockholders": "77,100", "Basic EPS": "0.50", "Diluted EPS": "0.45", "Basic Average Shares": "155,234", "Diluted Average Shares": "181,353", "Total Operating Income as Reported": "149,600", "Total Expenses": "2,495,600", "Net Income from Continuing & Discontinued Operation": "77,100", "Normalized Income": "77,100", "Interest Expense": "98,400", "Net Interest Income": "-98,400", "EBIT": "171,400", "EBITDA": "-", "Reconciled Cost of Revenue": "893,900", "Reconciled Depreciation": "234,100", "Net Income from Continuing Operation Net Minority Interest": "77,100", "Total Unusual Items Excluding Goodwill": "0", "Total Unusual Items": "0", "Normalized EBITDA": "405,500", "Tax Rate for Calcs": "0", "Tax Effect of Unusual Items": "0"}}, "bs": {"12/31/2020": {"Duration": "12/31/2020", "Total Assets": "6,432,900", "Total Liabilities Net Minority Interest": "6,444,700", "Total Equity Gross Minority Interest": "-11,800", "Total Capitalization": "3,077,200", "Common Stock Equity": "-12,900", "Capital Lease Obligations": "208,200", "Net Tangible Assets": "-4,543,100", "Working Capital": "-1,022,900", "Invested Capital": "3,101,500", "Tangible Book Value": "-4,543,100", "Total Debt": "3,322,600", "Net Debt": "2,349,200", "Share Issued": "169,845", "Ordinary Shares Number": "169,845"}, "12/31/2019": {"Duration": "12/31/2019", "Total Assets": "6,301,200", "Total Liabilities Net Minority Interest": "5,519,100", "Total Equity Gross Minority Interest": "782,100", "Total Capitalization": "3,148,800", "Common Stock Equity": "772,000", "Capital Lease Obligations": "232,400", "Net Tangible Assets": "-3,302,200", "Working Capital": "-425,800", "Invested Capital": "3,167,200", "Tangible Book Value": "-3,302,200", "Total Debt": "2,627,600", "Net Debt": "1,332,400", "Share Issued": "174,357", "Ordinary Shares Number": "174,357"}, "12/31/2018": {"Duration": "12/31/2018", "Total Assets": "6,083,400", "Total Liabilities Net Minority Interest": "5,258,900", "Total Equity Gross Minority Interest": "824,500", "Total Capitalization": "3,186,900", "Common Stock Equity": "792,700", "Capital Lease Obligations": "-", "Net Tangible Assets": "-3,366,800", "Working Capital": "-458,900", "Invested Capital": "3,203,500", "Tangible Book Value": "-3,366,800", "Total Debt": "2,410,800", "Net Debt": "1,478,400", "Share Issued": "174,803", "Ordinary Shares Number": "174,803"}}, "cf": {"TTM": {"Duration": "TTM", "Operating Cash Flow": "752,600", "Investing Cash Flow": "-652,900", "Financing Cash Flow": "339,300", "End Cash Position": "1,290,400", "Income Tax Paid Supplemental Data": "-", "Interest Paid Supplemental Data": "-", "Capital Expenditure": "-77,000", "Issuance of Capital Stock": "0", "Issuance of Debt": "-", "Repayment of Debt": "-30,600", "Repurchase of Capital Stock": "-406,100", "Free Cash Flow": "675,600"}, "12/31/2020": {"Duration": "12/31/2020", "Operating Cash Flow": "764,600", "Investing Cash Flow": "-482,300", "Financing Cash Flow": "-581,700", "End Cash Position": "765,200", "Income Tax Paid Supplemental Data": "16,200", "Interest Paid Supplemental Data": "80,500", "Capital Expenditure": "-81,500", "Issuance of Capital Stock": "-", "Issuance of Debt": "746,300", "Repayment of Debt": "-28,700", "Repurchase of Capital Stock": "-541,700", "Free Cash Flow": "683,100"}, "12/31/2019": {"Duration": "12/31/2019", "Operating Cash Flow": "723,400", "Investing Cash Flow": "-135,300", "Financing Cash Flow": "-456,900", "End Cash Position": "1,062,800", "Income Tax Paid Supplemental Data": "6,100", "Interest Paid Supplemental Data": "80,300", "Capital Expenditure": "-92,300", "Issuance of Capital Stock": "0", "Issuance of Debt": "600,000", "Repayment of Debt": "-625,000", "Repurchase of Capital Stock": "-458,600", "Free Cash Flow": "631,100"}, "12/31/2018": {"Duration": "12/31/2018", "Operating Cash Flow": "559,800", "Investing Cash Flow": "-254,800", "Financing Cash Flow": "47,000", "End Cash Position": "932,400", "Income Tax Paid Supplemental Data": "22,800", "Interest Paid Supplemental Data": "84,100", "Capital Expenditure": "-97,000", "Issuance of Capital Stock": "0", "Issuance of Debt": "0", "Repayment of Debt": "-25,000", "Repurchase of Capital Stock": "0", "Free Cash Flow": "462,800"}}}}, {"SLNM": {"quote": {"05/12/2021": {"value": "0.0073", "Market Cap": "2.306M", "Beta (5Y Monthly)": "-0.53", "PE Ratio (TTM)": "N/A", "EPS (TTM)": "-0.0140", "Earnings Date": "N/A", "Forward Dividend & Yield": "N/A (N/A)", "Ex-Dividend Date": "N/A", "1y Target Est": "2.00"}}, "fin": {"TTM": {"Duration": "TTM", "Total Revenue": "0", "Cost of Revenue": "-", "Gross Profit": "-", "Operating Expense": "2,306", "Operating Income": "-2,306", "Net Non Operating Interest Income Expense": "-179", "Other Income Expense": "-", "Pretax Income": "-2,604", "Net Income Common Stockholders": "-2,075", "Diluted NI Available to Com Stockholders": "-2,075", "Basic EPS": "-", "Diluted EPS": "-", "Basic Average Shares": "-", "Diluted Average Shares": "-", "Total Operating Income as Reported": "-2,306", "Total Expenses": "2,306", "Net Income from Continuing & Discontinued Operation": "-2,075", "Normalized Income": "-2,604", "Interest Expense": "179", "Net Interest Income": "-179", "EBIT": "-2,425", "EBITDA": "-2,425", "Reconciled Cost of Revenue": "-", "Reconciled Depreciation": "-", "Net Income from Continuing Operation Net Minority Interest": "-2,604", "Total Unusual Items Excluding Goodwill": "-", "Total Unusual Items": "-", "Normalized EBITDA": "-2,425", "Tax Rate for Calcs": "0", "Tax Effect of Unusual Items": "0"}, "3/31/2019": {"Duration": "3/31/2019", "Total Revenue": "0", "Cost of Revenue": "-", "Gross Profit": "-", "Operating Expense": "2,596", "Operating Income": "-2,596", "Net Non Operating Interest Income Expense": "-172", "Other Income Expense": "-66", "Pretax Income": "-2,834", "Net Income Common Stockholders": "-2,667", "Diluted NI Available to Com Stockholders": "-2,667", "Basic EPS": "-0.02", "Diluted EPS": "-0.02", "Basic Average Shares": "151,056", "Diluted Average Shares": "151,056", "Total Operating Income as Reported": "-2,596", "Total Expenses": "2,596", "Net Income from Continuing & Discontinued Operation": "-2,667", "Normalized Income": "-2,768", "Interest Expense": "172", "Net Interest Income": "-172", "EBIT": "-2,662", "EBITDA": "-", "Reconciled Cost of Revenue": "-", "Reconciled Depreciation": "-", "Net Income from Continuing Operation Net Minority Interest": "-2,834", "Total Unusual Items Excluding Goodwill": "-66", "Total Unusual Items": "-66", "Normalized EBITDA": "-2,596", "Tax Rate for Calcs": "0", "Tax Effect of Unusual Items": "0"}}, "bs": {"3/31/2019": {"Duration": "3/31/2019", "Total Assets": "970", "Total Liabilities Net Minority Interest": "5,258", "Total Equity Gross Minority Interest": "-4,288", "Total Capitalization": "-4,288", "Preferred Stock Equity": "2", "Common Stock Equity": "-4,290", "Net Tangible Assets": "-4,288", "Working Capital": "-4,498", "Invested Capital": "-1,367", "Tangible Book Value": "-4,290", "Total Debt": "2,923", "Net Debt": "2,654", "Share Issued": "151,056", "Ordinary Shares Number": "151,056"}}, "cf": {"TTM": {"Duration": "TTM", "Operating Cash Flow": "-553", "Investing Cash Flow": "0", "Financing Cash Flow": "565", "End Cash Position": "60", "Income Tax Paid Supplemental Data": "0", "Interest Paid Supplemental Data": "0", "Capital Expenditure": "-", "Issuance of Capital Stock": "-", "Issuance of Debt": "615", "Repayment of Debt": "-", "Free Cash Flow": "-553"}, "3/31/2019": {"Duration": "3/31/2019", "Operating Cash Flow": "-523", "Investing Cash Flow": "0", "Financing Cash Flow": "725", "End Cash Position": "269", "Income Tax Paid Supplemental Data": "0", "Interest Paid Supplemental Data": "0", "Capital Expenditure": "-", "Issuance of Capital Stock": "0", "Issuance of Debt": "725", "Repayment of Debt": "0", "Free Cash Flow": "-523"}}}}, {"NTES": {"quote": {"05/12/2021": {"value": "104.63", "Market Cap": "68.406B", "Beta (5Y Monthly)": "0.44", "PE Ratio (TTM)": "37.39", "EPS (TTM)": "2.80", "Earnings Date": "May 18, 2021", "Forward Dividend & Yield": "0.78 (0.74%)", "Ex-Dividend Date": "Mar 11, 2021", "1y Target Est": "136.88"}}, "fin": {"TTM": {"Duration": "TTM", "Total Revenue": "73,667,133", "Cost of Revenue": "34,683,731", "Gross Profit": "38,983,402", "Operating Expense": "24,444,997", "Operating Income": "14,538,405", "Net Non Operating Interest Income Expense": "1,598,618", "Other Income Expense": "-764,939", "Pretax Income": "15,372,084", "Tax Provision": "3,041,849", "Net Income Common Stockholders": "12,062,754", "Diluted NI Available to Com Stockholders": "12,062,754", "Basic EPS": "-", "Diluted EPS": "-", "Basic Average Shares": "-", "Diluted Average Shares": "-", "Total Operating Income as Reported": "14,538,405", "Total Expenses": "59,128,728", "Net Income from Continuing & Discontinued Operation": "12,062,754", "Normalized Income": "13,267,444", "Interest Income": "1,598,618", "Net Interest Income": "1,598,618", "EBIT": "14,538,405", "EBITDA": "17,996,187", "Reconciled Cost of Revenue": "34,683,731", "Reconciled Depreciation": "3,457,782", "Net Income from Continuing Operation Net Minority Interest": "12,062,754", "Total Unusual Items Excluding Goodwill": "-1,502,107", "Total Unusual Items": "-1,502,107", "Normalized EBITDA": "19,498,294", "Tax Rate for Calcs": "0", "Tax Effect of Unusual Items": "-297,417"}, "12/31/2020": {"Duration": "12/31/2020", "Total Revenue": "73,667,133", "Cost of Revenue": "34,683,731", "Gross Profit": "38,983,402", "Operating Expense": "24,444,997", "Operating Income": "14,538,405", "Net Non Operating Interest Income Expense": "1,598,618", "Other Income Expense": "-764,939", "Pretax Income": "15,372,084", "Tax Provision": "3,041,849", "Net Income Common Stockholders": "12,062,754", "Diluted NI Available to Com Stockholders": "12,062,754", "Basic EPS": "-", "Diluted EPS": "-", "Basic Average Shares": "-", "Diluted Average Shares": "-", "Total Operating Income as Reported": "14,538,405", "Total Expenses": "59,128,728", "Net Income from Continuing & Discontinued Operation": "12,062,754", "Normalized Income": "13,267,444", "Interest Income": "1,598,618", "Net Interest Income": "1,598,618", "EBIT": "14,538,405", "EBITDA": "-", "Reconciled Cost of Revenue": "34,683,731", "Reconciled Depreciation": "3,457,782", "Net Income from Continuing Operation Net Minority Interest": "12,062,754", "Total Unusual Items Excluding Goodwill": "-1,502,107", "Total Unusual Items": "-1,502,107", "Normalized EBITDA": "19,498,294", "Tax Rate for Calcs": "0", "Tax Effect of Unusual Items": "-297,417"}, "12/31/2019": {"Duration": "12/31/2019", "Total Revenue": "59,241,145", "Cost of Revenue": "27,685,845", "Gross Profit": "31,555,300", "Operating Expense": "17,764,649", "Operating Income": "13,790,651", "Net Non Operating Interest Income Expense": "821,774", "Other Income Expense": "1,770,908", "Pretax Income": "16,383,333", "Tax Provision": "2,914,726", "Net Income Common Stockholders": "21,237,516", "Diluted NI Available to Com Stockholders": "21,237,516", "Basic EPS": "32.95", "Diluted EPS": "32.65", "Basic Average Shares": "644,095", "Diluted Average Shares": "649,994", "Total Operating Income as Reported": "13,790,651", "Total Expenses": "45,450,494", "Net Income from Continuing & Discontinued Operation": "21,237,516", "Normalized Income": "12,180,516", "Interest Income": "821,774", "Net Interest Income": "821,774", "EBIT": "13,790,651", "EBITDA": "-", "Reconciled Cost of Revenue": "27,685,845", "Reconciled Depreciation": "2,613,782", "Net Income from Continuing Operation Net Minority Interest": "13,274,997", "Total Unusual Items Excluding Goodwill": "1,331,486", "Total Unusual Items": "1,331,486", "Normalized EBITDA": "15,072,947", "Tax Rate for Calcs": "0", "Tax Effect of Unusual Items": "237,005"}, "12/31/2018": {"Duration": "12/31/2018", "Total Revenue": "67,156,453", "Cost of Revenue": "38,752,957", "Gross Profit": "28,403,496", "Operating Expense": "20,510,557", "Operating Income": "7,892,939", "Net Non Operating Interest Income Expense": "587,518", "Other Income Expense": "463,641", "Pretax Income": "8,944,098", "Tax Provision": "2,466,681", "Net Income Common Stockholders": "6,152,407", "Diluted NI Available to Com Stockholders": "6,152,407", "Basic EPS": "9.50", "Diluted EPS": "9.45", "Basic Average Shares": "647,065", "Diluted Average Shares": "650,938", "Total Operating Income as Reported": "7,892,939", "Total Expenses": "59,263,514", "Net Income from Continuing & Discontinued Operation": "6,152,407", "Normalized Income": "6,250,573", "Interest Income": "587,518", "Net Interest Income": "587,518", "EBIT": "7,892,939", "EBITDA": "-", "Reconciled Cost of Revenue": "38,752,957", "Reconciled Depreciation": "2,083,501", "Net Income from Continuing Operation Net Minority Interest": "6,152,407", "Total Unusual Items Excluding Goodwill": "-135,589", "Total Unusual Items": "-135,589", "Normalized EBITDA": "10,112,029", "Tax Rate for Calcs": "0", "Tax Effect of Unusual Items": "-37,423"}}, "bs": {"12/31/2020": {"Duration": "12/31/2020", "Total Assets": "141,874,582", "Total Liabilities Net Minority Interest": "58,876,778", "Total Equity Gross Minority Interest": "82,997,804", "Total Capitalization": "82,126,798", "Common Stock Equity": "82,126,798", "Capital Lease Obligations": "805,735", "Net Tangible Assets": "73,504,165", "Working Capital": "61,087,552", "Invested Capital": "101,631,494", "Tangible Book Value": "73,504,165", "Total Debt": "20,310,431", "Net Debt": "10,387,477", "Share Issued": "3,349,335", "Ordinary Shares Number": "3,349,335"}, "12/31/2019": {"Duration": "12/31/2019", "Total Assets": "112,124,371", "Total Liabilities Net Minority Interest": "49,531,516", "Total Equity Gross Minority Interest": "62,592,855", "Total Capitalization": "61,453,699", "Common Stock Equity": "61,453,699", "Capital Lease Obligations": "471,403", "Net Tangible Assets": "54,107,309", "Working Capital": "46,861,999", "Invested Capital": "78,281,925", "Tangible Book Value": "54,107,309", "Total Debt": "17,299,629", "Net Debt": "13,581,853", "Share Issued": "3,228,531", "Ordinary Shares Number": "3,228,531"}, "12/31/2018": {"Duration": "12/31/2018", "Total Assets": "86,967,928", "Total Liabilities Net Minority Interest": "40,942,083", "Total Equity Gross Minority Interest": "46,025,845", "Total Capitalization": "45,231,636", "Common Stock Equity": "45,231,636", "Capital Lease Obligations": "-", "Net Tangible Assets": "39,264,096", "Working Capital": "33,606,710", "Invested Capital": "58,890,190", "Tangible Book Value": "39,264,096", "Total Debt": "13,658,554", "Net Debt": "8,269,356", "Share Issued": "3,199,018", "Ordinary Shares Number": "3,199,018"}}, "cf": {"TTM": {"Duration": "TTM", "Operating Cash Flow": "24,888,171", "Investing Cash Flow": "-29,192,407", "Financing Cash Flow": "9,913,087", "End Cash Position": "12,168,605", "Income Tax Paid Supplemental Data": "2,046,119", "Interest Paid Supplemental Data": "246,051", "Capital Expenditure": "-3,290,487", "Issuance of Capital Stock": "21,911,815", "Issuance of Debt": "4,859,604", "Repayment of Debt": "-818,539", "Repurchase of Capital Stock": "-", "Free Cash Flow": "21,597,684"}, "12/31/2020": {"Duration": "12/31/2020", "Operating Cash Flow": "24,888,171", "Investing Cash Flow": "-29,192,407", "Financing Cash Flow": "9,913,087", "End Cash Position": "12,168,605", "Income Tax Paid Supplemental Data": "2,046,119", "Interest Paid Supplemental Data": "246,051", "Capital Expenditure": "-3,290,487", "Issuance of Capital Stock": "21,911,815", "Issuance of Debt": "4,859,604", "Repayment of Debt": "-818,539", "Repurchase of Capital Stock": "-", "Free Cash Flow": "21,597,684"}, "12/31/2019": {"Duration": "12/31/2019", "Operating Cash Flow": "17,216,458", "Investing Cash Flow": "-22,136,741", "Financing Cash Flow": "1,082,525", "End Cash Position": "6,397,860", "Income Tax Paid Supplemental Data": "3,193,802", "Interest Paid Supplemental Data": "431,395", "Capital Expenditure": "-3,328,784", "Issuance of Capital Stock": "10,638", "Issuance of Debt": "3,268,354", "Repayment of Debt": "-296,823", "Repurchase of Capital Stock": "-", "Free Cash Flow": "13,887,674"}, "12/31/2018": {"Duration": "12/31/2018", "Operating Cash Flow": "13,415,877", "Investing Cash Flow": "-13,569,515", "Financing Cash Flow": "1,587,419", "End Cash Position": "10,206,538", "Income Tax Paid Supplemental Data": "2,006,657", "Interest Paid Supplemental Data": "301,761", "Capital Expenditure": "-6,886,013", "Issuance of Capital Stock": "-", "Issuance of Debt": "6,228,369", "Repayment of Debt": "-18,761", "Repurchase of Capital Stock": "-7,516,679", "Free Cash Flow": "6,529,864"}}}}, {"RENN": {"quote": {"05/12/2021": {"value": "8.98", "Market Cap": "211.747M", "Beta (5Y Monthly)": "1.90", "PE Ratio (TTM)": "N/A", "EPS (TTM)": "-5.77", "Earnings Date": "May 14, 2018 - May 18, 2018", "Forward Dividend & Yield": "N/A (N/A)", "Ex-Dividend Date": "Jun 22, 2018", "1y Target Est": "N/A"}}, "fin": {"TTM": {"Duration": "TTM", "Total Revenue": "175,815", "Cost of Revenue": "179,013", "Gross Profit": "-3,198", "Operating Expense": "101,054", "Operating Income": "-104,252", "Net Non Operating Interest Income Expense": "4,244", "Other Income Expense": "-86,304", "Pretax Income": "-186,312", "Tax Provision": "-604", "Earnings from Equity Interest Net of Tax": "-6,475", "Net Income Common Stockholders": "-135,397", "Diluted NI Available to Com Stockholders": "-135,397", "Basic EPS": "-", "Diluted EPS": "-", "Basic Average Shares": "-", "Diluted Average Shares": "-", "Total Operating Income as Reported": "-187,631", "Total Expenses": "280,067", "Net Income from Continuing & Discontinued Operation": "-135,397", "Normalized Income": "-48,996", "Interest Income": "8,178", "Interest Expense": "3,934", "Net Interest Income": "4,244", "EBIT": "-182,378", "EBITDA": "-182,378", "Reconciled Cost of Revenue": "179,013", "Reconciled Depreciation": "975", "Net Income from Continuing Operation Net Minority Interest": "-135,397", "Total Unusual Items Excluding Goodwill": "-86,682", "Total Unusual Items": "-86,682", "Normalized EBITDA": "-95,696", "Tax Rate for Calcs": "0", "Tax Effect of Unusual Items": "-281.0121"}, "12/31/2019": {"Duration": "12/31/2019", "Total Revenue": "349,783", "Cost of Revenue": "346,893", "Gross Profit": "2,890", "Operating Expense": "110,349", "Operating Income": "-107,459", "Net Non Operating Interest Income Expense": "4,214", "Other Income Expense": "3,249", "Pretax Income": "-99,996", "Tax Provision": "24", "Earnings from Equity Interest Net of Tax": "-7,464", "Net Income Common Stockholders": "-51,093", "Diluted NI Available to Com Stockholders": "-51,093", "Basic EPS": "-2.25", "Diluted EPS": "-2.25", "Basic Average Shares": "23,312", "Diluted Average Shares": "23,312", "Total Operating Income as Reported": "-190,838", "Total Expenses": "457,242", "Net Income from Continuing & Discontinued Operation": "-51,093", "Normalized Income": "-51,757", "Interest Income": "8,837", "Interest Expense": "4,623", "Net Interest Income": "4,214", "EBIT": "-95,373", "EBITDA": "-", "Reconciled Cost of Revenue": "346,893", "Reconciled Depreciation": "975", "Net Income from Continuing Operation Net Minority Interest": "-51,093", "Total Unusual Items Excluding Goodwill": "886", "Total Unusual Items": "886", "Normalized EBITDA": "-95,284", "Tax Rate for Calcs": "0", "Tax Effect of Unusual Items": "221.5"}, "12/31/2018": {"Duration": "12/31/2018", "Total Revenue": "498,198", "Cost of Revenue": "476,468", "Gross Profit": "21,730", "Operating Expense": "132,005", "Operating Income": "-110,275", "Net Non Operating Interest Income Expense": "657", "Other Income Expense": "-36,886", "Pretax Income": "-146,504", "Tax Provision": "9,850", "Earnings from Equity Interest Net of Tax": "-2,463", "Net Income Common Stockholders": "72,540", "Diluted NI Available to Com Stockholders": "72,540", "Basic EPS": "3.15", "Diluted EPS": "3.15", "Basic Average Shares": "23,032", "Diluted Average Shares": "24,351", "Total Operating Income as Reported": "-113,402", "Total Expenses": "608,473", "Net Income from Continuing & Discontinued Operation": "72,540", "Normalized Income": "-124,604", "Interest Income": "5,760", "Interest Expense": "5,103", "Net Interest Income": "657", "EBIT": "-141,401", "EBITDA": "-", "Reconciled Cost of Revenue": "476,468", "Reconciled Depreciation": "1,443", "Net Income from Continuing Operation Net Minority Interest": "-150,758", "Total Unusual Items Excluding Goodwill": "-34,872", "Total Unusual Items": "-34,872", "Normalized EBITDA": "-105,086", "Tax Rate for Calcs": "0", "Tax Effect of Unusual Items": "-8,718"}}, "bs": {"12/31/2019": {"Duration": "12/31/2019", "Total Assets": "226,211", "Total Liabilities Net Minority Interest": "100,978", "Total Equity Gross Minority Interest": "125,233", "Total Capitalization": "104,113", "Common Stock Equity": "104,113", "Capital Lease Obligations": "4,816", "Net Tangible Assets": "103,281", "Working Capital": "-25,398", "Invested Capital": "135,190", "Tangible Book Value": "103,281", "Total Debt": "35,893", "Net Debt": "26,604", "Share Issued": "1,056,205", "Ordinary Shares Number": "1,056,205"}, "12/31/2018": {"Duration": "12/31/2018", "Total Assets": "437,193", "Total Liabilities Net Minority Interest": "256,255", "Total Equity Gross Minority Interest": "180,938", "Total Capitalization": "182,465", "Common Stock Equity": "147,465", "Capital Lease Obligations": "-", "Net Tangible Assets": "61,939", "Working Capital": "29,248", "Invested Capital": "232,352", "Tangible Book Value": "61,939", "Total Debt": "84,887", "Net Debt": "69,554", "Share Issued": "1,042,611", "Ordinary Shares Number": "1,042,611"}}, "cf": {"TTM": {"Duration": "TTM", "Operating Cash Flow": "-34,203", "Investing Cash Flow": "17,592", "Financing Cash Flow": "-23,446", "End Cash Position": "17,922", "Income Tax Paid Supplemental Data": "254", "Interest Paid Supplemental Data": "2,275", "Capital Expenditure": "-480", "Issuance of Capital Stock": "7,500", "Issuance of Debt": "49,654", "Repayment of Debt": "-82,214", "Repurchase of Capital Stock": "-", "Free Cash Flow": "-34,683"}, "12/31/2019": {"Duration": "12/31/2019", "Operating Cash Flow": "-34,203", "Investing Cash Flow": "17,592", "Financing Cash Flow": "-23,446", "End Cash Position": "17,922", "Income Tax Paid Supplemental Data": "254", "Interest Paid Supplemental Data": "2,275", "Capital Expenditure": "-480", "Issuance of Capital Stock": "7,500", "Issuance of Debt": "49,654", "Repayment of Debt": "-82,214", "Repurchase of Capital Stock": "-", "Free Cash Flow": "-34,683"}, "12/31/2018": {"Duration": "12/31/2018", "Operating Cash Flow": "-60,239", "Investing Cash Flow": "170,844", "Financing Cash Flow": "-254,179", "End Cash Position": "57,513", "Income Tax Paid Supplemental Data": "1", "Interest Paid Supplemental Data": "8,290", "Capital Expenditure": "-884", "Issuance of Capital Stock": "-", "Issuance of Debt": "158,140", "Repayment of Debt": "-119,000", "Repurchase of Capital Stock": "-", "Free Cash Flow": "-61,123"}}}}, {"QNST": {"quote": {"05/12/2021": {"value": "17.65", "Market Cap": "946.384M", "Beta (5Y Monthly)": "0.91", "PE Ratio (TTM)": "43.91", "EPS (TTM)": "0.40", "Earnings Date": "Aug 03, 2021 - Aug 09, 2021", "Forward Dividend & Yield": "N/A (N/A)", "Ex-Dividend Date": "N/A", "1y Target Est": "26.40"}}, "fin": {"TTM": {"Duration": "TTM", "Total Revenue": "519,861", "Cost of Revenue": "462,025", "Gross Profit": "57,836", "Operating Expense": "51,914", "Operating Income": "5,922", "Net Non Operating Interest Income Expense": "-815", "Other Income Expense": "29,936", "Pretax Income": "35,043", "Tax Provision": "4,475", "Net Income Common Stockholders": "30,568", "Diluted NI Available to Com Stockholders": "30,568", "Basic EPS": "-", "Diluted EPS": "-", "Basic Average Shares": "-", "Diluted Average Shares": "-", "Total Operating Income as Reported": "5,922", "Total Expenses": "513,939", "Net Income from Continuing & Discontinued Operation": "30,568", "Normalized Income": "30,568", "Interest Income": "138", "Interest Expense": "953", "Net Interest Income": "-815", "EBIT": "35,996", "EBITDA": "49,942", "Reconciled Cost of Revenue": "462,025", "Reconciled Depreciation": "13,946", "Net Income from Continuing Operation Net Minority Interest": "30,568", "Total Unusual Items Excluding Goodwill": "-", "Total Unusual Items": "-", "Normalized EBITDA": "49,942", "Tax Rate for Calcs": "0", "Tax Effect of Unusual Items": "0"}, "6/30/2020": {"Duration": "6/30/2020", "Total Revenue": "490,339", "Cost of Revenue": "437,864", "Gross Profit": "52,475", "Operating Expense": "46,270", "Operating Income": "6,205", "Net Non Operating Interest Income Expense": "-466", "Other Income Expense": "12,947", "Pretax Income": "18,686", "Tax Provision": "584", "Net Income Common Stockholders": "18,102", "Diluted NI Available to Com Stockholders": "18,102", "Basic EPS": "0.35", "Diluted EPS": "0.34", "Basic Average Shares": "51,529", "Diluted Average Shares": "53,387", "Total Operating Income as Reported": "6,205", "Total Expenses": "484,134", "Net Income from Continuing & Discontinued Operation": "18,102", "Normalized Income": "18,102", "Interest Income": "230", "Interest Expense": "696", "Net Interest Income": "-466", "EBIT": "19,382", "EBITDA": "-", "Reconciled Cost of Revenue": "437,864", "Reconciled Depreciation": "11,476", "Net Income from Continuing Operation Net Minority Interest": "18,102", "Total Unusual Items Excluding Goodwill": "-", "Total Unusual Items": "-", "Normalized EBITDA": "30,858", "Tax Rate for Calcs": "0", "Tax Effect of Unusual Items": "0"}, "6/30/2019": {"Duration": "6/30/2019", "Total Revenue": "455,154", "Cost of Revenue": "393,509", "Gross Profit": "61,645", "Operating Expense": "50,918", "Operating Income": "10,727", "Net Non Operating Interest Income Expense": "-77", "Other Income Expense": "69", "Pretax Income": "10,719", "Tax Provision": "-51,761", "Net Income Common Stockholders": "62,480", "Diluted NI Available to Com Stockholders": "62,480", "Basic EPS": "1.26", "Diluted EPS": "1.18", "Basic Average Shares": "49,581", "Diluted Average Shares": "52,754", "Total Operating Income as Reported": "10,727", "Total Expenses": "444,427", "Net Income from Continuing & Discontinued Operation": "62,480", "Normalized Income": "62,480", "Interest Income": "290", "Interest Expense": "367", "Net Interest Income": "-77", "EBIT": "11,086", "EBITDA": "-", "Reconciled Cost of Revenue": "393,509", "Reconciled Depreciation": "8,975", "Net Income from Continuing Operation Net Minority Interest": "62,480", "Total Unusual Items Excluding Goodwill": "0", "Total Unusual Items": "0", "Normalized EBITDA": "20,061", "Tax Rate for Calcs": "0", "Tax Effect of Unusual Items": "0"}, "6/30/2018": {"Duration": "6/30/2018", "Total Revenue": "404,358", "Cost of Revenue": "345,947", "Gross Profit": "58,411", "Operating Expense": "42,775", "Operating Income": "15,636", "Net Non Operating Interest Income Expense": "181", "Other Income Expense": "687", "Pretax Income": "16,504", "Tax Provision": "574", "Net Income Common Stockholders": "15,930", "Diluted NI Available to Com Stockholders": "15,930", "Basic EPS": "0.34", "Diluted EPS": "0.32", "Basic Average Shares": "46,417", "Diluted Average Shares": "49,872", "Total Operating Income as Reported": "15,636", "Total Expenses": "388,722", "Net Income from Continuing & Discontinued Operation": "15,930", "Normalized Income": "15,930", "Interest Income": "181", "Interest Expense": "0", "Net Interest Income": "181", "EBIT": "16,504", "EBITDA": "-", "Reconciled Cost of Revenue": "345,947", "Reconciled Depreciation": "7,767", "Net Income from Continuing Operation Net Minority Interest": "15,930", "Total Unusual Items Excluding Goodwill": "0", "Total Unusual Items": "0", "Normalized EBITDA": "24,271", "Tax Rate for Calcs": "0", "Tax Effect of Unusual Items": "0"}}, "bs": {"6/30/2020": {"Duration": "6/30/2020", "Total Assets": "358,407", "Total Liabilities Net Minority Interest": "102,463", "Total Equity Gross Minority Interest": "255,944", "Total Capitalization": "255,944", "Common Stock Equity": "255,944", "Capital Lease Obligations": "8,692", "Net Tangible Assets": "147,093", "Working Capital": "99,735", "Invested Capital": "255,944", "Tangible Book Value": "147,093", "Total Debt": "8,692", "Share Issued": "52,210", "Ordinary Shares Number": "52,210"}, "6/30/2019": {"Duration": "6/30/2019", "Total Assets": "324,611", "Total Liabilities Net Minority Interest": "101,782", "Total Equity Gross Minority Interest": "222,829", "Total Capitalization": "222,829", "Common Stock Equity": "222,829", "Capital Lease Obligations": "-", "Net Tangible Assets": "105,167", "Working Capital": "59,679", "Invested Capital": "222,829", "Tangible Book Value": "105,167", "Total Debt": "-", "Share Issued": "50,518", "Ordinary Shares Number": "50,518"}, "6/30/2018": {"Duration": "6/30/2018", "Total Assets": "220,296", "Total Liabilities Net Minority Interest": "71,970", "Total Equity Gross Minority Interest": "148,326", "Total Capitalization": "148,326", "Common Stock Equity": "148,326", "Capital Lease Obligations": "-", "Net Tangible Assets": "77,470", "Working Capital": "69,592", "Invested Capital": "148,326", "Tangible Book Value": "77,470", "Total Debt": "-", "Share Issued": "48,146", "Ordinary Shares Number": "48,146"}}, "cf": {"TTM": {"Duration": "TTM", "Operating Cash Flow": "51,266", "Investing Cash Flow": "-12,379", "Financing Cash Flow": "-12,375", "End Cash Position": "102,650", "Income Tax Paid Supplemental Data": "410", "Interest Paid Supplemental Data": "-", "Capital Expenditure": "-4,631", "Issuance of Debt": "-", "Repayment of Debt": "-", "Repurchase of Capital Stock": "-", "Free Cash Flow": "46,635"}, "6/30/2020": {"Duration": "6/30/2020", "Operating Cash Flow": "47,608", "Investing Cash Flow": "8,868", "Financing Cash Flow": "-11,632", "End Cash Position": "107,523", "Income Tax Paid Supplemental Data": "373", "Interest Paid Supplemental Data": "-", "Capital Expenditure": "-4,253", "Issuance of Debt": "-", "Repayment of Debt": "-", "Repurchase of Capital Stock": "0", "Free Cash Flow": "43,355"}, "6/30/2019": {"Duration": "6/30/2019", "Operating Cash Flow": "37,965", "Investing Cash Flow": "-36,989", "Financing Cash Flow": "-4,054", "End Cash Position": "62,536", "Income Tax Paid Supplemental Data": "334", "Interest Paid Supplemental Data": "0", "Capital Expenditure": "-4,308", "Issuance of Debt": "-", "Repayment of Debt": "0", "Repurchase of Capital Stock": "0", "Free Cash Flow": "33,657"}, "6/30/2018": {"Duration": "6/30/2018", "Operating Cash Flow": "26,979", "Investing Cash Flow": "-15,849", "Financing Cash Flow": "3,894", "End Cash Position": "64,700", "Income Tax Paid Supplemental Data": "245", "Interest Paid Supplemental Data": "0", "Capital Expenditure": "-2,756", "Issuance of Debt": "-", "Repayment of Debt": "0", "Repurchase of Capital Stock": "-647", "Free Cash Flow": "24,223"}}}}, {"JCDAF": {"quote": {"05/12/2021": {"value": "5.50", "Market Cap": "15.472M", "Beta (5Y Monthly)": "0.01", "PE Ratio (TTM)": "N/A", "EPS (TTM)": "-1.01", "Earnings Date": "N/A", "Forward Dividend & Yield": "N/A (N/A)", "Ex-Dividend Date": "N/A", "1y Target Est": "N/A"}}, "fin": {"TTM": {"Duration": "TTM", "Total Revenue": "14,704", "Cost of Revenue": "6,427", "Gross Profit": "8,277", "Operating Expense": "12,445", "Operating Income": "-4,168", "Net Non Operating Interest Income Expense": "-19", "Other Income Expense": "246", "Pretax Income": "-3,941", "Tax Provision": "632", "Net Income Common Stockholders": "-4,573", "Diluted NI Available to Com Stockholders": "-4,573", "Total Operating Income as Reported": "-4,168", "Total Expenses": "18,872", "Net Income from Continuing & Discontinued Operation": "-4,573", "Normalized Income": "-4,760", "Interest Income": "9", "Interest Expense": "28", "Net Interest Income": "-19", "EBIT": "-3,913", "EBITDA": "-3,724", "Reconciled Cost of Revenue": "6,427", "Reconciled Depreciation": "189", "Net Income from Continuing Operation Net Minority Interest": "-4,573", "Total Unusual Items Excluding Goodwill": "246", "Total Unusual Items": "246", "Normalized EBITDA": "-3,970", "Tax Rate for Calcs": "0", "Tax Effect of Unusual Items": "59.04"}}, "bs": {}, "cf": {"TTM": {"Duration": "TTM", "Operating Cash Flow": "-3,817", "Investing Cash Flow": "921", "Financing Cash Flow": "4,024", "End Cash Position": "5,701", "Income Tax Paid Supplemental Data": "8", "Capital Expenditure": "-141", "Free Cash Flow": "-3,958"}}}}, {"MOMO": {"quote": {"05/12/2021": {"value": "14.03", "Market Cap": "2.892B", "Beta (5Y Monthly)": "1.43", "PE Ratio (TTM)": "9.32", "EPS (TTM)": "1.50", "Earnings Date": "May 11, 2021 - May 14, 2021", "Forward Dividend & Yield": "N/A (N/A)", "Ex-Dividend Date": "Apr 12, 2021", "1y Target Est": "18.89"}}, "fin": {"TTM": {"Duration": "TTM", "Total Revenue": "15,024,188", "Cost of Revenue": "7,976,781", "Gross Profit": "7,047,407", "Operating Expense": "4,515,972", "Operating Income": "2,531,435", "Net Non Operating Interest Income Expense": "365,599", "Other Income Expense": "1,500", "Pretax Income": "2,898,534", "Tax Provision": "755,620", "Earnings from Equity Interest Net of Tax": "-42,522", "Net Income Common Stockholders": "2,103,484", "Diluted NI Available to Com Stockholders": "2,103,484", "Basic EPS": "-", "Diluted EPS": "-", "Basic Average Shares": "-", "Diluted Average Shares": "-", "Total Operating Income as Reported": "2,531,435", "Total Expenses": "12,492,753", "Net Income from Continuing & Discontinued Operation": "2,103,484", "Normalized Income": "2,103,484", "Interest Income": "444,471", "Interest Expense": "78,872", "Net Interest Income": "365,599", "EBIT": "2,977,406", "EBITDA": "3,343,654", "Reconciled Cost of Revenue": "7,976,781", "Reconciled Depreciation": "366,248", "Net Income from Continuing Operation Net Minority Interest": "2,103,484", "Total Unusual Items Excluding Goodwill": "-", "Total Unusual Items": "-", "Normalized EBITDA": "3,343,654", "Tax Rate for Calcs": "0", "Tax Effect of Unusual Items": "0"}, "12/31/2020": {"Duration": "12/31/2020", "Total Revenue": "15,024,188", "Cost of Revenue": "7,976,781", "Gross Profit": "7,047,407", "Operating Expense": "4,515,972", "Operating Income": "2,531,435", "Net Non Operating Interest Income Expense": "365,599", "Other Income Expense": "1,500", "Pretax Income": "2,898,534", "Tax Provision": "755,620", "Earnings from Equity Interest Net of Tax": "-42,522", "Net Income Common Stockholders": "2,103,484", "Diluted NI Available to Com Stockholders": "2,103,484", "Basic EPS": "-", "Diluted EPS": "-", "Basic Average Shares": "-", "Diluted Average Shares": "-", "Total Operating Income as Reported": "2,531,435", "Total Expenses": "12,492,753", "Net Income from Continuing & Discontinued Operation": "2,103,484", "Normalized Income": "2,103,484", "Interest Income": "444,471", "Interest Expense": "78,872", "Net Interest Income": "365,599", "EBIT": "2,977,406", "EBITDA": "-", "Reconciled Cost of Revenue": "7,976,781", "Reconciled Depreciation": "366,248", "Net Income from Continuing Operation Net Minority Interest": "2,103,484", "Total Unusual Items Excluding Goodwill": "-", "Total Unusual Items": "-", "Normalized EBITDA": "3,343,654", "Tax Rate for Calcs": "0", "Tax Effect of Unusual Items": "0"}, "12/31/2019": {"Duration": "12/31/2019", "Total Revenue": "17,015,089", "Cost of Revenue": "8,492,096", "Gross Profit": "8,522,993", "Operating Expense": "4,968,294", "Operating Income": "3,554,699", "Net Non Operating Interest Income Expense": "328,931", "Other Income Expense": "-15,711", "Pretax Income": "3,867,919", "Tax Provision": "883,801", "Earnings from Equity Interest Net of Tax": "-23,350", "Net Income Common Stockholders": "2,970,890", "Diluted NI Available to Com Stockholders": "2,970,890", "Basic EPS": "14.30", "Diluted EPS": "13.52", "Basic Average Shares": "207,658", "Diluted Average Shares": "225,603", "Total Operating Income as Reported": "3,554,699", "Total Expenses": "13,460,390", "Net Income from Continuing & Discontinued Operation": "2,970,890", "Normalized Income": "2,983,011", "Interest Income": "407,542", "Interest Expense": "78,611", "Net Interest Income": "328,931", "EBIT": "3,946,530", "EBITDA": "-", "Reconciled Cost of Revenue": "8,492,096", "Reconciled Depreciation": "356,191", "Net Income from Continuing Operation Net Minority Interest": "2,970,890", "Total Unusual Items Excluding Goodwill": "-15,711", "Total Unusual Items": "-15,711", "Normalized EBITDA": "4,318,432", "Tax Rate for Calcs": "0", "Tax Effect of Unusual Items": "-3,590"}, "12/31/2018": {"Duration": "12/31/2018", "Total Revenue": "13,408,421", "Cost of Revenue": "7,182,897", "Gross Profit": "6,225,524", "Operating Expense": "2,959,232", "Operating Income": "3,266,292", "Net Non Operating Interest Income Expense": "216,443", "Other Income Expense": "-43,200", "Pretax Income": "3,439,535", "Tax Provision": "699,648", "Earnings from Equity Interest Net of Tax": "48,660", "Net Income Common Stockholders": "2,815,775", "Diluted NI Available to Com Stockholders": "2,815,775", "Basic EPS": "13.84", "Diluted EPS": "13.18", "Basic Average Shares": "203,505", "Diluted Average Shares": "216,542", "Total Operating Income as Reported": "3,266,292", "Total Expenses": "10,142,129", "Net Income from Continuing & Discontinued Operation": "2,815,775", "Normalized Income": "2,850,188", "Interest Income": "272,946", "Interest Expense": "56,503", "Net Interest Income": "216,443", "EBIT": "3,496,038", "EBITDA": "-", "Reconciled Cost of Revenue": "7,182,897", "Reconciled Depreciation": "241,268", "Net Income from Continuing Operation Net Minority Interest": "2,815,775", "Total Unusual Items Excluding Goodwill": "-43,200", "Total Unusual Items": "-43,200", "Normalized EBITDA": "3,780,506", "Tax Rate for Calcs": "0", "Tax Effect of Unusual Items": "-8,787"}}, "bs": {"12/31/2020": {"Duration": "12/31/2020", "Total Assets": "23,220,556", "Total Liabilities Net Minority Interest": "8,385,227", "Total Equity Gross Minority Interest": "14,835,329", "Total Capitalization": "19,297,946", "Common Stock Equity": "14,638,980", "Capital Lease Obligations": "269,229", "Net Tangible Assets": "9,863,366", "Working Capital": "9,230,109", "Invested Capital": "19,297,946", "Tangible Book Value": "9,863,366", "Total Debt": "4,928,195", "Net Debt": "1,295,024", "Share Issued": "419,163", "Ordinary Shares Number": "411,982", "Treasury Shares Number": "7,182"}, "12/31/2019": {"Duration": "12/31/2019", "Total Assets": "22,483,681", "Total Liabilities Net Minority Interest": "8,764,899", "Total Equity Gross Minority Interest": "13,718,782", "Total Capitalization": "18,484,410", "Common Stock Equity": "13,530,058", "Capital Lease Obligations": "191,667", "Net Tangible Assets": "8,279,145", "Working Capital": "13,187,111", "Invested Capital": "18,484,410", "Tangible Book Value": "8,279,145", "Total Debt": "5,146,019", "Net Debt": "2,341,609", "Share Issued": "417,279", "Ordinary Shares Number": "417,279", "Treasury Shares Number": "-"}, "12/31/2018": {"Duration": "12/31/2018", "Total Assets": "18,965,538", "Total Liabilities Net Minority Interest": "7,942,679", "Total Equity Gross Minority Interest": "11,022,859", "Total Capitalization": "15,807,675", "Common Stock Equity": "10,930,559", "Capital Lease Obligations": "-", "Net Tangible Assets": "5,586,744", "Working Capital": "9,936,953", "Invested Capital": "15,807,675", "Tangible Book Value": "5,586,744", "Total Debt": "4,877,116", "Net Debt": "2,409,082", "Share Issued": "413,876", "Ordinary Shares Number": "413,876", "Treasury Shares Number": "-"}}, "cf": {"TTM": {"Duration": "TTM", "Operating Cash Flow": "3,080,889", "Investing Cash Flow": "-748,466", "Financing Cash Flow": "-1,498,150", "End Cash Position": "3,366,072", "Capital Expenditure": "-124,460", "Issuance of Debt": "0", "Repayment of Debt": "0", "Repurchase of Capital Stock": "-330,207", "Free Cash Flow": "2,956,429"}, "12/31/2020": {"Duration": "12/31/2020", "Operating Cash Flow": "3,080,889", "Investing Cash Flow": "-748,466", "Financing Cash Flow": "-1,498,150", "End Cash Position": "3,366,072", "Capital Expenditure": "-124,460", "Issuance of Debt": "0", "Repayment of Debt": "0", "Repurchase of Capital Stock": "-330,207", "Free Cash Flow": "2,956,429"}, "12/31/2019": {"Duration": "12/31/2019", "Operating Cash Flow": "5,448,886", "Investing Cash Flow": "-4,029,919", "Financing Cash Flow": "-1,273,780", "End Cash Position": "2,612,743", "Capital Expenditure": "-186,522", "Issuance of Debt": "0", "Repayment of Debt": "0", "Repurchase of Capital Stock": "-", "Free Cash Flow": "5,262,364"}, "12/31/2018": {"Duration": "12/31/2018", "Operating Cash Flow": "3,327,718", "Investing Cash Flow": "-10,034,004", "Financing Cash Flow": "4,687,951", "End Cash Position": "2,468,034", "Capital Expenditure": "-242,843", "Issuance of Debt": "6,732,868", "Repayment of Debt": "-2,041,680", "Repurchase of Capital Stock": "-", "Free Cash Flow": "3,084,875"}}}}, {"QMCI": {"quote": {"05/12/2021": {"value": "0.1893", "Market Cap": "17.127M", "Beta (5Y Monthly)": "1.47", "PE Ratio (TTM)": "N/A", "EPS (TTM)": "-0.0100", "Earnings Date": "May 13, 2021", "Forward Dividend & Yield": "N/A (N/A)", "Ex-Dividend Date": "N/A", "1y Target Est": "0.25"}}, "fin": {"TTM": {"Duration": "TTM", "Total Revenue": "12,402", "Cost of Revenue": "6,702", "Gross Profit": "5,700", "Operating Expense": "6,344", "Operating Income": "-643.714", "Net Non Operating Interest Income Expense": "-4.582", "Other Income Expense": "4.209", "Pretax Income": "-644.087", "Tax Provision": "2.237", "Net Income Common Stockholders": "-646.324", "Diluted NI Available to Com Stockholders": "-646.324", "Basic EPS": "-", "Diluted EPS": "-", "Basic Average Shares": "-", "Diluted Average Shares": "-", "Total Operating Income as Reported": "-643.714", "Total Expenses": "13,046", "Net Income from Continuing & Discontinued Operation": "-646.324", "Normalized Income": "-643.5566", "Interest Expense": "4.582", "Net Interest Income": "-4.582", "EBIT": "-639.505", "EBITDA": "692.405", "Reconciled Cost of Revenue": "6,702", "Reconciled Depreciation": "1,332", "Net Income from Continuing Operation Net Minority Interest": "-646.324", "Total Unusual Items Excluding Goodwill": "-3.791", "Total Unusual Items": "-3.791", "Normalized EBITDA": "696.196", "Tax Rate for Calcs": "0", "Tax Effect of Unusual Items": "-1.0236"}, "12/31/2020": {"Duration": "12/31/2020", "Total Revenue": "12,402", "Cost of Revenue": "6,702", "Gross Profit": "5,700", "Operating Expense": "6,344", "Operating Income": "-643.714", "Net Non Operating Interest Income Expense": "-4.582", "Other Income Expense": "4.209", "Pretax Income": "-644.087", "Tax Provision": "2.237", "Net Income Common Stockholders": "-646.324", "Diluted NI Available to Com Stockholders": "-646.324", "Basic EPS": "-", "Diluted EPS": "-", "Basic Average Shares": "-", "Diluted Average Shares": "-", "Total Operating Income as Reported": "-643.714", "Total Expenses": "13,046", "Net Income from Continuing & Discontinued Operation": "-646.324", "Normalized Income": "-643.5566", "Interest Expense": "4.582", "Net Interest Income": "-4.582", "EBIT": "-639.505", "EBITDA": "-", "Reconciled Cost of Revenue": "6,702", "Reconciled Depreciation": "1,332", "Net Income from Continuing Operation Net Minority Interest": "-646.324", "Total Unusual Items Excluding Goodwill": "-3.791", "Total Unusual Items": "-3.791", "Normalized EBITDA": "696.196", "Tax Rate for Calcs": "0", "Tax Effect of Unusual Items": "-1.0236"}, "12/31/2019": {"Duration": "12/31/2019", "Total Revenue": "11,794", "Cost of Revenue": "5,782", "Gross Profit": "6,012", "Operating Expense": "5,412", "Operating Income": "599.655", "Net Non Operating Interest Income Expense": "-6.259", "Other Income Expense": "-31.385", "Pretax Income": "562.011", "Tax Provision": "3.014", "Net Income Common Stockholders": "558.997", "Diluted NI Available to Com Stockholders": "558.997", "Basic EPS": "0.01", "Diluted EPS": "0.00", "Basic Average Shares": "90,478", "Diluted Average Shares": "118,746", "Total Operating Income as Reported": "599.655", "Total Expenses": "11,194", "Net Income from Continuing & Discontinued Operation": "558.997", "Normalized Income": "590.2137", "Interest Expense": "6.259", "Net Interest Income": "-6.259", "EBIT": "568.27", "EBITDA": "-", "Reconciled Cost of Revenue": "5,782", "Reconciled Depreciation": "1,113", "Net Income from Continuing Operation Net Minority Interest": "558.997", "Total Unusual Items Excluding Goodwill": "-31.385", "Total Unusual Items": "-31.385", "Normalized EBITDA": "1,713", "Tax Rate for Calcs": "0", "Tax Effect of Unusual Items": "-0.1683"}, "12/31/2018": {"Duration": "12/31/2018", "Total Revenue": "11,128", "Cost of Revenue": "5,529", "Gross Profit": "5,599", "Operating Expense": "5,099", "Operating Income": "499.502", "Net Non Operating Interest Income Expense": "-7.289", "Other Income Expense": "8.743", "Pretax Income": "500.956", "Tax Provision": "3.085", "Net Income Common Stockholders": "497.871", "Diluted NI Available to Com Stockholders": "497.871", "Basic EPS": "0.01", "Diluted EPS": "0.00", "Basic Average Shares": "90,478", "Diluted Average Shares": "101,577", "Total Operating Income as Reported": "499.502", "Total Expenses": "10,628", "Net Income from Continuing & Discontinued Operation": "497.871", "Normalized Income": "489.1818", "Interest Expense": "7.289", "Net Interest Income": "-7.289", "EBIT": "508.245", "EBITDA": "-", "Reconciled Cost of Revenue": "5,529", "Reconciled Depreciation": "893.248", "Net Income from Continuing Operation Net Minority Interest": "497.871", "Total Unusual Items Excluding Goodwill": "8.743", "Total Unusual Items": "8.743", "Normalized EBITDA": "1,393", "Tax Rate for Calcs": "0", "Tax Effect of Unusual Items": "0.0538"}}, "bs": {"12/31/2020": {"Duration": "12/31/2020", "Total Assets": "4,953", "Total Liabilities Net Minority Interest": "6,372", "Total Equity Gross Minority Interest": "-1,419", "Total Capitalization": "-1,286", "Common Stock Equity": "-1,419", "Capital Lease Obligations": "683.685", "Net Tangible Assets": "-1,591", "Working Capital": "-1,410", "Invested Capital": "-1,286", "Tangible Book Value": "-1,591", "Total Debt": "816.942", "Share Issued": "90,478", "Ordinary Shares Number": "90,478"}, "12/31/2019": {"Duration": "12/31/2019", "Total Assets": "4,426", "Total Liabilities Net Minority Interest": "5,237", "Total Equity Gross Minority Interest": "-810.704", "Total Capitalization": "-810.704", "Common Stock Equity": "-810.704", "Capital Lease Obligations": "387.408", "Net Tangible Assets": "-971.969", "Working Capital": "-424.514", "Invested Capital": "-810.704", "Tangible Book Value": "-971.969", "Total Debt": "387.408", "Share Issued": "90,478", "Ordinary Shares Number": "90,478"}, "12/31/2018": {"Duration": "12/31/2018", "Total Assets": "3,537", "Total Liabilities Net Minority Interest": "5,317", "Total Equity Gross Minority Interest": "-1,781", "Total Capitalization": "-1,781", "Common Stock Equity": "-1,781", "Capital Lease Obligations": "76.54", "Net Tangible Assets": "-1,948", "Working Capital": "-581.344", "Invested Capital": "-1,781", "Tangible Book Value": "-1,948", "Total Debt": "76.54", "Share Issued": "90,478", "Ordinary Shares Number": "90,478"}}, "cf": {"TTM": {"Duration": "TTM", "Operating Cash Flow": "1,328", "Investing Cash Flow": "-1,825", "Financing Cash Flow": "99.453", "End Cash Position": "417.91", "Interest Paid Supplemental Data": "4.614", "Capital Expenditure": "-1,825", "Issuance of Debt": "133.257", "Repayment of Debt": "-33.804", "Repurchase of Capital Stock": "0", "Free Cash Flow": "-497.03"}, "12/31/2020": {"Duration": "12/31/2020", "Operating Cash Flow": "1,328", "Investing Cash Flow": "-1,825", "Financing Cash Flow": "99.453", "End Cash Position": "417.91", "Interest Paid Supplemental Data": "4.614", "Capital Expenditure": "-1,825", "Issuance of Debt": "133.257", "Repayment of Debt": "-33.804", "Repurchase of Capital Stock": "0", "Free Cash Flow": "-497.03"}, "12/31/2019": {"Duration": "12/31/2019", "Operating Cash Flow": "1,766", "Investing Cash Flow": "-1,678", "Financing Cash Flow": "-83.677", "End Cash Position": "815.487", "Interest Paid Supplemental Data": "6.314", "Capital Expenditure": "-1,678", "Issuance of Debt": "-", "Repayment of Debt": "-28.677", "Repurchase of Capital Stock": "-55", "Free Cash Flow": "88.832"}, "12/31/2018": {"Duration": "12/31/2018", "Operating Cash Flow": "1,504", "Investing Cash Flow": "-1,070", "Financing Cash Flow": "-75.164", "End Cash Position": "810.332", "Interest Paid Supplemental Data": "-", "Capital Expenditure": "-1,070", "Issuance of Debt": "-", "Repayment of Debt": "-21.314", "Repurchase of Capital Stock": "-45", "Free Cash Flow": "434.345"}}}}, {"SPRT": {"quote": {"05/12/2021": {"value": "2.8600", "Market Cap": "68.895M", "Beta (5Y Monthly)": "0.53", "PE Ratio (TTM)": "143.00", "EPS (TTM)": "0.0200", "Earnings Date": "Aug 04, 2021 - Aug 09, 2021", "Forward Dividend & Yield": "N/A (N/A)", "Ex-Dividend Date": "Dec 27, 2019", "1y Target Est": "N/A"}}, "fin": {"TTM": {"Duration": "TTM", "Total Revenue": "43,864", "Cost of Revenue": "28,921", "Gross Profit": "14,943", "Operating Expense": "14,891", "Operating Income": "52", "Net Non Operating Interest Income Expense": "496", "Other Income Expense": "-", "Pretax Income": "548", "Tax Provision": "102", "Net Income Common Stockholders": "446", "Diluted NI Available to Com Stockholders": "446", "Basic EPS": "-", "Diluted EPS": "-", "Basic Average Shares": "-", "Diluted Average Shares": "-", "Total Operating Income as Reported": "52", "Total Expenses": "43,812", "Net Income from Continuing & Discontinued Operation": "446", "Normalized Income": "446", "Interest Income": "496", "Net Interest Income": "496", "EBIT": "52", "EBITDA": "366", "Reconciled Cost of Revenue": "28,921", "Reconciled Depreciation": "314", "Net Income from Continuing Operation Net Minority Interest": "446", "Total Unusual Items Excluding Goodwill": "-", "Total Unusual Items": "-", "Normalized EBITDA": "366", "Tax Rate for Calcs": "0", "Tax Effect of Unusual Items": "0"}, "12/31/2020": {"Duration": "12/31/2020", "Total Revenue": "43,864", "Cost of Revenue": "28,921", "Gross Profit": "14,943", "Operating Expense": "14,891", "Operating Income": "52", "Net Non Operating Interest Income Expense": "496", "Other Income Expense": "-", "Pretax Income": "548", "Tax Provision": "102", "Net Income Common Stockholders": "446", "Diluted NI Available to Com Stockholders": "446", "Basic EPS": "-", "Diluted EPS": "-", "Basic Average Shares": "-", "Diluted Average Shares": "-", "Total Operating Income as Reported": "52", "Total Expenses": "43,812", "Net Income from Continuing & Discontinued Operation": "446", "Normalized Income": "446", "Interest Income": "496", "Net Interest Income": "496", "EBIT": "52", "EBITDA": "-", "Reconciled Cost of Revenue": "28,921", "Reconciled Depreciation": "314", "Net Income from Continuing Operation Net Minority Interest": "446", "Total Unusual Items Excluding Goodwill": "-", "Total Unusual Items": "-", "Normalized EBITDA": "366", "Tax Rate for Calcs": "0", "Tax Effect of Unusual Items": "0"}, "12/31/2019": {"Duration": "12/31/2019", "Total Revenue": "63,333", "Cost of Revenue": "46,865", "Gross Profit": "16,468", "Operating Expense": "13,517", "Operating Income": "2,951", "Net Non Operating Interest Income Expense": "1,049", "Other Income Expense": "-", "Pretax Income": "4,000", "Tax Provision": "154", "Net Income Common Stockholders": "3,846", "Diluted NI Available to Com Stockholders": "3,846", "Basic EPS": "0.20", "Diluted EPS": "0.20", "Basic Average Shares": "18,977", "Diluted Average Shares": "19,026", "Total Operating Income as Reported": "2,951", "Total Expenses": "60,382", "Net Income from Continuing & Discontinued Operation": "3,846", "Normalized Income": "3,846", "Interest Income": "1,049", "Net Interest Income": "1,049", "EBIT": "2,951", "EBITDA": "-", "Reconciled Cost of Revenue": "46,865", "Reconciled Depreciation": "294", "Net Income from Continuing Operation Net Minority Interest": "3,846", "Total Unusual Items Excluding Goodwill": "0", "Total Unusual Items": "0", "Normalized EBITDA": "3,245", "Tax Rate for Calcs": "0", "Tax Effect of Unusual Items": "0"}, "12/31/2018": {"Duration": "12/31/2018", "Total Revenue": "69,549", "Cost of Revenue": "57,604", "Gross Profit": "11,945", "Operating Expense": "12,011", "Operating Income": "-66", "Net Non Operating Interest Income Expense": "965", "Other Income Expense": "-10,000", "Pretax Income": "-9,101", "Tax Provision": "-1", "Net Income Common Stockholders": "-9,100", "Diluted NI Available to Com Stockholders": "-9,100", "Basic EPS": "-0.48", "Diluted EPS": "-0.48", "Basic Average Shares": "18,826", "Diluted Average Shares": "18,826", "Total Operating Income as Reported": "-10,066", "Total Expenses": "69,615", "Net Income from Continuing & Discontinued Operation": "-9,100", "Normalized Income": "898.9012", "Interest Income": "965", "Net Interest Income": "965", "EBIT": "-66", "EBITDA": "-", "Reconciled Cost of Revenue": "56,966", "Reconciled Depreciation": "638", "Net Income from Continuing Operation Net Minority Interest": "-9,100", "Total Unusual Items Excluding Goodwill": "-10,000", "Total Unusual Items": "-10,000", "Normalized EBITDA": "10,572", "Tax Rate for Calcs": "0", "Tax Effect of Unusual Items": "-1.0988"}}, "bs": {"12/31/2020": {"Duration": "12/31/2020", "Total Assets": "39,266", "Total Liabilities Net Minority Interest": "4,830", "Total Equity Gross Minority Interest": "34,436", "Total Capitalization": "34,436", "Common Stock Equity": "34,436", "Capital Lease Obligations": "58", "Net Tangible Assets": "34,436", "Working Capital": "33,693", "Invested Capital": "34,436", "Tangible Book Value": "34,436", "Total Debt": "58", "Share Issued": "19,973", "Ordinary Shares Number": "19,490", "Treasury Shares Number": "483"}, "12/31/2019": {"Duration": "12/31/2019", "Total Assets": "38,040", "Total Liabilities Net Minority Interest": "4,873", "Total Equity Gross Minority Interest": "33,167", "Total Capitalization": "33,167", "Common Stock Equity": "33,167", "Capital Lease Obligations": "68", "Net Tangible Assets": "32,917", "Working Capital": "32,459", "Invested Capital": "33,167", "Tangible Book Value": "32,917", "Total Debt": "68", "Share Issued": "19,537", "Ordinary Shares Number": "19,054", "Treasury Shares Number": "482.914"}, "12/31/2018": {"Duration": "12/31/2018", "Total Assets": "64,600", "Total Liabilities Net Minority Interest": "16,704", "Total Equity Gross Minority Interest": "47,896", "Total Capitalization": "47,896", "Common Stock Equity": "47,896", "Capital Lease Obligations": "-", "Net Tangible Assets": "47,646", "Working Capital": "47,036", "Invested Capital": "47,896", "Tangible Book Value": "47,646", "Total Debt": "-", "Share Issued": "19,438", "Ordinary Shares Number": "18,955", "Treasury Shares Number": "482.914"}}, "cf": {"TTM": {"Duration": "TTM", "Operating Cash Flow": "4,268", "Investing Cash Flow": "-1,071", "Financing Cash Flow": "228", "End Cash Position": "13,526", "Income Tax Paid Supplemental Data": "135", "Capital Expenditure": "-896", "Issuance of Capital Stock": "-", "Repurchase of Capital Stock": "-", "Free Cash Flow": "3,372"}, "12/31/2020": {"Duration": "12/31/2020", "Operating Cash Flow": "4,268", "Investing Cash Flow": "-1,071", "Financing Cash Flow": "228", "End Cash Position": "13,526", "Income Tax Paid Supplemental Data": "135", "Capital Expenditure": "-896", "Issuance of Capital Stock": "-", "Repurchase of Capital Stock": "-", "Free Cash Flow": "3,372"}, "12/31/2019": {"Duration": "12/31/2019", "Operating Cash Flow": "-4,052", "Investing Cash Flow": "8,014", "Financing Cash Flow": "-19,006", "End Cash Position": "10,087", "Income Tax Paid Supplemental Data": "98", "Capital Expenditure": "-124", "Issuance of Capital Stock": "-", "Repurchase of Capital Stock": "-", "Free Cash Flow": "-4,176"}, "12/31/2018": {"Duration": "12/31/2018", "Operating Cash Flow": "796", "Investing Cash Flow": "6,347", "Financing Cash Flow": "257", "End Cash Position": "25,182", "Income Tax Paid Supplemental Data": "72", "Capital Expenditure": "-208", "Issuance of Capital Stock": "-", "Repurchase of Capital Stock": "0", "Free Cash Flow": "588"}}}}, {"STVI": {"quote": {"05/12/2021": {"value": "", "Net Assets": "N/A", "Beta (5Y Monthly)": "N/A", "Yield": "N/A", "5y Average Return": "N/A", "Holdings Turnover": "N/A", "Last Dividend": "N/A", "Average for Category": "N/A", "Inception Date": "N/A"}}, "fin": {}, "bs": {}, "cf": {}}}, {"ITNF": {"quote": {"05/12/2021": {"value": "0.0100", "Market Cap": "1.012M", "Beta (5Y Monthly)": "-2.86", "PE Ratio (TTM)": "N/A", "EPS (TTM)": "-0.0000", "Earnings Date": "N/A", "Forward Dividend & Yield": "N/A (4.85%)", "Ex-Dividend Date": "N/A", "1y Target Est": "N/A"}}, "fin": {}, "bs": {}, "cf": {}}}, {"INOD": {"quote": {"05/12/2021": {"value": "6.07", "Market Cap": "159.743M", "Beta (5Y Monthly)": "N/A", "PE Ratio (TTM)": "155.64", "EPS (TTM)": "0.04", "Earnings Date": "May 06, 2021", "Forward Dividend & Yield": "N/A (N/A)", "Ex-Dividend Date": "N/A", "1y Target Est": "5.00"}}, "fin": {"TTM": {"Duration": "TTM", "Total Revenue": "58,240", "Cost of Revenue": "38,398", "Gross Profit": "19,842", "Operating Expense": "18,662", "Operating Income": "1,180", "Net Non Operating Interest Income Expense": "-135", "Other Income Expense": "-48", "Pretax Income": "1,045", "Tax Provision": "401", "Net Income Common Stockholders": "617", "Diluted NI Available to Com Stockholders": "617", "Basic EPS": "-", "Diluted EPS": "-", "Basic Average Shares": "-", "Diluted Average Shares": "-", "Total Operating Income as Reported": "-", "Total Expenses": "57,060", "Net Income from Continuing & Discontinued Operation": "617", "Normalized Income": "617", "Interest Income": "-", "Interest Expense": "135", "Net Interest Income": "-135", "EBIT": "1,180", "EBITDA": "3,446", "Reconciled Cost of Revenue": "38,398", "Reconciled Depreciation": "2,266", "Net Income from Continuing Operation Net Minority Interest": "617", "Total Unusual Items Excluding Goodwill": "-48", "Total Unusual Items": "-48", "Normalized EBITDA": "3,446", "Tax Rate for Calcs": "0", "Tax Effect of Unusual Items": "0"}, "12/31/2020": {"Duration": "12/31/2020", "Total Revenue": "58,240", "Cost of Revenue": "38,398", "Gross Profit": "19,842", "Operating Expense": "18,662", "Operating Income": "1,180", "Net Non Operating Interest Income Expense": "-135", "Other Income Expense": "-48", "Pretax Income": "1,045", "Tax Provision": "401", "Net Income Common Stockholders": "617", "Diluted NI Available to Com Stockholders": "617", "Basic EPS": "-", "Diluted EPS": "-", "Basic Average Shares": "-", "Diluted Average Shares": "-", "Total Operating Income as Reported": "-", "Total Expenses": "57,060", "Net Income from Continuing & Discontinued Operation": "617", "Normalized Income": "617", "Interest Income": "-", "Interest Expense": "135", "Net Interest Income": "-135", "EBIT": "1,180", "EBITDA": "-", "Reconciled Cost of Revenue": "38,398", "Reconciled Depreciation": "2,266", "Net Income from Continuing Operation Net Minority Interest": "617", "Total Unusual Items Excluding Goodwill": "-48", "Total Unusual Items": "-48", "Normalized EBITDA": "3,446", "Tax Rate for Calcs": "0", "Tax Effect of Unusual Items": "0"}, "12/31/2019": {"Duration": "12/31/2019", "Total Revenue": "55,858", "Cost of Revenue": "37,325", "Gross Profit": "18,533", "Operating Expense": "19,010", "Operating Income": "-477", "Net Non Operating Interest Income Expense": "-51", "Other Income Expense": "-", "Pretax Income": "-528", "Tax Provision": "1,091", "Net Income Common Stockholders": "-1,602", "Diluted NI Available to Com Stockholders": "-1,602", "Basic EPS": "-0.06", "Diluted EPS": "-0.06", "Basic Average Shares": "25,774", "Diluted Average Shares": "25,774", "Total Operating Income as Reported": "-", "Total Expenses": "56,335", "Net Income from Continuing & Discontinued Operation": "-1,602", "Normalized Income": "-1,602", "Interest Income": "-", "Interest Expense": "51", "Net Interest Income": "-51", "EBIT": "-477", "EBITDA": "-", "Reconciled Cost of Revenue": "37,325", "Reconciled Depreciation": "2,922", "Net Income from Continuing Operation Net Minority Interest": "-1,602", "Total Unusual Items Excluding Goodwill": "0", "Total Unusual Items": "0", "Normalized EBITDA": "2,445", "Tax Rate for Calcs": "0", "Tax Effect of Unusual Items": "0"}, "12/31/2018": {"Duration": "12/31/2018", "Total Revenue": "57,418", "Cost of Revenue": "39,045", "Gross Profit": "18,373", "Operating Expense": "15,846", "Operating Income": "2,527", "Net Non Operating Interest Income Expense": "-33", "Other Income Expense": "-675", "Pretax Income": "1,819", "Tax Provision": "1,808", "Net Income Common Stockholders": "4", "Diluted NI Available to Com Stockholders": "4", "Basic EPS": "0.00", "Diluted EPS": "0.00", "Basic Average Shares": "25,878", "Diluted Average Shares": "25,878", "Total Operating Income as Reported": "-", "Total Expenses": "54,891", "Net Income from Continuing & Discontinued Operation": "4", "Normalized Income": "496.75", "Interest Income": "-33", "Interest Expense": "-", "Net Interest Income": "-33", "EBIT": "2,527", "EBITDA": "-", "Reconciled Cost of Revenue": "39,045", "Reconciled Depreciation": "3,374", "Net Income from Continuing Operation Net Minority Interest": "4", "Total Unusual Items Excluding Goodwill": "-675", "Total Unusual Items": "-675", "Normalized EBITDA": "6,576", "Tax Rate for Calcs": "0", "Tax Effect of Unusual Items": "-182.25"}}, "bs": {"12/31/2020": {"Duration": "12/31/2020", "Total Assets": "57,254", "Total Liabilities Net Minority Interest": "27,614", "Total Equity Gross Minority Interest": "29,640", "Total Capitalization": "29,640", "Common Stock Equity": "29,640", "Capital Lease Obligations": "7,322", "Net Tangible Assets": "22,834", "Working Capital": "13,515", "Invested Capital": "29,640", "Tangible Book Value": "22,834", "Total Debt": "7,322", "Share Issued": "28,984", "Ordinary Shares Number": "25,800", "Treasury Shares Number": "3,184"}, "12/31/2019": {"Duration": "12/31/2019", "Total Assets": "49,746", "Total Liabilities Net Minority Interest": "23,437", "Total Equity Gross Minority Interest": "26,309", "Total Capitalization": "26,309", "Common Stock Equity": "26,309", "Capital Lease Obligations": "7,838", "Net Tangible Assets": "18,724", "Working Capital": "8,789", "Invested Capital": "26,309", "Tangible Book Value": "18,724", "Total Debt": "7,838", "Share Issued": "27,643", "Ordinary Shares Number": "24,459", "Treasury Shares Number": "3,184"}, "12/31/2018": {"Duration": "12/31/2018", "Total Assets": "46,051", "Total Liabilities Net Minority Interest": "15,485", "Total Equity Gross Minority Interest": "30,566", "Total Capitalization": "30,566", "Common Stock Equity": "30,566", "Capital Lease Obligations": "-", "Net Tangible Assets": "22,241", "Working Capital": "12,981", "Invested Capital": "30,566", "Tangible Book Value": "22,241", "Total Debt": "5,591", "Share Issued": "27,559", "Ordinary Shares Number": "25,878", "Treasury Shares Number": "1,681"}}, "cf": {"TTM": {"Duration": "TTM", "Operating Cash Flow": "5,660", "Investing Cash Flow": "-1,375", "Financing Cash Flow": "2,312", "End Cash Position": "17,573", "Income Tax Paid Supplemental Data": "348", "Interest Paid Supplemental Data": "141", "Capital Expenditure": "-1,414", "Issuance of Debt": "580", "Repayment of Debt": "-864", "Repurchase of Capital Stock": "0", "Free Cash Flow": "4,246"}, "12/31/2020": {"Duration": "12/31/2020", "Operating Cash Flow": "5,660", "Investing Cash Flow": "-1,375", "Financing Cash Flow": "2,312", "End Cash Position": "17,573", "Income Tax Paid Supplemental Data": "348", "Interest Paid Supplemental Data": "141", "Capital Expenditure": "-1,414", "Issuance of Debt": "580", "Repayment of Debt": "-864", "Repurchase of Capital Stock": "0", "Free Cash Flow": "4,246"}, "12/31/2019": {"Duration": "12/31/2019", "Operating Cash Flow": "4,853", "Investing Cash Flow": "-1,769", "Financing Cash Flow": "-2,870", "End Cash Position": "10,874", "Income Tax Paid Supplemental Data": "962", "Interest Paid Supplemental Data": "-", "Capital Expenditure": "-1,769", "Issuance of Debt": "-", "Repayment of Debt": "-1,038", "Repurchase of Capital Stock": "-1,843", "Free Cash Flow": "3,084"}, "12/31/2018": {"Duration": "12/31/2018", "Operating Cash Flow": "3,604", "Investing Cash Flow": "-2,033", "Financing Cash Flow": "-2,027", "End Cash Position": "10,869", "Income Tax Paid Supplemental Data": "680", "Interest Paid Supplemental Data": "-", "Capital Expenditure": "-2,033", "Issuance of Debt": "0", "Repayment of Debt": "-2,025", "Repurchase of Capital Stock": "-", "Free Cash Flow": "1,571"}}}}, {"BVSN": {"fin": {}, "bs": {}, "cf": {}}}, {"ULTI": {"fin": {}, "bs": {}, "cf": {}}}, {"INXN": {"fin": {}, "bs": {}, "cf": {}}}, {"TNAV": {"fin": {}, "bs": {}, "cf": {}}}]