[{"PANW": {"quote": {"05/12/2021": {"value": "335.09", "Market Cap": "32.585B", "Beta (5Y Monthly)": "1.40", "PE Ratio (TTM)": "N/A", "EPS (TTM)": "-3.84", "Earnings Date": "May 20, 2021", "Forward Dividend & Yield": "N/A (N/A)", "Ex-Dividend Date": "N/A", "1y Target Est": "447.65"}}, "fin": {"TTM": {"Duration": "TTM", "Total Revenue": "3,782,700", "Cost of Revenue": "1,134,100", "Gross Profit": "2,648,600", "Operating Expense": "2,856,200", "Operating Income": "-207,600", "Net Non Operating Interest Income Expense": "-114,800", "Other Income Expense": "-6,100", "Pretax Income": "-328,500", "Tax Provision": "39,700", "Net Income Common Stockholders": "-368,200", "Diluted NI Available to Com Stockholders": "-368,200", "Basic EPS": "-", "Diluted EPS": "-", "Basic Average Shares": "-", "Diluted Average Shares": "-", "Total Operating Income as Reported": "-207,600", "Total Expenses": "3,990,300", "Net Income from Continuing & Discontinued Operation": "-368,200", "Normalized Income": "-364,420", "Interest Income": "16,900", "Interest Expense": "131,700", "Net Interest Income": "-114,800", "EBIT": "-196,800", "EBITDA": "86,800", "Reconciled Cost of Revenue": "1,134,100", "Reconciled Depreciation": "283,600", "Net Income from Continuing Operation Net Minority Interest": "-368,200", "Total Unusual Items Excluding Goodwill": "-6,300", "Total Unusual Items": "-6,300", "Normalized EBITDA": "93,100", "Tax Rate for Calcs": "0", "Tax Effect of Unusual Items": "-2,520"}, "7/31/2020": {"Duration": "7/31/2020", "Total Revenue": "3,408,400", "Cost of Revenue": "999,500", "Gross Profit": "2,408,900", "Operating Expense": "2,587,900", "Operating Income": "-179,000", "Net Non Operating Interest Income Expense": "-47,300", "Other Income Expense": "-5,500", "Pretax Income": "-231,800", "Tax Provision": "35,200", "Net Income Common Stockholders": "-267,000", "Diluted NI Available to Com Stockholders": "-267,000", "Basic EPS": "-2.76", "Diluted EPS": "-2.76", "Basic Average Shares": "96,900", "Diluted Average Shares": "96,900", "Total Operating Income as Reported": "-179,000", "Total Expenses": "3,587,400", "Net Income from Continuing & Discontinued Operation": "-267,000", "Normalized Income": "-262,109", "Interest Income": "41,400", "Interest Expense": "88,700", "Net Interest Income": "-47,300", "EBIT": "-143,100", "EBITDA": "-", "Reconciled Cost of Revenue": "999,500", "Reconciled Depreciation": "253,500", "Net Income from Continuing Operation Net Minority Interest": "-267,000", "Total Unusual Items Excluding Goodwill": "-6,700", "Total Unusual Items": "-6,700", "Normalized EBITDA": "117,100", "Tax Rate for Calcs": "0", "Tax Effect of Unusual Items": "-1,809"}, "7/31/2019": {"Duration": "7/31/2019", "Total Revenue": "2,899,600", "Cost of Revenue": "808,400", "Gross Profit": "2,091,200", "Operating Expense": "2,145,300", "Operating Income": "-54,100", "Net Non Operating Interest Income Expense": "-14,100", "Other Income Expense": "-6,400", "Pretax Income": "-74,600", "Tax Provision": "7,300", "Net Income Common Stockholders": "-81,900", "Diluted NI Available to Com Stockholders": "-81,900", "Basic EPS": "-0.87", "Diluted EPS": "-0.87", "Basic Average Shares": "94,500", "Diluted Average Shares": "94,500", "Total Operating Income as Reported": "-54,100", "Total Expenses": "2,953,700", "Net Income from Continuing & Discontinued Operation": "-81,900", "Normalized Income": "-79,345", "Interest Income": "69,800", "Interest Expense": "83,900", "Net Interest Income": "-14,100", "EBIT": "9,300", "EBITDA": "-", "Reconciled Cost of Revenue": "808,400", "Reconciled Depreciation": "153,800", "Net Income from Continuing Operation Net Minority Interest": "-81,900", "Total Unusual Items Excluding Goodwill": "-3,500", "Total Unusual Items": "-3,500", "Normalized EBITDA": "166,600", "Tax Rate for Calcs": "0", "Tax Effect of Unusual Items": "-945"}, "7/31/2018": {"Duration": "7/31/2018", "Total Revenue": "2,273,100", "Cost of Revenue": "645,300", "Gross Profit": "1,627,800", "Operating Expense": "1,756,900", "Operating Income": "-129,100", "Net Non Operating Interest Income Expense": "-2,500", "Other Income Expense": "1,400", "Pretax Income": "-130,200", "Tax Provision": "17,700", "Net Income Common Stockholders": "-147,900", "Diluted NI Available to Com Stockholders": "-147,900", "Basic EPS": "-1.61", "Diluted EPS": "-1.61", "Basic Average Shares": "91,700", "Diluted Average Shares": "91,700", "Total Operating Income as Reported": "-129,100", "Total Expenses": "2,402,200", "Net Income from Continuing & Discontinued Operation": "-147,900", "Normalized Income": "-149,141", "Interest Income": "27,100", "Interest Expense": "29,600", "Net Interest Income": "-2,500", "EBIT": "-100,600", "EBITDA": "-", "Reconciled Cost of Revenue": "645,300", "Reconciled Depreciation": "96,400", "Net Income from Continuing Operation Net Minority Interest": "-147,900", "Total Unusual Items Excluding Goodwill": "1,700", "Total Unusual Items": "1,700", "Normalized EBITDA": "-5,900", "Tax Rate for Calcs": "0", "Tax Effect of Unusual Items": "459"}}, "bs": {"7/31/2020": {"Duration": "7/31/2020", "Total Assets": "9,065,400", "Total Liabilities Net Minority Interest": "7,963,600", "Total Equity Gross Minority Interest": "1,101,800", "Total Capitalization": "4,185,900", "Common Stock Equity": "1,101,800", "Capital Lease Obligations": "336,600", "Net Tangible Assets": "-1,069,300", "Working Capital": "2,437,500", "Invested Capital": "4,185,900", "Tangible Book Value": "-1,069,300", "Total Debt": "3,420,700", "Net Debt": "126,100", "Share Issued": "96,300", "Ordinary Shares Number": "96,300"}, "7/31/2019": {"Duration": "7/31/2019", "Total Assets": "6,592,200", "Total Liabilities Net Minority Interest": "5,005,900", "Total Equity Gross Minority Interest": "1,586,300", "Total Capitalization": "3,016,300", "Common Stock Equity": "1,586,300", "Capital Lease Obligations": "-", "Net Tangible Assets": "-46,600", "Working Capital": "1,611,500", "Invested Capital": "3,016,300", "Tangible Book Value": "-46,600", "Total Debt": "1,430,000", "Net Debt": "468,600", "Share Issued": "96,800", "Ordinary Shares Number": "96,800"}, "7/31/2018": {"Duration": "7/31/2018", "Total Assets": "5,823,000", "Total Liabilities Net Minority Interest": "4,856,600", "Total Equity Gross Minority Interest": "966,400", "Total Capitalization": "2,336,100", "Common Stock Equity": "966,400", "Capital Lease Obligations": "-", "Net Tangible Assets": "302,800", "Working Capital": "1,992,600", "Invested Capital": "2,886,500", "Tangible Book Value": "302,800", "Total Debt": "1,920,100", "Net Debt": "-", "Share Issued": "93,600", "Ordinary Shares Number": "93,600"}}, "cf": {"TTM": {"Duration": "TTM", "Operating Cash Flow": "1,403,000", "Investing Cash Flow": "-1,663,500", "Financing Cash Flow": "376,300", "End Cash Position": "2,120,600", "Income Tax Paid Supplemental Data": "-", "Interest Paid Supplemental Data": "-", "Capital Expenditure": "-179,800", "Issuance of Debt": "-", "Repayment of Debt": "-", "Repurchase of Capital Stock": "-1,500,000", "Free Cash Flow": "1,223,200"}, "7/31/2020": {"Duration": "7/31/2020", "Operating Cash Flow": "1,035,700", "Investing Cash Flow": "288,000", "Financing Cash Flow": "673,000", "End Cash Position": "2,961,700", "Income Tax Paid Supplemental Data": "17,200", "Interest Paid Supplemental Data": "13,500", "Capital Expenditure": "-214,400", "Issuance of Debt": "1,979,100", "Repayment of Debt": "0", "Repurchase of Capital Stock": "-1,198,100", "Free Cash Flow": "821,300"}, "7/31/2019": {"Duration": "7/31/2019", "Operating Cash Flow": "1,055,600", "Investing Cash Flow": "-1,825,900", "Financing Cash Flow": "-773,900", "End Cash Position": "965,000", "Income Tax Paid Supplemental Data": "22,000", "Interest Paid Supplemental Data": "13,500", "Capital Expenditure": "-131,200", "Issuance of Debt": "0", "Repayment of Debt": "-477,400", "Repurchase of Capital Stock": "-330,000", "Free Cash Flow": "924,400"}, "7/31/2018": {"Duration": "7/31/2018", "Operating Cash Flow": "1,037,000", "Investing Cash Flow": "-520,000", "Financing Cash Flow": "1,245,600", "End Cash Position": "2,506,900", "Income Tax Paid Supplemental Data": "11,200", "Interest Paid Supplemental Data": "-", "Capital Expenditure": "-112,000", "Issuance of Debt": "1,682,400", "Repayment of Debt": "-", "Repurchase of Capital Stock": "-259,100", "Free Cash Flow": "925,000"}}}}, {"AEYE": {"quote": {"05/12/2021": {"value": "18.18", "Market Cap": "195.219M", "Beta (5Y Monthly)": "2.16", "PE Ratio (TTM)": "N/A", "EPS (TTM)": "-0.77", "Earnings Date": "May 13, 2021", "Forward Dividend & Yield": "N/A (N/A)", "Ex-Dividend Date": "N/A", "1y Target Est": "38.00"}}, "fin": {"TTM": {"Duration": "TTM", "Total Revenue": "20,475", "Cost of Revenue": "5,961", "Gross Profit": "14,514", "Operating Expense": "21,647", "Operating Income": "-7,133", "Net Non Operating Interest Income Expense": "-145", "Other Income Expense": "120", "Pretax Income": "-7,158", "Net Income Common Stockholders": "-7,209", "Diluted NI Available to Com Stockholders": "-7,209", "Basic EPS": "-", "Diluted EPS": "-", "Basic Average Shares": "-", "Diluted Average Shares": "-", "Total Operating Income as Reported": "-7,133", "Total Expenses": "27,608", "Net Income from Continuing & Discontinued Operation": "-7,158", "Normalized Income": "-7,278", "Interest Expense": "145", "Net Interest Income": "-145", "EBIT": "-7,013", "EBITDA": "-5,840", "Reconciled Cost of Revenue": "5,961", "Reconciled Depreciation": "1,173", "Net Income from Continuing Operation Net Minority Interest": "-7,158", "Total Unusual Items Excluding Goodwill": "120", "Total Unusual Items": "120", "Normalized EBITDA": "-5,960", "Tax Rate for Calcs": "0", "Tax Effect of Unusual Items": "0"}, "12/31/2020": {"Duration": "12/31/2020", "Total Revenue": "20,475", "Cost of Revenue": "5,961", "Gross Profit": "14,514", "Operating Expense": "21,647", "Operating Income": "-7,133", "Net Non Operating Interest Income Expense": "-145", "Other Income Expense": "120", "Pretax Income": "-7,158", "Net Income Common Stockholders": "-7,209", "Diluted NI Available to Com Stockholders": "-7,209", "Basic EPS": "-", "Diluted EPS": "-", "Basic Average Shares": "-", "Diluted Average Shares": "-", "Total Operating Income as Reported": "-7,133", "Total Expenses": "27,608", "Net Income from Continuing & Discontinued Operation": "-7,158", "Normalized Income": "-7,278", "Interest Expense": "145", "Net Interest Income": "-145", "EBIT": "-7,013", "EBITDA": "-", "Reconciled Cost of Revenue": "5,961", "Reconciled Depreciation": "1,173", "Net Income from Continuing Operation Net Minority Interest": "-7,158", "Total Unusual Items Excluding Goodwill": "120", "Total Unusual Items": "120", "Normalized EBITDA": "-5,960", "Tax Rate for Calcs": "0", "Tax Effect of Unusual Items": "0"}, "12/31/2019": {"Duration": "12/31/2019", "Total Revenue": "10,765", "Cost of Revenue": "4,383", "Gross Profit": "6,382", "Operating Expense": "14,200", "Operating Income": "-7,818", "Net Non Operating Interest Income Expense": "-75.883", "Other Income Expense": "110.409", "Pretax Income": "-7,783", "Net Income Common Stockholders": "-7,836", "Diluted NI Available to Com Stockholders": "-7,836", "Basic EPS": "-0.97", "Diluted EPS": "-0.97", "Basic Average Shares": "8,107", "Diluted Average Shares": "8,107", "Total Operating Income as Reported": "-7,818", "Total Expenses": "18,583", "Net Income from Continuing & Discontinued Operation": "-7,783", "Normalized Income": "-7,882", "Interest Expense": "-", "Net Interest Income": "-75.883", "EBIT": "-7,818", "EBITDA": "-", "Reconciled Cost of Revenue": "4,383", "Reconciled Depreciation": "722.521", "Net Income from Continuing Operation Net Minority Interest": "-7,783", "Total Unusual Items Excluding Goodwill": "98.409", "Total Unusual Items": "98.409", "Normalized EBITDA": "-7,194", "Tax Rate for Calcs": "0", "Tax Effect of Unusual Items": "0"}, "12/31/2018": {"Duration": "12/31/2018", "Total Revenue": "5,660", "Cost of Revenue": "2,627", "Gross Profit": "3,034", "Operating Expense": "7,607", "Operating Income": "-4,574", "Net Non Operating Interest Income Expense": "-178.002", "Other Income Expense": "-268.052", "Pretax Income": "-5,020", "Net Income Common Stockholders": "-5,074", "Diluted NI Available to Com Stockholders": "-5,074", "Basic EPS": "-0.74", "Diluted EPS": "-0.74", "Basic Average Shares": "6,892", "Diluted Average Shares": "6,892", "Total Operating Income as Reported": "-4,574", "Total Expenses": "10,234", "Net Income from Continuing & Discontinued Operation": "-5,020", "Normalized Income": "-4,752", "Interest Expense": "-", "Net Interest Income": "-178.002", "EBIT": "-4,574", "EBITDA": "-", "Reconciled Cost of Revenue": "2,627", "Reconciled Depreciation": "551.335", "Net Income from Continuing Operation Net Minority Interest": "-5,020", "Total Unusual Items Excluding Goodwill": "-268.052", "Total Unusual Items": "-268.052", "Normalized EBITDA": "-3,754", "Tax Rate for Calcs": "0", "Tax Effect of Unusual Items": "0"}}, "bs": {"12/31/2020": {"Duration": "12/31/2020", "Total Assets": "18,254", "Total Liabilities Net Minority Interest": "10,620", "Total Equity Gross Minority Interest": "7,634", "Total Capitalization": "8,717", "Preferred Stock Equity": "1", "Common Stock Equity": "7,633", "Capital Lease Obligations": "717", "Net Tangible Assets": "4,796", "Working Capital": "5,616", "Invested Capital": "8,935", "Tangible Book Value": "4,795", "Total Debt": "2,019", "Share Issued": "10,130", "Ordinary Shares Number": "10,130"}, "12/31/2019": {"Duration": "12/31/2019", "Total Assets": "9,152", "Total Liabilities Net Minority Interest": "7,588", "Total Equity Gross Minority Interest": "1,565", "Total Capitalization": "1,565", "Preferred Stock Equity": "0.001", "Common Stock Equity": "1,565", "Capital Lease Obligations": "968.453", "Net Tangible Assets": "-851.064", "Working Capital": "-1,119", "Invested Capital": "1,565", "Tangible Book Value": "-851.065", "Total Debt": "968.453", "Share Issued": "8,877", "Ordinary Shares Number": "8,877"}, "12/31/2018": {"Duration": "12/31/2018", "Total Assets": "9,104", "Total Liabilities Net Minority Interest": "3,229", "Total Equity Gross Minority Interest": "5,875", "Total Capitalization": "5,875", "Preferred Stock Equity": "0.001", "Common Stock Equity": "5,875", "Capital Lease Obligations": "81.322", "Net Tangible Assets": "3,113", "Working Capital": "3,371", "Invested Capital": "5,875", "Tangible Book Value": "3,113", "Total Debt": "81.322", "Share Issued": "7,580", "Ordinary Shares Number": "7,580"}}, "cf": {"TTM": {"Duration": "TTM", "Operating Cash Flow": "-1,906", "Investing Cash Flow": "-1,298", "Financing Cash Flow": "10,327", "End Cash Position": "9,095", "Income Tax Paid Supplemental Data": "0", "Interest Paid Supplemental Data": "6", "Capital Expenditure": "-1,298", "Issuance of Capital Stock": "7,824", "Issuance of Debt": "1,302", "Repayment of Debt": "-63", "Free Cash Flow": "-3,204"}, "12/31/2020": {"Duration": "12/31/2020", "Operating Cash Flow": "-1,906", "Investing Cash Flow": "-1,298", "Financing Cash Flow": "10,327", "End Cash Position": "9,095", "Income Tax Paid Supplemental Data": "0", "Interest Paid Supplemental Data": "6", "Capital Expenditure": "-1,298", "Issuance of Capital Stock": "7,824", "Issuance of Debt": "1,302", "Repayment of Debt": "-63", "Free Cash Flow": "-3,204"}, "12/31/2019": {"Duration": "12/31/2019", "Operating Cash Flow": "-5,616", "Investing Cash Flow": "-363.146", "Financing Cash Flow": "2,210", "End Cash Position": "1,972", "Income Tax Paid Supplemental Data": "-", "Interest Paid Supplemental Data": "5.845", "Capital Expenditure": "-363.146", "Issuance of Capital Stock": "0", "Issuance of Debt": "0", "Repayment of Debt": "-47.044", "Free Cash Flow": "-5,979"}, "12/31/2018": {"Duration": "12/31/2018", "Operating Cash Flow": "-1,644", "Investing Cash Flow": "-425.783", "Financing Cash Flow": "5,851", "End Cash Position": "5,742", "Income Tax Paid Supplemental Data": "0", "Interest Paid Supplemental Data": "3.491", "Capital Expenditure": "-425.783", "Issuance of Capital Stock": "5,609", "Issuance of Debt": "224.975", "Repayment of Debt": "-14.184", "Free Cash Flow": "-2,070"}}}}, {"BBOX": {"quote": {"05/12/2021": {"value": "", "Net Assets": "N/A", "Beta (5Y Monthly)": "N/A", "Yield": "N/A", "5y Average Return": "N/A", "Holdings Turnover": "N/A", "Last Dividend": "N/A", "Average for Category": "N/A", "Inception Date": "N/A"}}, "fin": {}, "bs": {}, "cf": {}}}, {"CSCO": {"quote": {"05/12/2021": {"value": "51.60", "Market Cap": "217.844B", "Beta (5Y Monthly)": "0.90", "PE Ratio (TTM)": "21.59", "EPS (TTM)": "2.39", "Earnings Date": "Aug 10, 2021 - Aug 16, 2021", "Forward Dividend & Yield": "1.48 (2.80%)", "Ex-Dividend Date": "Apr 05, 2021", "1y Target Est": "54.19"}}, "fin": {"TTM": {"Duration": "TTM", "Total Revenue": "48,026,000", "Cost of Revenue": "17,206,000", "Gross Profit": "30,820,000", "Operating Expense": "17,275,000", "Operating Income": "13,545,000", "Net Non Operating Interest Income Expense": "266,000", "Other Income Expense": "-1,125,000", "Pretax Income": "12,686,000", "Tax Provision": "2,557,000", "Net Income Common Stockholders": "10,129,000", "Diluted NI Available to Com Stockholders": "10,129,000", "Basic EPS": "-", "Diluted EPS": "-", "Basic Average Shares": "-", "Diluted Average Shares": "-", "Total Operating Income as Reported": "12,454,000", "Total Expenses": "34,481,000", "Net Income from Continuing & Discontinued Operation": "10,129,000", "Normalized Income": "10,945,803", "Interest Income": "740,000", "Interest Expense": "474,000", "Net Interest Income": "266,000", "EBIT": "13,160,000", "EBITDA": "14,937,000", "Reconciled Cost of Revenue": "15,571,000", "Reconciled Depreciation": "1,777,000", "Net Income from Continuing Operation Net Minority Interest": "10,129,000", "Total Unusual Items Excluding Goodwill": "-1,023,000", "Total Unusual Items": "-1,023,000", "Normalized EBITDA": "15,960,000", "Tax Rate for Calcs": "0", "Tax Effect of Unusual Items": "-206,197"}, "7/31/2020": {"Duration": "7/31/2020", "Total Revenue": "49,301,000", "Cost of Revenue": "17,618,000", "Gross Profit": "31,683,000", "Operating Expense": "17,582,000", "Operating Income": "14,101,000", "Net Non Operating Interest Income Expense": "335,000", "Other Income Expense": "-466,000", "Pretax Income": "13,970,000", "Tax Provision": "2,756,000", "Net Income Common Stockholders": "11,214,000", "Diluted NI Available to Com Stockholders": "11,214,000", "Basic EPS": "2.65", "Diluted EPS": "2.64", "Basic Average Shares": "4,236,000", "Diluted Average Shares": "4,254,000", "Total Operating Income as Reported": "13,620,000", "Total Expenses": "35,200,000", "Net Income from Continuing & Discontinued Operation": "11,214,000", "Normalized Income": "11,494,247", "Interest Income": "920,000", "Interest Expense": "585,000", "Net Interest Income": "335,000", "EBIT": "14,555,000", "EBITDA": "-", "Reconciled Cost of Revenue": "15,951,000", "Reconciled Depreciation": "1,808,000", "Net Income from Continuing Operation Net Minority Interest": "11,214,000", "Total Unusual Items Excluding Goodwill": "-349,000", "Total Unusual Items": "-349,000", "Normalized EBITDA": "16,712,000", "Tax Rate for Calcs": "0", "Tax Effect of Unusual Items": "-68,753"}, "7/31/2019": {"Duration": "7/31/2019", "Total Revenue": "51,904,000", "Cost of Revenue": "19,238,000", "Gross Profit": "32,666,000", "Operating Expense": "18,125,000", "Operating Income": "14,541,000", "Net Non Operating Interest Income Expense": "449,000", "Other Income Expense": "-419,000", "Pretax Income": "14,571,000", "Tax Provision": "2,950,000", "Net Income Common Stockholders": "11,621,000", "Diluted NI Available to Com Stockholders": "11,621,000", "Basic EPS": "2.63", "Diluted EPS": "2.61", "Basic Average Shares": "4,419,000", "Diluted Average Shares": "4,453,000", "Total Operating Income as Reported": "14,219,000", "Total Expenses": "37,363,000", "Net Income from Continuing & Discontinued Operation": "11,621,000", "Normalized Income": "11,885,936", "Interest Income": "1,308,000", "Interest Expense": "859,000", "Net Interest Income": "449,000", "EBIT": "15,430,000", "EBITDA": "-", "Reconciled Cost of Revenue": "17,491,000", "Reconciled Depreciation": "1,897,000", "Net Income from Continuing Operation Net Minority Interest": "11,621,000", "Total Unusual Items Excluding Goodwill": "-332,000", "Total Unusual Items": "-332,000", "Normalized EBITDA": "17,659,000", "Tax Rate for Calcs": "0", "Tax Effect of Unusual Items": "-67,064"}, "7/31/2018": {"Duration": "7/31/2018", "Total Revenue": "49,330,000", "Cost of Revenue": "18,724,000", "Gross Profit": "30,606,000", "Operating Expense": "17,939,000", "Operating Income": "12,667,000", "Net Non Operating Interest Income Expense": "565,000", "Other Income Expense": "-193,000", "Pretax Income": "13,039,000", "Tax Provision": "12,929,000", "Net Income Common Stockholders": "110,000", "Diluted NI Available to Com Stockholders": "110,000", "Basic EPS": "0.02", "Diluted EPS": "0.02", "Basic Average Shares": "4,837,000", "Diluted Average Shares": "4,881,000", "Total Operating Income as Reported": "12,309,000", "Total Expenses": "36,663,000", "Net Income from Continuing & Discontinued Operation": "110,000", "Normalized Income": "153,800", "Interest Income": "1,508,000", "Interest Expense": "943,000", "Net Interest Income": "565,000", "EBIT": "13,982,000", "EBITDA": "-", "Reconciled Cost of Revenue": "16,753,000", "Reconciled Depreciation": "2,192,000", "Net Income from Continuing Operation Net Minority Interest": "110,000", "Total Unusual Items Excluding Goodwill": "-60,000", "Total Unusual Items": "-60,000", "Normalized EBITDA": "16,234,000", "Tax Rate for Calcs": "0", "Tax Effect of Unusual Items": "-16,200"}}, "bs": {"7/31/2020": {"Duration": "7/31/2020", "Total Assets": "94,853,000", "Total Liabilities Net Minority Interest": "56,933,000", "Total Equity Gross Minority Interest": "37,920,000", "Total Capitalization": "49,498,000", "Common Stock Equity": "37,920,000", "Net Tangible Assets": "2,538,000", "Working Capital": "18,242,000", "Invested Capital": "52,503,000", "Tangible Book Value": "2,538,000", "Total Debt": "14,583,000", "Net Debt": "2,774,000", "Share Issued": "4,237,000", "Ordinary Shares Number": "4,237,000"}, "7/31/2019": {"Duration": "7/31/2019", "Total Assets": "97,793,000", "Total Liabilities Net Minority Interest": "64,222,000", "Total Equity Gross Minority Interest": "33,571,000", "Total Capitalization": "48,046,000", "Common Stock Equity": "33,571,000", "Net Tangible Assets": "-2,159,000", "Working Capital": "16,043,000", "Invested Capital": "58,237,000", "Tangible Book Value": "-2,159,000", "Total Debt": "24,666,000", "Net Debt": "12,916,000", "Share Issued": "4,250,000", "Ordinary Shares Number": "4,250,000"}, "7/31/2018": {"Duration": "7/31/2018", "Total Assets": "108,784,000", "Total Liabilities Net Minority Interest": "65,580,000", "Total Equity Gross Minority Interest": "43,204,000", "Total Capitalization": "63,535,000", "Common Stock Equity": "43,204,000", "Net Tangible Assets": "8,946,000", "Working Capital": "34,802,000", "Invested Capital": "68,773,000", "Tangible Book Value": "8,946,000", "Total Debt": "25,569,000", "Net Debt": "16,635,000", "Share Issued": "4,614,000", "Ordinary Shares Number": "4,614,000"}}, "cf": {"TTM": {"Duration": "TTM", "Operating Cash Flow": "15,109,000", "Investing Cash Flow": "-1,793,000", "Financing Cash Flow": "-10,012,000", "End Cash Position": "11,803,000", "Income Tax Paid Supplemental Data": "2,963,000", "Interest Paid Supplemental Data": "474,000", "Capital Expenditure": "-737,000", "Issuance of Capital Stock": "627,000", "Issuance of Debt": "-", "Repayment of Debt": "-1,500,000", "Repurchase of Capital Stock": "-3,187,000", "Free Cash Flow": "14,372,000"}, "7/31/2020": {"Duration": "7/31/2020", "Operating Cash Flow": "15,426,000", "Investing Cash Flow": "3,500,000", "Financing Cash Flow": "-18,886,000", "End Cash Position": "11,812,000", "Income Tax Paid Supplemental Data": "3,116,000", "Interest Paid Supplemental Data": "603,000", "Capital Expenditure": "-770,000", "Issuance of Capital Stock": "655,000", "Issuance of Debt": "0", "Repayment of Debt": "-6,720,000", "Repurchase of Capital Stock": "-3,386,000", "Free Cash Flow": "14,656,000"}, "7/31/2019": {"Duration": "7/31/2019", "Operating Cash Flow": "15,831,000", "Investing Cash Flow": "14,837,000", "Financing Cash Flow": "-27,889,000", "End Cash Position": "11,772,000", "Income Tax Paid Supplemental Data": "2,986,000", "Interest Paid Supplemental Data": "839,000", "Capital Expenditure": "-909,000", "Issuance of Capital Stock": "640,000", "Issuance of Debt": "2,250,000", "Repayment of Debt": "-6,780,000", "Repurchase of Capital Stock": "-21,579,000", "Free Cash Flow": "14,922,000"}, "7/31/2018": {"Duration": "7/31/2018", "Operating Cash Flow": "13,666,000", "Investing Cash Flow": "15,324,000", "Financing Cash Flow": "-31,764,000", "End Cash Position": "8,934,000", "Income Tax Paid Supplemental Data": "3,911,000", "Interest Paid Supplemental Data": "910,000", "Capital Expenditure": "-834,000", "Issuance of Capital Stock": "623,000", "Issuance of Debt": "6,877,000", "Repayment of Debt": "-12,375,000", "Repurchase of Capital Stock": "-18,250,000", "Free Cash Flow": "12,832,000"}}}}, {"SMCI": {"quote": {"03/26/2021": {"value": "38.17", "Market Cap": "1.93B", "Beta (5Y Monthly)": "1.47", "PE Ratio (TTM)": "23.32", "EPS (TTM)": "1.64", "Earnings Date": "May 05, 2021 - May 10, 2021", "Forward Dividend & Yield": "N/A (N/A)", "Ex-Dividend Date": "N/A", "1y Target Est": "42.75"}}}}, {"ELON": {"quote": {"05/12/2021": {"value": "", "Net Assets": "N/A", "Beta (5Y Monthly)": "N/A", "Yield": "N/A", "5y Average Return": "N/A", "Holdings Turnover": "N/A", "Last Dividend": "N/A", "Average for Category": "N/A", "Inception Date": "N/A"}}, "fin": {}, "bs": {}, "cf": {}}}, {"DGII": {"quote": {"05/12/2021": {"value": "17.21", "Market Cap": "585.648M", "Beta (5Y Monthly)": "1.66", "PE Ratio (TTM)": "60.17", "EPS (TTM)": "0.29", "Earnings Date": "Aug 04, 2021 - Aug 09, 2021", "Forward Dividend & Yield": "N/A (N/A)", "Ex-Dividend Date": "N/A", "1y Target Est": "25.93"}}, "fin": {"TTM": {"Duration": "TTM", "Total Revenue": "290,100", "Cost of Revenue": "135,573", "Gross Profit": "154,527", "Operating Expense": "142,023", "Operating Income": "12,504", "Net Non Operating Interest Income Expense": "-3,489", "Other Income Expense": "-1,372", "Pretax Income": "7,643", "Tax Provision": "-253", "Net Income Common Stockholders": "7,896", "Diluted NI Available to Com Stockholders": "7,896", "Basic EPS": "-", "Diluted EPS": "-", "Basic Average Shares": "-", "Diluted Average Shares": "-", "Total Operating Income as Reported": "11,654", "Total Expenses": "277,596", "Net Income from Continuing & Discontinued Operation": "7,896", "Normalized Income": "8,517", "Interest Income": "73", "Interest Expense": "3,562", "Net Interest Income": "-3,489", "EBIT": "11,205", "EBITDA": "31,937", "Reconciled Cost of Revenue": "135,573", "Reconciled Depreciation": "20,732", "Net Income from Continuing Operation Net Minority Interest": "7,896", "Total Unusual Items Excluding Goodwill": "-850", "Total Unusual Items": "-850", "Normalized EBITDA": "32,787", "Tax Rate for Calcs": "0", "Tax Effect of Unusual Items": "-229.5"}, "9/30/2020": {"Duration": "9/30/2020", "Total Revenue": "279,271", "Cost of Revenue": "135,299", "Gross Profit": "143,972", "Operating Expense": "132,538", "Operating Income": "11,434", "Net Non Operating Interest Income Expense": "-3,288", "Other Income Expense": "-683", "Pretax Income": "7,463", "Tax Provision": "-948", "Net Income Common Stockholders": "8,411", "Diluted NI Available to Com Stockholders": "8,411", "Basic EPS": "0.29", "Diluted EPS": "0.28", "Basic Average Shares": "28,849", "Diluted Average Shares": "29,546", "Total Operating Income as Reported": "11,317", "Total Expenses": "267,837", "Net Income from Continuing & Discontinued Operation": "8,411", "Normalized Income": "8,496", "Interest Income": "304", "Interest Expense": "3,592", "Net Interest Income": "-3,288", "EBIT": "11,055", "EBITDA": "-", "Reconciled Cost of Revenue": "135,299", "Reconciled Depreciation": "19,299", "Net Income from Continuing Operation Net Minority Interest": "8,411", "Total Unusual Items Excluding Goodwill": "-117", "Total Unusual Items": "-117", "Normalized EBITDA": "30,471", "Tax Rate for Calcs": "0", "Tax Effect of Unusual Items": "-31.59"}, "9/30/2019": {"Duration": "9/30/2019", "Total Revenue": "254,203", "Cost of Revenue": "135,168", "Gross Profit": "119,035", "Operating Expense": "109,050", "Operating Income": "9,985", "Net Non Operating Interest Income Expense": "631", "Other Income Expense": "529", "Pretax Income": "11,145", "Tax Provision": "1,187", "Net Income Common Stockholders": "9,958", "Diluted NI Available to Com Stockholders": "9,958", "Basic EPS": "0.36", "Diluted EPS": "0.35", "Basic Average Shares": "27,905", "Diluted Average Shares": "28,554", "Total Operating Income as Reported": "10,072", "Total Expenses": "244,218", "Net Income from Continuing & Discontinued Operation": "9,958", "Normalized Income": "9,880", "Interest Income": "733", "Interest Expense": "102", "Net Interest Income": "631", "EBIT": "11,247", "EBITDA": "-", "Reconciled Cost of Revenue": "135,168", "Reconciled Depreciation": "13,396", "Net Income from Continuing Operation Net Minority Interest": "9,958", "Total Unusual Items Excluding Goodwill": "87", "Total Unusual Items": "87", "Normalized EBITDA": "24,556", "Tax Rate for Calcs": "0", "Tax Effect of Unusual Items": "9.309"}, "9/30/2018": {"Duration": "9/30/2018", "Total Revenue": "228,366", "Cost of Revenue": "119,483", "Gross Profit": "108,883", "Operating Expense": "106,260", "Operating Income": "2,623", "Net Non Operating Interest Income Expense": "420", "Other Income Expense": "-253", "Pretax Income": "2,790", "Tax Provision": "1,487", "Net Income Common Stockholders": "1,303", "Diluted NI Available to Com Stockholders": "1,303", "Basic EPS": "0.05", "Diluted EPS": "0.05", "Basic Average Shares": "27,083", "Diluted Average Shares": "27,652", "Total Operating Income as Reported": "2,322", "Total Expenses": "225,743", "Net Income from Continuing & Discontinued Operation": "1,303", "Normalized Income": "1,523", "Interest Income": "445", "Interest Expense": "25", "Net Interest Income": "420", "EBIT": "2,815", "EBITDA": "-", "Reconciled Cost of Revenue": "119,483", "Reconciled Depreciation": "12,270", "Net Income from Continuing Operation Net Minority Interest": "1,303", "Total Unusual Items Excluding Goodwill": "-301", "Total Unusual Items": "-301", "Normalized EBITDA": "15,386", "Tax Rate for Calcs": "0", "Tax Effect of Unusual Items": "-81.27"}}, "bs": {"9/30/2020": {"Duration": "9/30/2020", "Total Assets": "528,682", "Total Liabilities Net Minority Interest": "157,182", "Total Equity Gross Minority Interest": "371,500", "Total Capitalization": "430,480", "Common Stock Equity": "371,500", "Capital Lease Obligations": "18,720", "Net Tangible Assets": "40,117", "Working Capital": "108,828", "Invested Capital": "432,452", "Tangible Book Value": "40,117", "Total Debt": "79,672", "Net Debt": "6,823", "Share Issued": "35,513", "Ordinary Shares Number": "29,160", "Treasury Shares Number": "6,353"}, "9/30/2019": {"Duration": "9/30/2019", "Total Assets": "398,698", "Total Liabilities Net Minority Interest": "49,720", "Total Equity Gross Minority Interest": "348,978", "Total Capitalization": "348,978", "Common Stock Equity": "348,978", "Capital Lease Obligations": "-", "Net Tangible Assets": "164,889", "Working Capital": "148,089", "Invested Capital": "348,978", "Tangible Book Value": "164,889", "Total Debt": "-", "Net Debt": "-", "Share Issued": "34,608", "Ordinary Shares Number": "28,241", "Treasury Shares Number": "6,367"}, "9/30/2018": {"Duration": "9/30/2018", "Total Assets": "371,125", "Total Liabilities Net Minority Interest": "40,845", "Total Equity Gross Minority Interest": "330,280", "Total Capitalization": "330,280", "Common Stock Equity": "330,280", "Capital Lease Obligations": "-", "Net Tangible Assets": "136,425", "Working Capital": "128,069", "Invested Capital": "330,280", "Tangible Book Value": "136,425", "Total Debt": "-", "Net Debt": "-", "Share Issued": "33,813", "Ordinary Shares Number": "27,428", "Treasury Shares Number": "6,385"}}, "cf": {"TTM": {"Duration": "TTM", "Operating Cash Flow": "64,857", "Investing Cash Flow": "-1,480", "Financing Cash Flow": "-62,059", "End Cash Position": "50,390", "Income Tax Paid Supplemental Data": "-", "Interest Paid Supplemental Data": "-", "Capital Expenditure": "-1,480", "Issuance of Debt": "-", "Repayment of Debt": "-71,518", "Repurchase of Capital Stock": "-1,660", "Free Cash Flow": "63,377"}, "9/30/2020": {"Duration": "9/30/2020", "Operating Cash Flow": "34,478", "Investing Cash Flow": "-136,997", "Financing Cash Flow": "63,603", "End Cash Position": "54,129", "Income Tax Paid Supplemental Data": "3,686", "Interest Paid Supplemental Data": "3,009", "Capital Expenditure": "-899", "Issuance of Debt": "119,018", "Repayment of Debt": "-55,893", "Repurchase of Capital Stock": "-1,791", "Free Cash Flow": "33,579"}, "9/30/2019": {"Duration": "9/30/2019", "Operating Cash Flow": "28,964", "Investing Cash Flow": "5,511", "Financing Cash Flow": "1,113", "End Cash Position": "92,792", "Income Tax Paid Supplemental Data": "2,048", "Interest Paid Supplemental Data": "1", "Capital Expenditure": "-9,335", "Issuance of Debt": "-", "Repayment of Debt": "-", "Repurchase of Capital Stock": "-1,071", "Free Cash Flow": "19,629"}, "9/30/2018": {"Duration": "9/30/2018", "Operating Cash Flow": "-2,778", "Investing Cash Flow": "-23,337", "Financing Cash Flow": "5,827", "End Cash Position": "58,014", "Income Tax Paid Supplemental Data": "1,235", "Interest Paid Supplemental Data": "10", "Capital Expenditure": "-1,842", "Issuance of Debt": "-", "Repayment of Debt": "-", "Repurchase of Capital Stock": "-748", "Free Cash Flow": "-4,620"}}}}, {"EXTR": {"quote": {"05/12/2021": {"value": "9.79", "Market Cap": "1.234B", "Beta (5Y Monthly)": "2.04", "PE Ratio (TTM)": "N/A", "EPS (TTM)": "-0.25", "Earnings Date": "Aug 03, 2021 - Aug 09, 2021", "Forward Dividend & Yield": "N/A (N/A)", "Ex-Dividend Date": "N/A", "1y Target Est": "12.75"}}, "fin": {"TTM": {"Duration": "TTM", "Total Revenue": "946,852", "Cost of Revenue": "402,239", "Gross Profit": "544,613", "Operating Expense": "532,213", "Operating Income": "12,400", "Net Non Operating Interest Income Expense": "-24,363", "Other Income Expense": "-10,661", "Pretax Income": "-22,624", "Tax Provision": "6,983", "Net Income Common Stockholders": "-29,607", "Diluted NI Available to Com Stockholders": "-29,607", "Basic EPS": "-", "Diluted EPS": "-", "Basic Average Shares": "-", "Diluted Average Shares": "-", "Total Operating Income as Reported": "3,702", "Total Expenses": "934,452", "Net Income from Continuing & Discontinued Operation": "-29,607", "Normalized Income": "-24,388", "Interest Income": "335", "Interest Expense": "24,698", "Net Interest Income": "-24,363", "EBIT": "2,074", "EBITDA": "60,018", "Reconciled Cost of Revenue": "351,058", "Reconciled Depreciation": "57,944", "Net Income from Continuing Operation Net Minority Interest": "-29,607", "Total Unusual Items Excluding Goodwill": "-8,698", "Total Unusual Items": "-8,698", "Normalized EBITDA": "68,716", "Tax Rate for Calcs": "0", "Tax Effect of Unusual Items": "-3,479"}, "6/30/2020": {"Duration": "6/30/2020", "Total Revenue": "948,019", "Cost of Revenue": "430,180", "Gross Profit": "517,839", "Operating Expense": "562,654", "Operating Income": "-44,815", "Net Non Operating Interest Income Expense": "-22,330", "Other Income Expense": "-53,347", "Pretax Income": "-120,492", "Tax Provision": "6,353", "Net Income Common Stockholders": "-126,845", "Diluted NI Available to Com Stockholders": "-126,845", "Basic EPS": "-1.06", "Diluted EPS": "-1.06", "Basic Average Shares": "119,814", "Diluted Average Shares": "119,814", "Total Operating Income as Reported": "-98,899", "Total Expenses": "992,834", "Net Income from Continuing & Discontinued Operation": "-126,845", "Normalized Income": "-87,364", "Interest Income": "1,420", "Interest Expense": "23,750", "Net Interest Income": "-22,330", "EBIT": "-96,742", "EBITDA": "-", "Reconciled Cost of Revenue": "374,784", "Reconciled Depreciation": "63,821", "Net Income from Continuing Operation Net Minority Interest": "-126,845", "Total Unusual Items Excluding Goodwill": "-54,084", "Total Unusual Items": "-54,084", "Normalized EBITDA": "21,163", "Tax Rate for Calcs": "0", "Tax Effect of Unusual Items": "-14,603"}, "6/30/2019": {"Duration": "6/30/2019", "Total Revenue": "995,789", "Cost of Revenue": "444,554", "Gross Profit": "551,235", "Operating Expense": "557,427", "Operating Income": "-6,192", "Net Non Operating Interest Income Expense": "-10,365", "Other Income Expense": "-9,317", "Pretax Income": "-25,874", "Tax Provision": "-21", "Net Income Common Stockholders": "-25,853", "Diluted NI Available to Com Stockholders": "-25,853", "Basic EPS": "-0.22", "Diluted EPS": "-0.22", "Basic Average Shares": "117,954", "Diluted Average Shares": "117,954", "Total Operating Income as Reported": "-14,726", "Total Expenses": "1,001,981", "Net Income from Continuing & Discontinued Operation": "-25,853", "Normalized Income": "-17,326", "Interest Income": "2,232", "Interest Expense": "12,597", "Net Interest Income": "-10,365", "EBIT": "-13,277", "EBITDA": "-", "Reconciled Cost of Revenue": "398,027", "Reconciled Depreciation": "52,873", "Net Income from Continuing Operation Net Minority Interest": "-25,853", "Total Unusual Items Excluding Goodwill": "-8,534", "Total Unusual Items": "-8,534", "Normalized EBITDA": "48,130", "Tax Rate for Calcs": "0", "Tax Effect of Unusual Items": "-6.9264"}, "6/30/2018": {"Duration": "6/30/2018", "Total Revenue": "983,142", "Cost of Revenue": "448,625", "Gross Profit": "534,517", "Operating Expense": "510,687", "Operating Income": "23,830", "Net Non Operating Interest Income Expense": "-11,076", "Other Income Expense": "-59,401", "Pretax Income": "-46,647", "Tax Provision": "145", "Net Income Common Stockholders": "-46,792", "Diluted NI Available to Com Stockholders": "-46,792", "Basic EPS": "-0.41", "Diluted EPS": "-0.41", "Basic Average Shares": "114,221", "Diluted Average Shares": "114,221", "Total Operating Income as Reported": "-38,210", "Total Expenses": "959,312", "Net Income from Continuing & Discontinued Operation": "-46,792", "Normalized Income": "-1,503", "Interest Income": "2,847", "Interest Expense": "13,923", "Net Interest Income": "-11,076", "EBIT": "-32,724", "EBITDA": "-", "Reconciled Cost of Revenue": "408,284", "Reconciled Depreciation": "49,056", "Net Income from Continuing Operation Net Minority Interest": "-46,792", "Total Unusual Items Excluding Goodwill": "-62,040", "Total Unusual Items": "-62,040", "Normalized EBITDA": "78,372", "Tax Rate for Calcs": "0", "Tax Effect of Unusual Items": "-16,751"}}, "bs": {"6/30/2020": {"Duration": "6/30/2020", "Total Assets": "979,088", "Total Liabilities Net Minority Interest": "973,690", "Total Equity Gross Minority Interest": "5,398", "Total Capitalization": "399,983", "Common Stock Equity": "5,398", "Capital Lease Obligations": "69,434", "Net Tangible Assets": "-394,155", "Working Capital": "16,386", "Invested Capital": "416,499", "Tangible Book Value": "-394,155", "Total Debt": "480,535", "Net Debt": "217,229", "Share Issued": "127,114", "Ordinary Shares Number": "120,517", "Treasury Shares Number": "6,597"}, "6/30/2019": {"Duration": "6/30/2019", "Total Assets": "756,874", "Total Liabilities Net Minority Interest": "640,887", "Total Equity Gross Minority Interest": "115,987", "Total Capitalization": "285,726", "Common Stock Equity": "115,987", "Capital Lease Obligations": "-", "Net Tangible Assets": "-73,702", "Working Capital": "85,960", "Invested Capital": "294,737", "Tangible Book Value": "-73,702", "Total Debt": "178,750", "Net Debt": "9,143", "Share Issued": "121,538", "Ordinary Shares Number": "119,172", "Treasury Shares Number": "2,366"}, "6/30/2018": {"Duration": "6/30/2018", "Total Assets": "770,248", "Total Liabilities Net Minority Interest": "657,516", "Total Equity Gross Minority Interest": "112,732", "Total Capitalization": "301,481", "Common Stock Equity": "112,732", "Capital Lease Obligations": "-", "Net Tangible Assets": "-103,442", "Working Capital": "68,041", "Invested Capital": "310,488", "Tangible Book Value": "-103,442", "Total Debt": "197,756", "Net Debt": "76,617", "Share Issued": "116,124", "Ordinary Shares Number": "116,124", "Treasury Shares Number": "-"}}, "cf": {"TTM": {"Duration": "TTM", "Operating Cash Flow": "96,319", "Investing Cash Flow": "-14,956", "Financing Cash Flow": "-75,151", "End Cash Position": "202,562", "Income Tax Paid Supplemental Data": "-", "Interest Paid Supplemental Data": "-", "Capital Expenditure": "-14,956", "Issuance of Capital Stock": "6,465", "Issuance of Debt": "0", "Repayment of Debt": "-74,000", "Repurchase of Capital Stock": "0", "Free Cash Flow": "81,363"}, "6/30/2020": {"Duration": "6/30/2020", "Operating Cash Flow": "35,884", "Investing Cash Flow": "-189,477", "Financing Cash Flow": "178,492", "End Cash Position": "193,872", "Income Tax Paid Supplemental Data": "5,309", "Interest Paid Supplemental Data": "20,411", "Capital Expenditure": "-15,268", "Issuance of Capital Stock": "8,789", "Issuance of Debt": "254,500", "Repayment of Debt": "-34,517", "Repurchase of Capital Stock": "-30,000", "Free Cash Flow": "20,616"}, "6/30/2019": {"Duration": "6/30/2019", "Operating Cash Flow": "104,945", "Investing Cash Flow": "-21,809", "Financing Cash Flow": "-34,442", "End Cash Position": "169,607", "Income Tax Paid Supplemental Data": "5,974", "Interest Paid Supplemental Data": "8,490", "Capital Expenditure": "-22,730", "Issuance of Capital Stock": "11,484", "Issuance of Debt": "0", "Repayment of Debt": "-19,875", "Repurchase of Capital Stock": "-15,000", "Free Cash Flow": "82,215"}, "6/30/2018": {"Duration": "6/30/2018", "Operating Cash Flow": "19,043", "Investing Cash Flow": "-132,471", "Financing Cash Flow": "104,746", "End Cash Position": "121,139", "Income Tax Paid Supplemental Data": "4,131", "Interest Paid Supplemental Data": "8,294", "Capital Expenditure": "-40,411", "Issuance of Capital Stock": "3,341", "Issuance of Debt": "300,000", "Repayment of Debt": "-193,713", "Repurchase of Capital Stock": "-", "Free Cash Flow": "-21,368"}}}}, {"GIMO": {"quote": {"05/12/2021": {"value": "", "Net Assets": "N/A", "Beta (5Y Monthly)": "N/A", "Yield": "N/A", "5y Average Return": "N/A", "Holdings Turnover": "N/A", "Last Dividend": "N/A", "Average for Category": "N/A", "Inception Date": "N/A"}}, "fin": {}, "bs": {}, "cf": {}}}, {"JNPR": {"quote": {"05/12/2021": {"value": "25.90", "Market Cap": "8.488B", "Beta (5Y Monthly)": "0.83", "PE Ratio (TTM)": "41.98", "EPS (TTM)": "0.62", "Earnings Date": "Jul 26, 2021 - Jul 30, 2021", "Forward Dividend & Yield": "0.80 (2.98%)", "Ex-Dividend Date": "May 28, 2021", "1y Target Est": "26.00"}}, "fin": {"TTM": {"Duration": "TTM", "Total Revenue": "4,521,500", "Cost of Revenue": "1,911,500", "Gross Profit": "2,610,000", "Operating Expense": "2,190,100", "Operating Income": "419,900", "Net Non Operating Interest Income Expense": "-45,200", "Other Income Expense": "-175,600", "Pretax Income": "199,100", "Tax Provision": "-7,200", "Net Income Common Stockholders": "206,300", "Diluted NI Available to Com Stockholders": "206,300", "Basic EPS": "-", "Diluted EPS": "-", "Basic Average Shares": "-", "Diluted Average Shares": "-", "Total Operating Income as Reported": "341,500", "Total Expenses": "4,101,600", "Net Income from Continuing & Discontinued Operation": "206,300", "Normalized Income": "308,960", "Interest Income": "25,400", "Interest Expense": "70,600", "Net Interest Income": "-45,200", "EBIT": "269,700", "EBITDA": "488,500", "Reconciled Cost of Revenue": "1,911,500", "Reconciled Depreciation": "218,800", "Net Income from Continuing Operation Net Minority Interest": "206,300", "Total Unusual Items Excluding Goodwill": "-171,100", "Total Unusual Items": "-171,100", "Normalized EBITDA": "659,600", "Tax Rate for Calcs": "0", "Tax Effect of Unusual Items": "-68,440"}, "12/31/2020": {"Duration": "12/31/2020", "Total Revenue": "4,445,100", "Cost of Revenue": "1,871,400", "Gross Profit": "2,573,700", "Operating Expense": "2,152,600", "Operating Income": "421,100", "Net Non Operating Interest Income Expense": "-40,700", "Other Income Expense": "-115,200", "Pretax Income": "265,200", "Tax Provision": "7,400", "Net Income Common Stockholders": "257,800", "Diluted NI Available to Com Stockholders": "257,800", "Basic EPS": "0.78", "Diluted EPS": "0.77", "Basic Average Shares": "330,400", "Diluted Average Shares": "335,200", "Total Operating Income as Reported": "353,100", "Total Expenses": "4,024,000", "Net Income from Continuing & Discontinued Operation": "257,800", "Normalized Income": "364,428", "Interest Income": "36,300", "Interest Expense": "77,000", "Net Interest Income": "-40,700", "EBIT": "342,200", "EBITDA": "-", "Reconciled Cost of Revenue": "1,871,400", "Reconciled Depreciation": "212,400", "Net Income from Continuing Operation Net Minority Interest": "257,800", "Total Unusual Items Excluding Goodwill": "-109,700", "Total Unusual Items": "-109,700", "Normalized EBITDA": "664,300", "Tax Rate for Calcs": "0", "Tax Effect of Unusual Items": "-3,072"}, "12/31/2019": {"Duration": "12/31/2019", "Total Revenue": "4,445,400", "Cost of Revenue": "1,828,600", "Gross Profit": "2,616,800", "Operating Expense": "2,139,300", "Operating Income": "477,500", "Net Non Operating Interest Income Expense": "-9,600", "Other Income Expense": "-53,500", "Pretax Income": "414,400", "Tax Provision": "69,400", "Net Income Common Stockholders": "345,000", "Diluted NI Available to Com Stockholders": "345,000", "Basic EPS": "1.01", "Diluted EPS": "0.99", "Basic Average Shares": "343,200", "Diluted Average Shares": "348,200", "Total Operating Income as Reported": "442,200", "Total Expenses": "3,967,900", "Net Income from Continuing & Discontinued Operation": "345,000", "Normalized Income": "390,315", "Interest Income": "79,100", "Interest Expense": "88,700", "Net Interest Income": "-9,600", "EBIT": "503,100", "EBITDA": "-", "Reconciled Cost of Revenue": "1,828,600", "Reconciled Depreciation": "210,300", "Net Income from Continuing Operation Net Minority Interest": "345,000", "Total Unusual Items Excluding Goodwill": "-54,400", "Total Unusual Items": "-54,400", "Normalized EBITDA": "767,800", "Tax Rate for Calcs": "0", "Tax Effect of Unusual Items": "-9,085"}, "12/31/2018": {"Duration": "12/31/2018", "Total Revenue": "4,647,500", "Cost of Revenue": "1,906,300", "Gross Profit": "2,741,200", "Operating Expense": "2,161,700", "Operating Income": "579,500", "Net Non Operating Interest Income Expense": "-30,500", "Other Income Expense": "-16,300", "Pretax Income": "532,700", "Tax Provision": "-34,200", "Net Income Common Stockholders": "566,900", "Diluted NI Available to Com Stockholders": "566,900", "Basic EPS": "1.62", "Diluted EPS": "1.60", "Basic Average Shares": "349,000", "Diluted Average Shares": "354,400", "Total Operating Income as Reported": "572,200", "Total Expenses": "4,068,000", "Net Income from Continuing & Discontinued Operation": "566,900", "Normalized Income": "577,631", "Interest Income": "72,700", "Interest Expense": "103,200", "Net Interest Income": "-30,500", "EBIT": "635,900", "EBITDA": "-", "Reconciled Cost of Revenue": "1,906,300", "Reconciled Depreciation": "210,500", "Net Income from Continuing Operation Net Minority Interest": "566,900", "Total Unusual Items Excluding Goodwill": "-14,700", "Total Unusual Items": "-14,700", "Normalized EBITDA": "861,100", "Tax Rate for Calcs": "0", "Tax Effect of Unusual Items": "-3,969"}}, "bs": {"12/31/2020": {"Duration": "12/31/2020", "Total Assets": "9,378,300", "Total Liabilities Net Minority Interest": "4,834,800", "Total Equity Gross Minority Interest": "4,543,500", "Total Capitalization": "6,249,300", "Common Stock Equity": "4,543,500", "Capital Lease Obligations": "163,500", "Net Tangible Assets": "607,200", "Working Capital": "1,110,100", "Invested Capital": "6,670,800", "Tangible Book Value": "607,200", "Total Debt": "2,290,800", "Net Debt": "765,400", "Share Issued": "327,700", "Ordinary Shares Number": "327,700"}, "12/31/2019": {"Duration": "12/31/2019", "Total Assets": "8,837,700", "Total Liabilities Net Minority Interest": "4,227,100", "Total Equity Gross Minority Interest": "4,610,600", "Total Capitalization": "6,294,500", "Common Stock Equity": "4,610,600", "Capital Lease Obligations": "158,100", "Net Tangible Assets": "1,087,700", "Working Capital": "1,665,900", "Invested Capital": "6,294,500", "Tangible Book Value": "1,087,700", "Total Debt": "1,842,000", "Net Debt": "468,100", "Share Issued": "335,900", "Ordinary Shares Number": "335,900"}, "12/31/2018": {"Duration": "12/31/2018", "Total Assets": "9,363,300", "Total Liabilities Net Minority Interest": "4,540,100", "Total Equity Gross Minority Interest": "4,823,200", "Total Capitalization": "6,612,300", "Common Stock Equity": "4,823,200", "Capital Lease Obligations": "-", "Net Tangible Assets": "1,595,900", "Working Capital": "2,739,300", "Invested Capital": "6,962,200", "Tangible Book Value": "1,595,900", "Total Debt": "2,139,000", "Net Debt": "-", "Share Issued": "346,400", "Ordinary Shares Number": "346,400"}}, "cf": {"TTM": {"Duration": "TTM", "Operating Cash Flow": "519,600", "Investing Cash Flow": "-355,400", "Financing Cash Flow": "-631,800", "End Cash Position": "992,200", "Income Tax Paid Supplemental Data": "-", "Interest Paid Supplemental Data": "-", "Capital Expenditure": "-98,300", "Issuance of Capital Stock": "55,800", "Issuance of Debt": "-", "Repayment of Debt": "-800,000", "Repurchase of Capital Stock": "-309,800", "Free Cash Flow": "421,300"}, "12/31/2020": {"Duration": "12/31/2020", "Operating Cash Flow": "612,000", "Investing Cash Flow": "-288,900", "Financing Cash Flow": "-222,400", "End Cash Position": "1,383,000", "Income Tax Paid Supplemental Data": "84,100", "Interest Paid Supplemental Data": "87,200", "Capital Expenditure": "-100,400", "Issuance of Capital Stock": "54,700", "Issuance of Debt": "792,400", "Repayment of Debt": "-376,200", "Repurchase of Capital Stock": "-381,100", "Free Cash Flow": "511,600"}, "12/31/2019": {"Duration": "12/31/2019", "Operating Cash Flow": "528,900", "Investing Cash Flow": "-528,200", "Financing Cash Flow": "-1,228,800", "End Cash Position": "1,276,500", "Income Tax Paid Supplemental Data": "98,800", "Interest Paid Supplemental Data": "90,600", "Capital Expenditure": "-109,600", "Issuance of Capital Stock": "55,600", "Issuance of Debt": "495,200", "Repayment of Debt": "-950,000", "Repurchase of Capital Stock": "-554,900", "Free Cash Flow": "419,300"}, "12/31/2018": {"Duration": "12/31/2018", "Operating Cash Flow": "861,100", "Investing Cash Flow": "564,800", "Financing Cash Flow": "-968,600", "End Cash Position": "2,505,800", "Income Tax Paid Supplemental Data": "181,000", "Interest Paid Supplemental Data": "94,000", "Capital Expenditure": "-147,400", "Issuance of Capital Stock": "56,900", "Issuance of Debt": "0", "Repayment of Debt": "0", "Repurchase of Capital Stock": "-756,600", "Free Cash Flow": "713,700"}}}}, {"SILC": {"quote": {"05/12/2021": {"value": "40.09", "Market Cap": "275.885M", "Beta (5Y Monthly)": "0.74", "PE Ratio (TTM)": "41.37", "EPS (TTM)": "0.97", "Earnings Date": "Jul 27, 2021 - Aug 02, 2021", "Forward Dividend & Yield": "N/A (N/A)", "Ex-Dividend Date": "Mar 23, 2017", "1y Target Est": "57.00"}}, "fin": {"TTM": {"Duration": "TTM", "Total Revenue": "114,330", "Cost of Revenue": "77,752", "Gross Profit": "36,578", "Operating Expense": "28,904", "Operating Income": "7,674", "Net Non Operating Interest Income Expense": "1,568", "Other Income Expense": "-", "Pretax Income": "8,494", "Tax Provision": "1,662", "Net Income Common Stockholders": "6,832", "Diluted NI Available to Com Stockholders": "6,832", "Basic EPS": "-", "Diluted EPS": "-", "Basic Average Shares": "-", "Diluted Average Shares": "-", "Total Operating Income as Reported": "7,674", "Total Expenses": "106,656", "Net Income from Continuing & Discontinued Operation": "6,832", "Normalized Income": "7,434", "Interest Income": "-", "Net Interest Income": "1,568", "EBIT": "7,674", "EBITDA": "7,674", "Reconciled Cost of Revenue": "77,752", "Reconciled Depreciation": "-", "Net Income from Continuing Operation Net Minority Interest": "6,832", "Total Unusual Items Excluding Goodwill": "-748", "Total Unusual Items": "-748", "Normalized EBITDA": "8,422", "Tax Rate for Calcs": "0", "Tax Effect of Unusual Items": "-146.3593"}, "12/31/2020": {"Duration": "12/31/2020", "Total Revenue": "107,398", "Cost of Revenue": "73,632", "Gross Profit": "33,766", "Operating Expense": "27,518", "Operating Income": "6,248", "Net Non Operating Interest Income Expense": "1,782", "Other Income Expense": "-748", "Pretax Income": "7,282", "Tax Provision": "1,557", "Net Income Common Stockholders": "5,725", "Diluted NI Available to Com Stockholders": "5,725", "Basic EPS": "-", "Diluted EPS": "-", "Basic Average Shares": "-", "Diluted Average Shares": "-", "Total Operating Income as Reported": "6,248", "Total Expenses": "101,150", "Net Income from Continuing & Discontinued Operation": "5,725", "Normalized Income": "6,313", "Interest Income": "2,197", "Net Interest Income": "1,782", "EBIT": "6,248", "EBITDA": "-", "Reconciled Cost of Revenue": "73,632", "Reconciled Depreciation": "2,384", "Net Income from Continuing Operation Net Minority Interest": "5,725", "Total Unusual Items Excluding Goodwill": "-748", "Total Unusual Items": "-748", "Normalized EBITDA": "9,380", "Tax Rate for Calcs": "0", "Tax Effect of Unusual Items": "-159.9335"}, "12/31/2019": {"Duration": "12/31/2019", "Total Revenue": "105,240", "Cost of Revenue": "69,146", "Gross Profit": "36,094", "Operating Expense": "25,881", "Operating Income": "10,213", "Net Non Operating Interest Income Expense": "2,003", "Other Income Expense": "-357", "Pretax Income": "11,859", "Tax Provision": "1,623", "Net Income Common Stockholders": "10,236", "Diluted NI Available to Com Stockholders": "10,236", "Basic EPS": "1.36", "Diluted EPS": "1.35", "Basic Average Shares": "7,520", "Diluted Average Shares": "7,573", "Total Operating Income as Reported": "10,213", "Total Expenses": "95,027", "Net Income from Continuing & Discontinued Operation": "10,236", "Normalized Income": "10,544", "Interest Income": "2,295", "Net Interest Income": "2,003", "EBIT": "10,213", "EBITDA": "-", "Reconciled Cost of Revenue": "69,146", "Reconciled Depreciation": "1,997", "Net Income from Continuing Operation Net Minority Interest": "10,236", "Total Unusual Items Excluding Goodwill": "-357", "Total Unusual Items": "-357", "Normalized EBITDA": "12,567", "Tax Rate for Calcs": "0", "Tax Effect of Unusual Items": "-48.8583"}, "12/31/2018": {"Duration": "12/31/2018", "Total Revenue": "133,753", "Cost of Revenue": "91,697", "Gross Profit": "42,056", "Operating Expense": "25,405", "Operating Income": "16,651", "Net Non Operating Interest Income Expense": "715", "Other Income Expense": "208", "Pretax Income": "17,574", "Tax Provision": "2,937", "Net Income Common Stockholders": "14,637", "Diluted NI Available to Com Stockholders": "14,637", "Basic EPS": "1.94", "Diluted EPS": "1.91", "Basic Average Shares": "7,552", "Diluted Average Shares": "7,657", "Total Operating Income as Reported": "16,651", "Total Expenses": "117,102", "Net Income from Continuing & Discontinued Operation": "14,637", "Normalized Income": "14,464", "Interest Income": "840", "Net Interest Income": "715", "EBIT": "16,651", "EBITDA": "-", "Reconciled Cost of Revenue": "91,697", "Reconciled Depreciation": "3,293", "Net Income from Continuing Operation Net Minority Interest": "14,637", "Total Unusual Items Excluding Goodwill": "208", "Total Unusual Items": "208", "Normalized EBITDA": "19,736", "Tax Rate for Calcs": "0", "Tax Effect of Unusual Items": "34.7614"}}, "bs": {"12/31/2020": {"Duration": "12/31/2020", "Total Assets": "195,887", "Total Liabilities Net Minority Interest": "41,050", "Total Equity Gross Minority Interest": "154,837", "Total Capitalization": "154,837", "Common Stock Equity": "154,837", "Capital Lease Obligations": "10,095", "Net Tangible Assets": "128,106", "Working Capital": "106,853", "Invested Capital": "154,837", "Tangible Book Value": "128,106", "Total Debt": "10,095", "Share Issued": "7,670", "Ordinary Shares Number": "6,900", "Treasury Shares Number": "770.518"}, "12/31/2019": {"Duration": "12/31/2019", "Total Assets": "195,063", "Total Liabilities Net Minority Interest": "32,140", "Total Equity Gross Minority Interest": "162,923", "Total Capitalization": "162,923", "Common Stock Equity": "162,923", "Capital Lease Obligations": "3,783", "Net Tangible Assets": "135,644", "Working Capital": "84,115", "Invested Capital": "162,923", "Tangible Book Value": "135,644", "Total Debt": "3,783", "Share Issued": "7,619", "Ordinary Shares Number": "7,351", "Treasury Shares Number": "267.359"}, "12/31/2018": {"Duration": "12/31/2018", "Total Assets": "182,301", "Total Liabilities Net Minority Interest": "24,152", "Total Equity Gross Minority Interest": "158,149", "Total Capitalization": "158,149", "Common Stock Equity": "158,149", "Capital Lease Obligations": "-", "Net Tangible Assets": "131,622", "Working Capital": "82,541", "Invested Capital": "158,149", "Tangible Book Value": "131,622", "Total Debt": "-", "Share Issued": "7,574", "Ordinary Shares Number": "7,559", "Treasury Shares Number": "14.971"}}, "cf": {"TTM": {"Duration": "TTM", "Operating Cash Flow": "-", "Investing Cash Flow": "-", "Financing Cash Flow": "-", "End Cash Position": "-", "Income Tax Paid Supplemental Data": "-", "Capital Expenditure": "-", "Repurchase of Capital Stock": "-", "Free Cash Flow": "-"}, "12/31/2020": {"Duration": "12/31/2020", "Operating Cash Flow": "4,956", "Investing Cash Flow": "15,432", "Financing Cash Flow": "-16,522", "End Cash Position": "20,676", "Income Tax Paid Supplemental Data": "1,284", "Capital Expenditure": "-3,181", "Repurchase of Capital Stock": "-16,798", "Free Cash Flow": "1,775"}, "12/31/2019": {"Duration": "12/31/2019", "Operating Cash Flow": "26,726", "Investing Cash Flow": "-29,608", "Financing Cash Flow": "-7,817", "End Cash Position": "16,469", "Income Tax Paid Supplemental Data": "1,103", "Capital Expenditure": "-2,459", "Repurchase of Capital Stock": "-7,971", "Free Cash Flow": "24,267"}, "12/31/2018": {"Duration": "12/31/2018", "Operating Cash Flow": "45,678", "Investing Cash Flow": "-36,287", "Financing Cash Flow": "288", "End Cash Position": "26,808", "Income Tax Paid Supplemental Data": "3,260", "Capital Expenditure": "-2,367", "Repurchase of Capital Stock": "-", "Free Cash Flow": "43,311"}}}}, {"LTRX": {"quote": {"05/12/2021": {"value": "4.8700", "Market Cap": "142.68M", "Beta (5Y Monthly)": "2.03", "PE Ratio (TTM)": "N/A", "EPS (TTM)": "-0.1630", "Earnings Date": "Apr 29, 2021", "Forward Dividend & Yield": "N/A (N/A)", "Ex-Dividend Date": "N/A", "1y Target Est": "7.33"}}, "fin": {"TTM": {"Duration": "TTM", "Total Revenue": "68,236", "Cost of Revenue": "38,732", "Gross Profit": "29,504", "Operating Expense": "32,433", "Operating Income": "-2,929", "Net Non Operating Interest Income Expense": "-334", "Other Income Expense": "-1,225", "Pretax Income": "-4,488", "Tax Provision": "161", "Net Income Common Stockholders": "-4,649", "Diluted NI Available to Com Stockholders": "-4,649", "Basic EPS": "-", "Diluted EPS": "-", "Basic Average Shares": "-", "Diluted Average Shares": "-", "Total Operating Income as Reported": "-3,972", "Rent Expense Supplemental": "-", "Total Expenses": "71,165", "Net Income from Continuing & Discontinued Operation": "-4,649", "Normalized Income": "-4,023", "Net Interest Income": "-334", "EBIT": "1,897", "EBITDA": "6,244", "Reconciled Cost of Revenue": "38,079", "Reconciled Depreciation": "4,347", "Net Income from Continuing Operation Net Minority Interest": "-4,649", "Total Unusual Items Excluding Goodwill": "-1,043", "Total Unusual Items": "-1,043", "Normalized EBITDA": "7,287", "Tax Rate for Calcs": "0", "Tax Effect of Unusual Items": "-417.2"}, "6/30/2020": {"Duration": "6/30/2020", "Total Revenue": "59,878", "Cost of Revenue": "32,978", "Gross Profit": "26,900", "Operating Expense": "31,310", "Operating Income": "-4,410", "Net Non Operating Interest Income Expense": "-133", "Other Income Expense": "-6,051", "Pretax Income": "-10,594", "Tax Provision": "144", "Net Income Common Stockholders": "-10,738", "Diluted NI Available to Com Stockholders": "-10,738", "Basic EPS": "-0.42", "Diluted EPS": "-0.42", "Basic Average Shares": "25,281", "Diluted Average Shares": "25,281", "Total Operating Income as Reported": "-10,538", "Rent Expense Supplemental": "-", "Total Expenses": "64,288", "Net Income from Continuing & Discontinued Operation": "-10,738", "Normalized Income": "-6,265", "Net Interest Income": "-133", "EBIT": "-4,410", "EBITDA": "-", "Reconciled Cost of Revenue": "32,448", "Reconciled Depreciation": "2,805", "Net Income from Continuing Operation Net Minority Interest": "-10,738", "Total Unusual Items Excluding Goodwill": "-6,128", "Total Unusual Items": "-6,128", "Normalized EBITDA": "4,523", "Tax Rate for Calcs": "0", "Tax Effect of Unusual Items": "-1,655"}, "6/30/2019": {"Duration": "6/30/2019", "Total Revenue": "46,890", "Cost of Revenue": "20,617", "Gross Profit": "26,273", "Operating Expense": "24,930", "Operating Income": "1,343", "Net Non Operating Interest Income Expense": "236", "Other Income Expense": "-1,846", "Pretax Income": "-267", "Tax Provision": "141", "Net Income Common Stockholders": "-408", "Diluted NI Available to Com Stockholders": "-408", "Basic EPS": "-0.02", "Diluted EPS": "-0.02", "Basic Average Shares": "21,580", "Diluted Average Shares": "21,580", "Total Operating Income as Reported": "-488", "Rent Expense Supplemental": "874", "Total Expenses": "45,547", "Net Income from Continuing & Discontinued Operation": "-408", "Normalized Income": "928.63", "Net Interest Income": "236", "EBIT": "1,343", "EBITDA": "-", "Reconciled Cost of Revenue": "20,345", "Reconciled Depreciation": "464", "Net Income from Continuing Operation Net Minority Interest": "-408", "Total Unusual Items Excluding Goodwill": "-1,831", "Total Unusual Items": "-1,831", "Normalized EBITDA": "3,638", "Tax Rate for Calcs": "0", "Tax Effect of Unusual Items": "-494.37"}, "6/30/2018": {"Duration": "6/30/2018", "Total Revenue": "45,580", "Cost of Revenue": "20,212", "Gross Profit": "25,368", "Operating Expense": "24,410", "Operating Income": "958", "Net Non Operating Interest Income Expense": "-18", "Other Income Expense": "-162", "Pretax Income": "778", "Tax Provision": "98", "Net Income Common Stockholders": "680", "Diluted NI Available to Com Stockholders": "680", "Basic EPS": "0.04", "Diluted EPS": "0.04", "Basic Average Shares": "18,171", "Diluted Average Shares": "19,158", "Total Operating Income as Reported": "804", "Rent Expense Supplemental": "901", "Total Expenses": "44,622", "Net Income from Continuing & Discontinued Operation": "680", "Normalized Income": "814.596", "Net Interest Income": "-18", "EBIT": "958", "EBITDA": "-", "Reconciled Cost of Revenue": "19,954", "Reconciled Depreciation": "442", "Net Income from Continuing Operation Net Minority Interest": "680", "Total Unusual Items Excluding Goodwill": "-154", "Total Unusual Items": "-154", "Normalized EBITDA": "1,554", "Tax Rate for Calcs": "0", "Tax Effect of Unusual Items": "-19.404"}}, "bs": {"6/30/2020": {"Duration": "6/30/2020", "Total Assets": "67,933", "Total Liabilities Net Minority Interest": "21,413", "Total Equity Gross Minority Interest": "46,520", "Total Capitalization": "50,202", "Common Stock Equity": "46,520", "Capital Lease Obligations": "3,069", "Net Tangible Assets": "18,261", "Working Capital": "18,741", "Invested Capital": "51,674", "Tangible Book Value": "18,261", "Total Debt": "8,223", "Share Issued": "28,231", "Ordinary Shares Number": "28,231"}, "6/30/2019": {"Duration": "6/30/2019", "Total Assets": "48,944", "Total Liabilities Net Minority Interest": "11,678", "Total Equity Gross Minority Interest": "37,266", "Total Capitalization": "37,266", "Common Stock Equity": "37,266", "Capital Lease Obligations": "4", "Net Tangible Assets": "27,778", "Working Capital": "26,718", "Invested Capital": "37,266", "Tangible Book Value": "27,778", "Total Debt": "4", "Share Issued": "22,812", "Ordinary Shares Number": "22,812"}, "6/30/2018": {"Duration": "6/30/2018", "Total Assets": "33,855", "Total Liabilities Net Minority Interest": "10,042", "Total Equity Gross Minority Interest": "23,813", "Total Capitalization": "23,813", "Common Stock Equity": "23,813", "Capital Lease Obligations": "59", "Net Tangible Assets": "14,325", "Working Capital": "13,544", "Invested Capital": "23,813", "Tangible Book Value": "14,325", "Total Debt": "59", "Share Issued": "18,908", "Ordinary Shares Number": "18,908"}}, "cf": {"TTM": {"Duration": "TTM", "Operating Cash Flow": "3,498", "Investing Cash Flow": "-766", "Financing Cash Flow": "-1,432", "End Cash Position": "8,277", "Income Tax Paid Supplemental Data": "-", "Interest Paid Supplemental Data": "-", "Capital Expenditure": "-766", "Issuance of Capital Stock": "959", "Issuance of Debt": "-7", "Repayment of Debt": "-1,510", "Free Cash Flow": "2,732"}, "6/30/2020": {"Duration": "6/30/2020", "Operating Cash Flow": "-2,521", "Investing Cash Flow": "-13,974", "Financing Cash Flow": "5,904", "End Cash Position": "7,691", "Income Tax Paid Supplemental Data": "101", "Interest Paid Supplemental Data": "218", "Capital Expenditure": "-572", "Issuance of Capital Stock": "1,158", "Issuance of Debt": "5,886", "Repayment of Debt": "-761", "Free Cash Flow": "-3,093"}, "6/30/2019": {"Duration": "6/30/2019", "Operating Cash Flow": "-1,748", "Investing Cash Flow": "-891", "Financing Cash Flow": "11,353", "End Cash Position": "18,282", "Income Tax Paid Supplemental Data": "115", "Interest Paid Supplemental Data": "18", "Capital Expenditure": "-891", "Issuance of Capital Stock": "11,597", "Issuance of Debt": "-", "Repayment of Debt": "-55", "Free Cash Flow": "-2,639"}, "6/30/2018": {"Duration": "6/30/2018", "Operating Cash Flow": "509", "Investing Cash Flow": "-229", "Financing Cash Flow": "1,215", "End Cash Position": "9,568", "Income Tax Paid Supplemental Data": "87", "Interest Paid Supplemental Data": "18", "Capital Expenditure": "-229", "Issuance of Capital Stock": "1,489", "Issuance of Debt": "-", "Repayment of Debt": "-61", "Free Cash Flow": "280"}}}}, {"LTTC": {"quote": {"05/12/2021": {"value": "0.0061", "Market Cap": "318,341", "Beta (5Y Monthly)": "-0.21", "PE Ratio (TTM)": "N/A", "EPS (TTM)": "-0.0670", "Earnings Date": "Nov 17, 2016 - Nov 18, 2016", "Forward Dividend & Yield": "N/A (N/A)", "Ex-Dividend Date": "N/A", "1y Target Est": "N/A"}}, "fin": {}, "bs": {}, "cf": {}}}, {"CNCG": {"quote": {"05/12/2021": {"value": "2.0900", "Market Cap": "78.192M", "Beta (5Y Monthly)": "0.69", "PE Ratio (TTM)": "14.93", "EPS (TTM)": "0.1400", "Earnings Date": "Sep 28, 2018", "Forward Dividend & Yield": "N/A (N/A)", "Ex-Dividend Date": "N/A", "1y Target Est": "N/A"}}, "fin": {"TTM": {"Duration": "TTM", "Total Revenue": "35,633", "Cost of Revenue": "16,259", "Gross Profit": "19,374", "Operating Expense": "12,814", "Operating Income": "6,560", "Net Non Operating Interest Income Expense": "19.312", "Other Income Expense": "564.346", "Pretax Income": "7,143", "Tax Provision": "1,779", "Net Income Common Stockholders": "5,365", "Diluted NI Available to Com Stockholders": "5,365", "Basic EPS": "-", "Diluted EPS": "-", "Basic Average Shares": "-", "Diluted Average Shares": "-", "Total Operating Income as Reported": "6,560", "Total Expenses": "29,073", "Net Income from Continuing & Discontinued Operation": "5,365", "Normalized Income": "5,365", "Interest Income": "59.389", "Interest Expense": "40.077", "Net Interest Income": "19.312", "EBIT": "7,183", "EBITDA": "7,828", "Reconciled Cost of Revenue": "16,259", "Reconciled Depreciation": "644.802", "Net Income from Continuing Operation Net Minority Interest": "5,365", "Total Unusual Items Excluding Goodwill": "-", "Total Unusual Items": "-", "Normalized EBITDA": "7,828", "Tax Rate for Calcs": "0", "Tax Effect of Unusual Items": "0"}, "6/30/2020": {"Duration": "6/30/2020", "Total Revenue": "26,749", "Cost of Revenue": "14,006", "Gross Profit": "12,743", "Operating Expense": "10,827", "Operating Income": "1,916", "Net Non Operating Interest Income Expense": "55.086", "Other Income Expense": "365.25", "Pretax Income": "2,336", "Tax Provision": "562.962", "Net Income Common Stockholders": "1,773", "Diluted NI Available to Com Stockholders": "1,773", "Basic EPS": "0.05", "Diluted EPS": "0.05", "Basic Average Shares": "37,391", "Diluted Average Shares": "38,451", "Total Operating Income as Reported": "1,916", "Total Expenses": "24,833", "Net Income from Continuing & Discontinued Operation": "1,773", "Normalized Income": "1,773", "Interest Income": "96.186", "Interest Expense": "41.1", "Net Interest Income": "55.086", "EBIT": "2,377", "EBITDA": "-", "Reconciled Cost of Revenue": "14,006", "Reconciled Depreciation": "601.826", "Net Income from Continuing Operation Net Minority Interest": "1,773", "Total Unusual Items Excluding Goodwill": "-", "Total Unusual Items": "-", "Normalized EBITDA": "2,979", "Tax Rate for Calcs": "0", "Tax Effect of Unusual Items": "0"}, "6/30/2019": {"Duration": "6/30/2019", "Total Revenue": "26,949", "Cost of Revenue": "13,881", "Gross Profit": "13,068", "Operating Expense": "12,312", "Operating Income": "755.588", "Net Non Operating Interest Income Expense": "337.303", "Other Income Expense": "-484.028", "Pretax Income": "608.863", "Tax Provision": "347.014", "Net Income Common Stockholders": "261.849", "Diluted NI Available to Com Stockholders": "261.849", "Basic EPS": "0.01", "Diluted EPS": "0.01", "Basic Average Shares": "32,588", "Diluted Average Shares": "38,298", "Total Operating Income as Reported": "755.588", "Total Expenses": "26,193", "Net Income from Continuing & Discontinued Operation": "261.849", "Normalized Income": "261.849", "Interest Income": "366.796", "Interest Expense": "29.493", "Net Interest Income": "337.303", "EBIT": "638.356", "EBITDA": "-", "Reconciled Cost of Revenue": "13,881", "Reconciled Depreciation": "702.32", "Net Income from Continuing Operation Net Minority Interest": "261.849", "Total Unusual Items Excluding Goodwill": "-", "Total Unusual Items": "-", "Normalized EBITDA": "1,341", "Tax Rate for Calcs": "0", "Tax Effect of Unusual Items": "0"}, "6/30/2018": {"Duration": "6/30/2018", "Total Revenue": "28,711", "Cost of Revenue": "12,011", "Gross Profit": "16,700", "Operating Expense": "13,893", "Operating Income": "2,807", "Net Non Operating Interest Income Expense": "10.84", "Other Income Expense": "-316.337", "Pretax Income": "2,501", "Tax Provision": "766.596", "Net Income Common Stockholders": "1,735", "Diluted NI Available to Com Stockholders": "1,735", "Basic EPS": "0.06", "Diluted EPS": "0.05", "Basic Average Shares": "29,559", "Diluted Average Shares": "38,298", "Total Operating Income as Reported": "2,807", "Total Expenses": "25,904", "Net Income from Continuing & Discontinued Operation": "1,735", "Normalized Income": "1,735", "Interest Income": "111.929", "Interest Expense": "101.089", "Net Interest Income": "10.84", "EBIT": "2,602", "EBITDA": "-", "Reconciled Cost of Revenue": "12,011", "Reconciled Depreciation": "576.674", "Net Income from Continuing Operation Net Minority Interest": "1,735", "Total Unusual Items Excluding Goodwill": "-", "Total Unusual Items": "-", "Normalized EBITDA": "3,179", "Tax Rate for Calcs": "0", "Tax Effect of Unusual Items": "0"}}, "bs": {"6/30/2020": {"Duration": "6/30/2020", "Total Assets": "24,424", "Total Liabilities Net Minority Interest": "5,274", "Total Equity Gross Minority Interest": "19,150", "Total Capitalization": "20,110", "Preferred Stock Equity": "0.053", "Common Stock Equity": "19,150", "Capital Lease Obligations": "770.457", "Net Tangible Assets": "15,693", "Working Capital": "13,993", "Invested Capital": "20,126", "Tangible Book Value": "15,693", "Total Debt": "1,747", "Share Issued": "37,413", "Ordinary Shares Number": "37,413"}, "6/30/2019": {"Duration": "6/30/2019", "Total Assets": "21,254", "Total Liabilities Net Minority Interest": "4,060", "Total Equity Gross Minority Interest": "17,193", "Total Capitalization": "17,854", "Preferred Stock Equity": "0.053", "Common Stock Equity": "17,193", "Capital Lease Obligations": "-", "Net Tangible Assets": "13,618", "Working Capital": "12,302", "Invested Capital": "17,884", "Tangible Book Value": "13,618", "Total Debt": "690.798", "Share Issued": "37,238", "Ordinary Shares Number": "37,238"}, "6/30/2018": {"Duration": "6/30/2018", "Total Assets": "23,101", "Total Liabilities Net Minority Interest": "6,125", "Total Equity Gross Minority Interest": "16,976", "Total Capitalization": "17,725", "Preferred Stock Equity": "0.437", "Common Stock Equity": "16,976", "Capital Lease Obligations": "-", "Net Tangible Assets": "13,065", "Working Capital": "11,532", "Invested Capital": "17,775", "Tangible Book Value": "13,065", "Total Debt": "799.696", "Share Issued": "29,559", "Ordinary Shares Number": "29,559"}}, "cf": {"TTM": {"Duration": "TTM", "Operating Cash Flow": "6,019", "Investing Cash Flow": "802.027", "Financing Cash Flow": "-24.281", "End Cash Position": "13,343", "Income Tax Paid Supplemental Data": "318.726", "Interest Paid Supplemental Data": "15.749", "Capital Expenditure": "-311.898", "Issuance of Debt": "-18.79", "Repayment of Debt": "-5.491", "Free Cash Flow": "5,707"}, "6/30/2020": {"Duration": "6/30/2020", "Operating Cash Flow": "1,661", "Investing Cash Flow": "1,301", "Financing Cash Flow": "289.069", "End Cash Position": "9,826", "Income Tax Paid Supplemental Data": "-", "Interest Paid Supplemental Data": "16.754", "Capital Expenditure": "-777.264", "Issuance of Debt": "385.728", "Repayment of Debt": "-96.659", "Free Cash Flow": "884.231"}, "6/30/2019": {"Duration": "6/30/2019", "Operating Cash Flow": "875.798", "Investing Cash Flow": "-1,778", "Financing Cash Flow": "-108.898", "End Cash Position": "6,495", "Income Tax Paid Supplemental Data": "202.363", "Interest Paid Supplemental Data": "29.493", "Capital Expenditure": "-50.165", "Issuance of Debt": "0", "Repayment of Debt": "-108.898", "Free Cash Flow": "825.633"}, "6/30/2018": {"Duration": "6/30/2018", "Operating Cash Flow": "3,002", "Investing Cash Flow": "-2,333", "Financing Cash Flow": "110.944", "End Cash Position": "7,524", "Income Tax Paid Supplemental Data": "965.272", "Interest Paid Supplemental Data": "0", "Capital Expenditure": "-318.064", "Issuance of Debt": "178.604", "Repayment of Debt": "-67.66", "Free Cash Flow": "2,684"}}}}, {"VGTL": {"quote": {"05/12/2021": {"value": "0.0017", "Market Cap": "9,716", "Beta (5Y Monthly)": "5.09", "PE Ratio (TTM)": "N/A", "EPS (TTM)": "-0.0880", "Earnings Date": "N/A", "Forward Dividend & Yield": "N/A (N/A)", "Ex-Dividend Date": "N/A", "1y Target Est": "N/A"}}, "fin": {}, "bs": {}, "cf": {}}}, {"PMOZ": {"quote": {"05/12/2021": {"value": "0.0100", "Market Cap": "257,472", "Beta (5Y Monthly)": "11.50", "PE Ratio (TTM)": "N/A", "EPS (TTM)": "-0.0400", "Earnings Date": "N/A", "Forward Dividend & Yield": "N/A (N/A)", "Ex-Dividend Date": "N/A", "1y Target Est": "N/A"}}, "fin": {}, "bs": {}, "cf": {}}}, {"ZAYO": {"fin": {}, "bs": {}, "cf": {}}}, {"TRKK": {"fin": {}, "bs": {}, "cf": {}}}]