[{"BHE": {"quote": {"05/08/2021": {"value": "30.82", "Market Cap": "1.117B", "Beta (5Y Monthly)": "1.17", "PE Ratio (TTM)": "61.89", "EPS (TTM)": "0.50", "Earnings Date": "Jul 27, 2021 - Aug 02, 2021", "Forward Dividend & Yield": "0.64 (2.10%)", "Ex-Dividend Date": "Mar 30, 2021", "1y Target Est": "34.67"}}, "fin": {"TTM": {"Duration": "TTM", "Total Revenue": "2,043,888", "Cost of Revenue": "1,869,974", "Gross Profit": "173,914", "Operating Expense": "129,484", "Operating Income": "44,430", "Net Non Operating Interest Income Expense": "-8,049", "Other Income Expense": "-14,139", "Pretax Income": "22,242", "Tax Provision": "4,122", "Net Income Common Stockholders": "18,120", "Diluted NI Available to Com Stockholders": "18,120", "Basic EPS": "-", "Diluted EPS": "-", "Basic Average Shares": "-", "Diluted Average Shares": "-", "Total Operating Income as Reported": "30,578", "Total Expenses": "1,999,458", "Net Income from Continuing & Discontinued Operation": "18,120", "Normalized Income": "33,310", "Interest Income": "762", "Interest Expense": "8,811", "Net Interest Income": "-8,049", "EBIT": "31,053", "EBITDA": "78,708", "Reconciled Cost of Revenue": "1,830,635", "Reconciled Depreciation": "47,655", "Net Income from Continuing Operation Net Minority Interest": "18,120", "Total Unusual Items Excluding Goodwill": "-18,646", "Total Unusual Items": "-18,646", "Normalized EBITDA": "97,354", "Tax Rate for Calcs": "0", "Tax Effect of Unusual Items": "-3,456"}, "12/31/2020": {"Duration": "12/31/2020", "Total Revenue": "2,053,131", "Cost of Revenue": "1,878,083", "Gross Profit": "175,048", "Operating Expense": "131,294", "Operating Income": "43,754", "Net Non Operating Interest Income Expense": "-7,168", "Other Income Expense": "-19,293", "Pretax Income": "17,293", "Tax Provision": "3,238", "Net Income Common Stockholders": "14,055", "Diluted NI Available to Com Stockholders": "14,055", "Basic EPS": "0.38", "Diluted EPS": "0.38", "Basic Average Shares": "36,524", "Diluted Average Shares": "36,817", "Total Operating Income as Reported": "25,134", "Total Expenses": "2,009,377", "Net Income from Continuing & Discontinued Operation": "14,055", "Normalized Income": "30,370", "Interest Income": "1,196", "Interest Expense": "8,364", "Net Interest Income": "-7,168", "EBIT": "25,657", "EBITDA": "-", "Reconciled Cost of Revenue": "1,838,390", "Reconciled Depreciation": "48,792", "Net Income from Continuing Operation Net Minority Interest": "14,055", "Total Unusual Items Excluding Goodwill": "-19,970", "Total Unusual Items": "-19,970", "Normalized EBITDA": "94,419", "Tax Rate for Calcs": "0", "Tax Effect of Unusual Items": "-3,655"}, "12/31/2019": {"Duration": "12/31/2019", "Total Revenue": "2,268,095", "Cost of Revenue": "2,067,689", "Gross Profit": "200,406", "Operating Expense": "151,079", "Operating Income": "49,327", "Net Non Operating Interest Income Expense": "-2,835", "Other Income Expense": "-19,223", "Pretax Income": "27,269", "Tax Provision": "3,844", "Net Income Common Stockholders": "23,425", "Diluted NI Available to Com Stockholders": "23,425", "Basic EPS": "0.61", "Diluted EPS": "0.60", "Basic Average Shares": "38,338", "Diluted Average Shares": "38,763", "Total Operating Income as Reported": "28,545", "Total Expenses": "2,218,768", "Net Income from Continuing & Discontinued Operation": "23,425", "Normalized Income": "34,679", "Interest Income": "3,829", "Interest Expense": "6,664", "Net Interest Income": "-2,835", "EBIT": "33,933", "EBITDA": "-", "Reconciled Cost of Revenue": "2,028,723", "Reconciled Depreciation": "48,427", "Net Income from Continuing Operation Net Minority Interest": "23,425", "Total Unusual Items Excluding Goodwill": "-13,101", "Total Unusual Items": "-13,101", "Normalized EBITDA": "95,461", "Tax Rate for Calcs": "0", "Tax Effect of Unusual Items": "-1,847"}, "12/31/2018": {"Duration": "12/31/2018", "Total Revenue": "2,566,465", "Cost of Revenue": "2,345,872", "Gross Profit": "220,593", "Operating Expense": "152,690", "Operating Income": "67,903", "Net Non Operating Interest Income Expense": "-3,625", "Other Income Expense": "-8,737", "Pretax Income": "55,541", "Tax Provision": "32,724", "Net Income Common Stockholders": "22,817", "Diluted NI Available to Com Stockholders": "22,817", "Basic EPS": "0.49", "Diluted EPS": "0.49", "Basic Average Shares": "46,332", "Diluted Average Shares": "46,655", "Total Operating Income as Reported": "58,538", "Total Expenses": "2,498,562", "Net Income from Continuing & Discontinued Operation": "22,817", "Normalized Income": "29,653", "Interest Income": "6,848", "Interest Expense": "10,473", "Net Interest Income": "-3,625", "EBIT": "66,014", "EBITDA": "-", "Reconciled Cost of Revenue": "2,303,518", "Reconciled Depreciation": "51,839", "Net Income from Continuing Operation Net Minority Interest": "22,817", "Total Unusual Items Excluding Goodwill": "-9,365", "Total Unusual Items": "-9,365", "Normalized EBITDA": "127,218", "Tax Rate for Calcs": "0", "Tax Effect of Unusual Items": "-2,529"}}, "bs": {"12/31/2020": {"Duration": "12/31/2020", "Total Assets": "1,744,235", "Total Liabilities Net Minority Interest": "754,647", "Total Equity Gross Minority Interest": "989,588", "Total Capitalization": "1,120,639", "Common Stock Equity": "989,588", "Capital Lease Obligations": "72,120", "Net Tangible Assets": "727,495", "Working Capital": "721,215", "Invested Capital": "1,129,800", "Tangible Book Value": "727,495", "Total Debt": "212,332", "Share Issued": "36,295", "Ordinary Shares Number": "36,295"}, "12/31/2019": {"Duration": "12/31/2019", "Total Assets": "1,759,874", "Total Liabilities Net Minority Interest": "745,042", "Total Equity Gross Minority Interest": "1,014,832", "Total Capitalization": "1,153,744", "Common Stock Equity": "1,014,832", "Capital Lease Obligations": "67,898", "Net Tangible Assets": "746,923", "Working Capital": "735,837", "Invested Capital": "1,162,569", "Tangible Book Value": "746,923", "Total Debt": "215,635", "Share Issued": "36,957", "Ordinary Shares Number": "36,957"}, "12/31/2018": {"Duration": "12/31/2018", "Total Assets": "1,899,783", "Total Liabilities Net Minority Interest": "767,558", "Total Equity Gross Minority Interest": "1,132,225", "Total Capitalization": "1,132,225", "Common Stock Equity": "1,132,225", "Capital Lease Obligations": "154,070", "Net Tangible Assets": "940,109", "Working Capital": "866,391", "Invested Capital": "1,132,225", "Tangible Book Value": "940,109", "Total Debt": "154,070", "Share Issued": "41,357", "Ordinary Shares Number": "41,357"}}, "cf": {"TTM": {"Duration": "TTM", "Operating Cash Flow": "160,160", "Investing Cash Flow": "-29,301", "Financing Cash Flow": "-147,824", "End Cash Position": "394,821", "Income Tax Paid Supplemental Data": "-", "Interest Paid Supplemental Data": "-", "Capital Expenditure": "-33,045", "Issuance of Debt": "-", "Repayment of Debt": "-", "Repurchase of Capital Stock": "-18,943", "Free Cash Flow": "127,115"}, "12/31/2020": {"Duration": "12/31/2020", "Operating Cash Flow": "120,438", "Investing Cash Flow": "-34,383", "Financing Cash Flow": "-57,526", "End Cash Position": "395,990", "Income Tax Paid Supplemental Data": "-", "Interest Paid Supplemental Data": "-", "Capital Expenditure": "-39,519", "Issuance of Debt": "110,864", "Repayment of Debt": "-118,851", "Repurchase of Capital Stock": "-25,220", "Free Cash Flow": "80,919"}, "12/31/2019": {"Duration": "12/31/2019", "Operating Cash Flow": "93,136", "Investing Cash Flow": "-34,863", "Financing Cash Flow": "-152,837", "End Cash Position": "363,956", "Income Tax Paid Supplemental Data": "16,895", "Interest Paid Supplemental Data": "8,347", "Capital Expenditure": "-35,118", "Issuance of Debt": "0", "Repayment of Debt": "-6,794", "Repurchase of Capital Stock": "-122,110", "Free Cash Flow": "58,018"}, "12/31/2018": {"Duration": "12/31/2018", "Operating Cash Flow": "76,687", "Investing Cash Flow": "-68,849", "Financing Cash Flow": "-290,967", "End Cash Position": "458,102", "Income Tax Paid Supplemental Data": "48,918", "Interest Paid Supplemental Data": "7,868", "Capital Expenditure": "-66,732", "Issuance of Debt": "50,000", "Repayment of Debt": "-108,024", "Repurchase of Capital Stock": "-211,858", "Free Cash Flow": "9,955"}}}}, {"IEC": {"quote": {"05/08/2021": {"value": "11.59", "Market Cap": "123.079M", "Beta (5Y Monthly)": "1.08", "PE Ratio (TTM)": "24.15", "EPS (TTM)": "0.48", "Earnings Date": "Aug 03, 2021 - Aug 09, 2021", "Forward Dividend & Yield": "N/A (N/A)", "Ex-Dividend Date": "N/A", "1y Target Est": "16.75"}}, "fin": {"TTM": {"Duration": "TTM", "Total Revenue": "185,461", "Cost of Revenue": "160,840", "Gross Profit": "24,621", "Operating Expense": "14,206", "Operating Income": "10,415", "Net Non Operating Interest Income Expense": "-1,480", "Pretax Income": "8,935", "Tax Provision": "1,834", "Net Income Common Stockholders": "7,071", "Average Dilution Earnings": "30", "Diluted NI Available to Com Stockholders": "7,101", "Basic EPS": "-", "Diluted EPS": "-", "Basic Average Shares": "-", "Diluted Average Shares": "-", "Total Operating Income as Reported": "10,415", "Total Expenses": "175,046", "Net Income from Continuing & Discontinued Operation": "7,101", "Normalized Income": "7,101", "Interest Expense": "1,480", "Net Interest Income": "-1,480", "EBIT": "10,415", "EBITDA": "14,098", "Reconciled Cost of Revenue": "160,840", "Reconciled Depreciation": "3,683", "Net Income from Continuing Operation Net Minority Interest": "7,101", "Normalized EBITDA": "14,098", "Tax Rate for Calcs": "0", "Tax Effect of Unusual Items": "0"}, "9/30/2020": {"Duration": "9/30/2020", "Total Revenue": "182,714", "Cost of Revenue": "158,594", "Gross Profit": "24,120", "Operating Expense": "13,986", "Operating Income": "10,134", "Net Non Operating Interest Income Expense": "-1,438", "Pretax Income": "8,696", "Tax Provision": "1,943", "Net Income Common Stockholders": "6,721", "Average Dilution Earnings": "32", "Diluted NI Available to Com Stockholders": "6,753", "Basic EPS": "0.65", "Diluted EPS": "0.63", "Basic Average Shares": "10,417", "Diluted Average Shares": "10,727", "Total Operating Income as Reported": "10,134", "Total Expenses": "172,580", "Net Income from Continuing & Discontinued Operation": "6,753", "Normalized Income": "6,753", "Interest Expense": "1,438", "Net Interest Income": "-1,438", "EBIT": "10,134", "EBITDA": "-", "Reconciled Cost of Revenue": "158,594", "Reconciled Depreciation": "3,332", "Net Income from Continuing Operation Net Minority Interest": "6,753", "Normalized EBITDA": "13,466", "Tax Rate for Calcs": "0", "Tax Effect of Unusual Items": "0"}, "9/30/2019": {"Duration": "9/30/2019", "Total Revenue": "156,981", "Cost of Revenue": "135,337", "Gross Profit": "21,644", "Operating Expense": "14,076", "Operating Income": "7,568", "Net Non Operating Interest Income Expense": "-1,645", "Pretax Income": "5,923", "Tax Provision": "1,176", "Net Income Common Stockholders": "4,709", "Average Dilution Earnings": "38", "Diluted NI Available to Com Stockholders": "4,747", "Basic EPS": "0.46", "Diluted EPS": "0.45", "Basic Average Shares": "10,307", "Diluted Average Shares": "10,518", "Total Operating Income as Reported": "7,568", "Total Expenses": "149,413", "Net Income from Continuing & Discontinued Operation": "4,747", "Normalized Income": "4,747", "Interest Expense": "1,645", "Net Interest Income": "-1,645", "EBIT": "7,568", "EBITDA": "-", "Reconciled Cost of Revenue": "135,337", "Reconciled Depreciation": "2,832", "Net Income from Continuing Operation Net Minority Interest": "4,747", "Normalized EBITDA": "10,400", "Tax Rate for Calcs": "0", "Tax Effect of Unusual Items": "0"}, "9/30/2018": {"Duration": "9/30/2018", "Total Revenue": "116,922", "Cost of Revenue": "102,765", "Gross Profit": "14,157", "Operating Expense": "11,438", "Operating Income": "2,719", "Net Non Operating Interest Income Expense": "-1,146", "Pretax Income": "1,573", "Tax Provision": "-8,837", "Net Income Common Stockholders": "10,306", "Average Dilution Earnings": "104", "Diluted NI Available to Com Stockholders": "10,410", "Basic EPS": "1.01", "Diluted EPS": "1.01", "Basic Average Shares": "10,229", "Diluted Average Shares": "10,320", "Total Operating Income as Reported": "2,719", "Total Expenses": "114,203", "Net Income from Continuing & Discontinued Operation": "10,410", "Normalized Income": "10,410", "Interest Expense": "1,146", "Net Interest Income": "-1,146", "EBIT": "2,719", "EBITDA": "-", "Reconciled Cost of Revenue": "102,765", "Reconciled Depreciation": "2,351", "Net Income from Continuing Operation Net Minority Interest": "10,410", "Normalized EBITDA": "5,070", "Tax Rate for Calcs": "0", "Tax Effect of Unusual Items": "0"}}, "bs": {"9/30/2020": {"Duration": "9/30/2020", "Total Assets": "122,964", "Total Liabilities Net Minority Interest": "83,809", "Total Equity Gross Minority Interest": "39,155", "Total Capitalization": "58,849", "Common Stock Equity": "39,155", "Capital Lease Obligations": "9,079", "Net Tangible Assets": "39,155", "Working Capital": "38,448", "Invested Capital": "58,849", "Tangible Book Value": "39,155", "Total Debt": "28,773", "Net Debt": "19,382", "Share Issued": "11,556", "Ordinary Shares Number": "10,501", "Treasury Shares Number": "1,055"}, "9/30/2019": {"Duration": "9/30/2019", "Total Assets": "110,832", "Total Liabilities Net Minority Interest": "79,592", "Total Equity Gross Minority Interest": "31,240", "Total Capitalization": "60,150", "Common Stock Equity": "31,240", "Capital Lease Obligations": "7,023", "Net Tangible Assets": "31,240", "Working Capital": "40,915", "Invested Capital": "61,521", "Tangible Book Value": "31,240", "Total Debt": "37,304", "Net Debt": "30,281", "Share Issued": "11,394", "Ordinary Shares Number": "10,339", "Treasury Shares Number": "1,055"}, "9/30/2018": {"Duration": "9/30/2018", "Total Assets": "90,448", "Total Liabilities Net Minority Interest": "65,072", "Total Equity Gross Minority Interest": "25,376", "Total Capitalization": "41,378", "Common Stock Equity": "25,376", "Capital Lease Obligations": "7,333", "Net Tangible Assets": "25,376", "Working Capital": "20,748", "Invested Capital": "42,827", "Tangible Book Value": "25,376", "Total Debt": "24,784", "Net Debt": "17,451", "Share Issued": "11,304", "Ordinary Shares Number": "10,249", "Treasury Shares Number": "1,055"}}, "cf": {"TTM": {"Duration": "TTM", "Operating Cash Flow": "7,764", "Investing Cash Flow": "-13,543", "Financing Cash Flow": "5,881", "End Cash Position": "-", "Income Tax Paid Supplemental Data": "132", "Interest Paid Supplemental Data": "1,339", "Capital Expenditure": "-13,543", "Issuance of Debt": "101,195", "Repayment of Debt": "-95,220", "Free Cash Flow": "-5,779"}, "9/30/2020": {"Duration": "9/30/2020", "Operating Cash Flow": "15,020", "Investing Cash Flow": "-6,268", "Financing Cash Flow": "-8,440", "End Cash Position": "312", "Income Tax Paid Supplemental Data": "147", "Interest Paid Supplemental Data": "1,351", "Capital Expenditure": "-6,268", "Issuance of Debt": "78,236", "Repayment of Debt": "-87,015", "Free Cash Flow": "8,752"}, "9/30/2019": {"Duration": "9/30/2019", "Operating Cash Flow": "-10,456", "Investing Cash Flow": "-2,098", "Financing Cash Flow": "12,554", "End Cash Position": "0", "Income Tax Paid Supplemental Data": "7", "Interest Paid Supplemental Data": "1,623", "Capital Expenditure": "-2,118", "Issuance of Debt": "81,616", "Repayment of Debt": "-69,116", "Free Cash Flow": "-12,574"}, "9/30/2018": {"Duration": "9/30/2018", "Operating Cash Flow": "-203", "Investing Cash Flow": "-1,982", "Financing Cash Flow": "2,185", "End Cash Position": "0", "Income Tax Paid Supplemental Data": "7", "Interest Paid Supplemental Data": "1,151", "Capital Expenditure": "-3,934", "Issuance of Debt": "63,530", "Repayment of Debt": "-61,318", "Free Cash Flow": "-4,137"}}}}, {"ELTK": {"quote": {"05/08/2021": {"value": "7.25", "Market Cap": "42.343M", "Beta (5Y Monthly)": "-2.67", "PE Ratio (TTM)": "12.50", "EPS (TTM)": "0.58", "Earnings Date": "May 31, 2021 - Jun 04, 2021", "Forward Dividend & Yield": "N/A (N/A)", "Ex-Dividend Date": "N/A", "1y Target Est": "N/A"}}, "fin": {"TTM": {"Duration": "TTM", "Total Revenue": "36,707", "Cost of Revenue": "28,969", "Gross Profit": "7,738", "Operating Expense": "4,706", "Operating Income": "3,032", "Net Non Operating Interest Income Expense": "-210", "Other Income Expense": "-143", "Pretax Income": "2,679", "Tax Provision": "71", "Net Income Common Stockholders": "2,608", "Diluted NI Available to Com Stockholders": "2,608", "Basic EPS": "-", "Diluted EPS": "-", "Basic Average Shares": "-", "Diluted Average Shares": "-", "Total Operating Income as Reported": "3,032", "Total Expenses": "33,675", "Net Income from Continuing & Discontinued Operation": "2,608", "Normalized Income": "2,732", "Interest Expense": "16", "Net Interest Income": "-210", "EBIT": "2,695", "EBITDA": "4,287", "Reconciled Cost of Revenue": "28,969", "Reconciled Depreciation": "1,592", "Net Income from Continuing Operation Net Minority Interest": "2,608", "Total Unusual Items Excluding Goodwill": "-127", "Total Unusual Items": "-127", "Normalized EBITDA": "4,414", "Tax Rate for Calcs": "0", "Tax Effect of Unusual Items": "-3.3658"}, "12/31/2020": {"Duration": "12/31/2020", "Total Revenue": "36,707", "Cost of Revenue": "28,969", "Gross Profit": "7,738", "Operating Expense": "4,706", "Operating Income": "3,032", "Net Non Operating Interest Income Expense": "-210", "Other Income Expense": "-143", "Pretax Income": "2,679", "Tax Provision": "71", "Net Income Common Stockholders": "2,608", "Diluted NI Available to Com Stockholders": "2,608", "Basic EPS": "-", "Diluted EPS": "-", "Basic Average Shares": "-", "Diluted Average Shares": "-", "Total Operating Income as Reported": "3,032", "Total Expenses": "33,675", "Net Income from Continuing & Discontinued Operation": "2,608", "Normalized Income": "2,732", "Interest Expense": "16", "Net Interest Income": "-210", "EBIT": "2,695", "EBITDA": "-", "Reconciled Cost of Revenue": "28,969", "Reconciled Depreciation": "1,592", "Net Income from Continuing Operation Net Minority Interest": "2,608", "Total Unusual Items Excluding Goodwill": "-127", "Total Unusual Items": "-127", "Normalized EBITDA": "4,414", "Tax Rate for Calcs": "0", "Tax Effect of Unusual Items": "-3.3658"}, "12/31/2019": {"Duration": "12/31/2019", "Total Revenue": "34,794", "Cost of Revenue": "28,787", "Gross Profit": "6,007", "Operating Expense": "4,620", "Operating Income": "1,387", "Net Non Operating Interest Income Expense": "-335", "Other Income Expense": "818", "Pretax Income": "1,870", "Tax Provision": "77", "Net Income Common Stockholders": "1,793", "Diluted NI Available to Com Stockholders": "1,793", "Basic EPS": "0.48", "Diluted EPS": "0.48", "Basic Average Shares": "3,734", "Diluted Average Shares": "3,734", "Total Operating Income as Reported": "1,387", "Total Expenses": "33,407", "Net Income from Continuing & Discontinued Operation": "1,793", "Normalized Income": "1,894", "Interest Expense": "306", "Net Interest Income": "-335", "EBIT": "2,176", "EBITDA": "-", "Reconciled Cost of Revenue": "28,787", "Reconciled Depreciation": "1,508", "Net Income from Continuing Operation Net Minority Interest": "1,793", "Total Unusual Items Excluding Goodwill": "-105", "Total Unusual Items": "-105", "Normalized EBITDA": "3,789", "Tax Rate for Calcs": "0", "Tax Effect of Unusual Items": "-4.3235"}, "12/31/2018": {"Duration": "12/31/2018", "Total Revenue": "33,939", "Cost of Revenue": "31,342", "Gross Profit": "2,597", "Operating Expense": "4,669", "Operating Income": "-2,072", "Net Non Operating Interest Income Expense": "-451", "Other Income Expense": "-21", "Pretax Income": "-2,544", "Tax Provision": "63", "Net Income Common Stockholders": "-2,607", "Diluted NI Available to Com Stockholders": "-2,607", "Basic EPS": "-1.28", "Diluted EPS": "-1.28", "Basic Average Shares": "2,029", "Diluted Average Shares": "2,029", "Total Operating Income as Reported": "-2,072", "Total Expenses": "36,011", "Net Income from Continuing & Discontinued Operation": "-2,607", "Normalized Income": "-2,589", "Interest Expense": "384", "Net Interest Income": "-451", "EBIT": "-2,160", "EBITDA": "-", "Reconciled Cost of Revenue": "31,342", "Reconciled Depreciation": "1,649", "Net Income from Continuing Operation Net Minority Interest": "-2,607", "Total Unusual Items Excluding Goodwill": "-24", "Total Unusual Items": "-24", "Normalized EBITDA": "-487", "Tax Rate for Calcs": "0", "Tax Effect of Unusual Items": "-5.52"}}, "bs": {"12/31/2020": {"Duration": "12/31/2020", "Total Assets": "35,157", "Total Liabilities Net Minority Interest": "19,890", "Total Equity Gross Minority Interest": "15,267", "Total Capitalization": "16,762", "Common Stock Equity": "15,267", "Capital Lease Obligations": "9,014", "Net Tangible Assets": "15,267", "Working Capital": "9,119", "Invested Capital": "17,438", "Tangible Book Value": "15,267", "Total Debt": "11,185", "Net Debt": "-", "Share Issued": "5,840", "Ordinary Shares Number": "5,840"}, "12/31/2019": {"Duration": "12/31/2019", "Total Assets": "22,829", "Total Liabilities Net Minority Interest": "16,560", "Total Equity Gross Minority Interest": "6,269", "Total Capitalization": "6,656", "Common Stock Equity": "6,269", "Capital Lease Obligations": "2,477", "Net Tangible Assets": "6,269", "Working Capital": "-1,248", "Invested Capital": "12,248", "Tangible Book Value": "6,269", "Total Debt": "8,456", "Net Debt": "4,351", "Share Issued": "4,380", "Ordinary Shares Number": "4,380"}, "12/31/2018": {"Duration": "12/31/2018", "Total Assets": "18,160", "Total Liabilities Net Minority Interest": "17,278", "Total Equity Gross Minority Interest": "882", "Total Capitalization": "1,190", "Common Stock Equity": "882", "Capital Lease Obligations": "-", "Net Tangible Assets": "882", "Working Capital": "-5,314", "Invested Capital": "10,464", "Tangible Book Value": "882", "Total Debt": "9,582", "Net Debt": "8,590", "Share Issued": "2,029", "Ordinary Shares Number": "2,029"}}, "cf": {"TTM": {"Duration": "TTM", "Operating Cash Flow": "3,252", "Investing Cash Flow": "-1,140", "Financing Cash Flow": "814", "Other Cash Adjustment Inside Change in Cash": "-1,102", "End Cash Position": "4,735", "Income Tax Paid Supplemental Data": "-", "Interest Paid Supplemental Data": "163", "Capital Expenditure": "-1,140", "Issuance of Capital Stock": "5,594", "Issuance of Debt": "1,141", "Repayment of Debt": "-5,444", "Free Cash Flow": "2,112"}, "12/31/2020": {"Duration": "12/31/2020", "Operating Cash Flow": "3,252", "Investing Cash Flow": "-1,140", "Financing Cash Flow": "814", "Other Cash Adjustment Inside Change in Cash": "-1,102", "End Cash Position": "4,735", "Income Tax Paid Supplemental Data": "-", "Interest Paid Supplemental Data": "163", "Capital Expenditure": "-1,140", "Issuance of Capital Stock": "5,594", "Issuance of Debt": "1,141", "Repayment of Debt": "-5,444", "Free Cash Flow": "2,112"}, "12/31/2019": {"Duration": "12/31/2019", "Operating Cash Flow": "2,578", "Investing Cash Flow": "-806", "Financing Cash Flow": "-1,132", "Other Cash Adjustment Inside Change in Cash": "-", "End Cash Position": "1,628", "Income Tax Paid Supplemental Data": "-", "Interest Paid Supplemental Data": "232", "Capital Expenditure": "-931", "Issuance of Capital Stock": "3,298", "Issuance of Debt": "558", "Repayment of Debt": "-891", "Free Cash Flow": "1,647"}, "12/31/2018": {"Duration": "12/31/2018", "Operating Cash Flow": "-813", "Investing Cash Flow": "-619", "Financing Cash Flow": "1,527", "Other Cash Adjustment Inside Change in Cash": "0", "End Cash Position": "992", "Income Tax Paid Supplemental Data": "-", "Interest Paid Supplemental Data": "212", "Capital Expenditure": "-619", "Issuance of Capital Stock": "-", "Issuance of Debt": "2,754", "Repayment of Debt": "-910", "Free Cash Flow": "-1,432"}}}}, {"FLEX": {"quote": {"05/08/2021": {"value": "18.69", "Market Cap": "9.33B", "Beta (5Y Monthly)": "N/A", "PE Ratio (TTM)": "15.45", "EPS (TTM)": "1.21", "Earnings Date": "Jul 28, 2021 - Aug 02, 2021", "Forward Dividend & Yield": "N/A (N/A)", "Ex-Dividend Date": "N/A", "1y Target Est": "22.86"}}, "fin": {"TTM": {"Duration": "TTM", "Total Revenue": "24,124,000", "Cost of Revenue": "22,437,000", "Gross Profit": "1,687,000", "Operating Expense": "879,000", "Operating Income": "808,000", "Net Non Operating Interest Income Expense": "-148,000", "Other Income Expense": "54,000", "Pretax Income": "714,000", "Tax Provision": "101,000", "Net Income Common Stockholders": "613,000", "Diluted NI Available to Com Stockholders": "613,000", "Basic EPS": "-", "Diluted EPS": "-", "Basic Average Shares": "-", "Diluted Average Shares": "-", "Total Expenses": "23,316,000", "Net Income from Continuing & Discontinued Operation": "613,000", "Normalized Income": "624,161", "Interest Income": "15,382", "Interest Expense": "-", "Net Interest Income": "-148,000", "EBIT": "808,000", "EBITDA": "1,377,000", "Reconciled Cost of Revenue": "21,930,000", "Reconciled Depreciation": "569,000", "Net Income from Continuing Operation Net Minority Interest": "613,000", "Total Unusual Items Excluding Goodwill": "-13,000", "Total Unusual Items": "-13,000", "Normalized EBITDA": "1,390,000", "Tax Rate for Calcs": "0", "Tax Effect of Unusual Items": "-1,839"}, "3/31/2021": {"Duration": "3/31/2021", "Total Revenue": "24,124,000", "Cost of Revenue": "22,437,000", "Gross Profit": "1,687,000", "Operating Expense": "879,000", "Operating Income": "808,000", "Net Non Operating Interest Income Expense": "-148,000", "Other Income Expense": "54,000", "Pretax Income": "714,000", "Tax Provision": "101,000", "Net Income Common Stockholders": "613,000", "Diluted NI Available to Com Stockholders": "613,000", "Basic EPS": "-", "Diluted EPS": "-", "Basic Average Shares": "-", "Diluted Average Shares": "-", "Total Expenses": "23,316,000", "Net Income from Continuing & Discontinued Operation": "613,000", "Normalized Income": "624,161", "Interest Income": "-", "Interest Expense": "-", "Net Interest Income": "-148,000", "EBIT": "808,000", "EBITDA": "-", "Reconciled Cost of Revenue": "21,930,000", "Reconciled Depreciation": "569,000", "Net Income from Continuing Operation Net Minority Interest": "613,000", "Total Unusual Items Excluding Goodwill": "-13,000", "Total Unusual Items": "-13,000", "Normalized EBITDA": "1,390,000", "Tax Rate for Calcs": "0", "Tax Effect of Unusual Items": "-1,839"}, "3/31/2020": {"Duration": "3/31/2020", "Total Revenue": "24,209,870", "Cost of Revenue": "22,871,914", "Gross Profit": "1,337,956", "Operating Expense": "898,211", "Operating Income": "439,745", "Net Non Operating Interest Income Expense": "-126,596", "Other Income Expense": "-154,664", "Pretax Income": "158,485", "Tax Provision": "70,906", "Net Income Common Stockholders": "87,579", "Diluted NI Available to Com Stockholders": "87,579", "Basic EPS": "0.17", "Diluted EPS": "0.17", "Basic Average Shares": "515,171", "Diluted Average Shares": "515,171", "Total Expenses": "23,770,125", "Net Income from Continuing & Discontinued Operation": "87,579", "Normalized Income": "101,113", "Interest Income": "19,382", "Interest Expense": "145,978", "Net Interest Income": "-126,596", "EBIT": "304,463", "EBITDA": "-", "Reconciled Cost of Revenue": "22,187,970", "Reconciled Depreciation": "748,050", "Net Income from Continuing Operation Net Minority Interest": "87,579", "Total Unusual Items Excluding Goodwill": "-16,306", "Total Unusual Items": "-16,306", "Normalized EBITDA": "1,068,819", "Tax Rate for Calcs": "0", "Tax Effect of Unusual Items": "-2,772"}, "3/31/2019": {"Duration": "3/31/2019", "Total Revenue": "26,210,511", "Cost of Revenue": "24,692,736", "Gross Profit": "1,517,775", "Operating Expense": "1,027,473", "Operating Income": "490,302", "Net Non Operating Interest Income Expense": "-126,162", "Other Income Expense": "-182,014", "Pretax Income": "182,126", "Tax Provision": "88,727", "Net Income Common Stockholders": "93,399", "Diluted NI Available to Com Stockholders": "93,399", "Basic EPS": "0.18", "Diluted EPS": "0.18", "Basic Average Shares": "526,519", "Diluted Average Shares": "530,070", "Total Expenses": "25,720,209", "Net Income from Continuing & Discontinued Operation": "93,399", "Normalized Income": "104,299", "Interest Income": "19,496", "Interest Expense": "145,658", "Net Interest Income": "-126,162", "EBIT": "327,784", "EBITDA": "-", "Reconciled Cost of Revenue": "24,002,180", "Reconciled Depreciation": "764,952", "Net Income from Continuing Operation Net Minority Interest": "93,399", "Total Unusual Items Excluding Goodwill": "-13,133", "Total Unusual Items": "-13,133", "Normalized EBITDA": "1,105,869", "Tax Rate for Calcs": "0", "Tax Effect of Unusual Items": "-2,233"}}, "bs": {"3/31/2021": {"Duration": "3/31/2021", "Total Assets": "15,836,000", "Total Liabilities Net Minority Interest": "12,400,000", "Total Equity Gross Minority Interest": "3,436,000", "Total Capitalization": "6,951,000", "Common Stock Equity": "3,436,000", "Capital Lease Obligations": "562,000", "Net Tangible Assets": "2,133,000", "Working Capital": "3,529,000", "Invested Capital": "3,783,000", "Tangible Book Value": "2,133,000", "Total Debt": "4,345,000", "Net Debt": "1,146,000", "Share Issued": "499,172", "Ordinary Shares Number": "499,172", "Treasury Shares Number": "-"}, "3/31/2020": {"Duration": "3/31/2020", "Total Assets": "13,689,617", "Total Liabilities Net Minority Interest": "10,858,464", "Total Equity Gross Minority Interest": "2,831,153", "Total Capitalization": "5,520,262", "Common Stock Equity": "2,831,153", "Capital Lease Obligations": "528,967", "Net Tangible Assets": "1,504,182", "Working Capital": "1,875,185", "Invested Capital": "5,669,392", "Tangible Book Value": "1,504,182", "Total Debt": "3,367,206", "Net Debt": "915,553", "Share Issued": "547,666", "Ordinary Shares Number": "497,426", "Treasury Shares Number": "50,239"}, "3/31/2019": {"Duration": "3/31/2019", "Total Assets": "13,499,367", "Total Liabilities Net Minority Interest": "10,527,007", "Total Equity Gross Minority Interest": "2,972,360", "Total Capitalization": "5,394,264", "Common Stock Equity": "2,972,360", "Capital Lease Obligations": "-", "Net Tangible Assets": "1,568,310", "Working Capital": "1,505,919", "Invested Capital": "6,026,875", "Tangible Book Value": "1,568,310", "Total Debt": "3,054,515", "Net Debt": "1,357,890", "Share Issued": "566,788", "Ordinary Shares Number": "516,548", "Treasury Shares Number": "50,239"}}, "cf": {"TTM": {"Duration": "TTM", "Operating Cash Flow": "144,000", "Investing Cash Flow": "-202,000", "Financing Cash Flow": "743,000", "End Cash Position": "2,637,000", "Capital Expenditure": "-351,000", "Issuance of Capital Stock": "-", "Issuance of Debt": "2,065,000", "Repayment of Debt": "-1,142,000", "Repurchase of Capital Stock": "-183,000", "Free Cash Flow": "-207,000"}, "3/31/2021": {"Duration": "3/31/2021", "Operating Cash Flow": "144,000", "Investing Cash Flow": "-202,000", "Financing Cash Flow": "743,000", "End Cash Position": "2,637,000", "Capital Expenditure": "-351,000", "Issuance of Capital Stock": "-", "Issuance of Debt": "2,065,000", "Repayment of Debt": "-1,142,000", "Repurchase of Capital Stock": "-183,000", "Free Cash Flow": "-207,000"}, "3/31/2020": {"Duration": "3/31/2020", "Operating Cash Flow": "-1,533,276", "Investing Cash Flow": "2,279,030", "Financing Cash Flow": "-508,460", "End Cash Position": "1,922,686", "Capital Expenditure": "-461,745", "Issuance of Capital Stock": "-", "Issuance of Debt": "1,069,578", "Repayment of Debt": "-1,315,691", "Repurchase of Capital Stock": "-259,912", "Free Cash Flow": "-1,995,021"}, "3/31/2019": {"Duration": "3/31/2019", "Operating Cash Flow": "-2,971,024", "Investing Cash Flow": "3,252,897", "Financing Cash Flow": "-29,704", "End Cash Position": "1,696,625", "Capital Expenditure": "-725,606", "Issuance of Capital Stock": "245", "Issuance of Debt": "3,199,460", "Repayment of Debt": "-3,059,828", "Repurchase of Capital Stock": "-188,979", "Free Cash Flow": "-3,696,630"}}}}, {"KBAL": {"quote": {"05/08/2021": {"value": "12.77", "Market Cap": "467.298M", "Beta (5Y Monthly)": "0.90", "PE Ratio (TTM)": "52.34", "EPS (TTM)": "0.24", "Earnings Date": "Aug 02, 2021 - Aug 06, 2021", "Forward Dividend & Yield": "0.36 (2.82%)", "Ex-Dividend Date": "Jun 24, 2021", "1y Target Est": "17.50"}}, "fin": {"TTM": {"Duration": "TTM", "Total Revenue": "618,384", "Cost of Revenue": "405,429", "Gross Profit": "212,955", "Operating Expense": "174,906", "Operating Income": "38,049", "Net Non Operating Interest Income Expense": "613", "Other Income Expense": "-7,013", "Pretax Income": "31,649", "Tax Provision": "8,470", "Net Income Common Stockholders": "23,179", "Diluted NI Available to Com Stockholders": "23,179", "Basic EPS": "-", "Diluted EPS": "-", "Basic Average Shares": "-", "Diluted Average Shares": "-", "Total Operating Income as Reported": "29,450", "Total Expenses": "580,335", "Net Income from Continuing & Discontinued Operation": "23,179", "Normalized Income": "28,477", "Interest Income": "734", "Interest Expense": "121", "Net Interest Income": "613", "EBIT": "31,770", "EBITDA": "49,565", "Reconciled Cost of Revenue": "405,429", "Reconciled Depreciation": "17,795", "Net Income from Continuing Operation Net Minority Interest": "23,179", "Total Unusual Items Excluding Goodwill": "-7,234", "Total Unusual Items": "-7,234", "Normalized EBITDA": "56,799", "Tax Rate for Calcs": "0", "Tax Effect of Unusual Items": "-1,936"}, "6/30/2020": {"Duration": "6/30/2020", "Total Revenue": "727,859", "Cost of Revenue": "477,098", "Gross Profit": "250,761", "Operating Expense": "187,885", "Operating Income": "62,876", "Net Non Operating Interest Income Expense": "1,562", "Other Income Expense": "-8,308", "Pretax Income": "56,130", "Tax Provision": "15,076", "Net Income Common Stockholders": "41,054", "Diluted NI Available to Com Stockholders": "41,054", "Basic EPS": "1.11", "Diluted EPS": "1.11", "Basic Average Shares": "36,883", "Diluted Average Shares": "37,037", "Total Operating Income as Reported": "54,387", "Total Expenses": "664,983", "Net Income from Continuing & Discontinued Operation": "41,054", "Normalized Income": "47,259", "Interest Income": "1,641", "Interest Expense": "79", "Net Interest Income": "1,562", "EBIT": "56,209", "EBITDA": "-", "Reconciled Cost of Revenue": "477,098", "Reconciled Depreciation": "17,509", "Net Income from Continuing Operation Net Minority Interest": "41,054", "Total Unusual Items Excluding Goodwill": "-8,489", "Total Unusual Items": "-8,489", "Normalized EBITDA": "82,207", "Tax Rate for Calcs": "0", "Tax Effect of Unusual Items": "-2,284"}, "6/30/2019": {"Duration": "6/30/2019", "Total Revenue": "768,070", "Cost of Revenue": "513,518", "Gross Profit": "254,552", "Operating Expense": "204,140", "Operating Income": "50,412", "Net Non Operating Interest Income Expense": "1,757", "Other Income Expense": "-499", "Pretax Income": "51,670", "Tax Provision": "12,326", "Net Income Common Stockholders": "39,344", "Diluted NI Available to Com Stockholders": "39,344", "Basic EPS": "1.07", "Diluted EPS": "1.06", "Basic Average Shares": "36,842", "Diluted Average Shares": "37,064", "Total Operating Income as Reported": "49,475", "Total Expenses": "717,658", "Net Income from Continuing & Discontinued Operation": "39,344", "Normalized Income": "40,057", "Interest Income": "1,931", "Interest Expense": "174", "Net Interest Income": "1,757", "EBIT": "51,844", "EBITDA": "-", "Reconciled Cost of Revenue": "513,518", "Reconciled Depreciation": "16,580", "Net Income from Continuing Operation Net Minority Interest": "39,344", "Total Unusual Items Excluding Goodwill": "-937", "Total Unusual Items": "-937", "Normalized EBITDA": "69,361", "Tax Rate for Calcs": "0", "Tax Effect of Unusual Items": "-223.943"}, "6/30/2018": {"Duration": "6/30/2018", "Total Revenue": "685,600", "Cost of Revenue": "464,154", "Gross Profit": "221,446", "Operating Expense": "170,383", "Operating Income": "51,063", "Net Non Operating Interest Income Expense": "836", "Other Income Expense": "426", "Pretax Income": "52,325", "Tax Provision": "17,886", "Net Income Common Stockholders": "34,439", "Diluted NI Available to Com Stockholders": "34,439", "Basic EPS": "0.92", "Diluted EPS": "0.92", "Basic Average Shares": "37,314", "Diluted Average Shares": "37,494", "Total Operating Income as Reported": "51,063", "Total Expenses": "634,537", "Net Income from Continuing & Discontinued Operation": "34,439", "Normalized Income": "34,439", "Interest Income": "1,057", "Interest Expense": "221", "Net Interest Income": "836", "EBIT": "52,546", "EBITDA": "-", "Reconciled Cost of Revenue": "464,154", "Reconciled Depreciation": "15,470", "Net Income from Continuing Operation Net Minority Interest": "34,439", "Total Unusual Items Excluding Goodwill": "887", "Total Unusual Items": "887", "Normalized EBITDA": "68,016", "Tax Rate for Calcs": "0", "Tax Effect of Unusual Items": "0"}}, "bs": {"6/30/2020": {"Duration": "6/30/2020", "Total Assets": "386,267", "Total Liabilities Net Minority Interest": "141,471", "Total Equity Gross Minority Interest": "244,796", "Total Capitalization": "244,905", "Common Stock Equity": "244,796", "Capital Lease Obligations": "21,496", "Net Tangible Assets": "219,687", "Working Capital": "123,077", "Invested Capital": "244,932", "Tangible Book Value": "219,687", "Total Debt": "21,632", "Share Issued": "43,023", "Ordinary Shares Number": "36,913", "Treasury Shares Number": "6,110"}, "6/30/2019": {"Duration": "6/30/2019", "Total Assets": "364,666", "Total Liabilities Net Minority Interest": "148,176", "Total Equity Gross Minority Interest": "216,490", "Total Capitalization": "216,626", "Common Stock Equity": "216,490", "Capital Lease Obligations": "-", "Net Tangible Assets": "193,222", "Working Capital": "96,501", "Invested Capital": "216,651", "Tangible Book Value": "193,222", "Total Debt": "161", "Share Issued": "43,024", "Ordinary Shares Number": "36,812", "Treasury Shares Number": "6,212"}, "6/30/2018": {"Duration": "6/30/2018", "Total Assets": "330,168", "Total Liabilities Net Minority Interest": "137,144", "Total Equity Gross Minority Interest": "193,024", "Total Capitalization": "193,185", "Common Stock Equity": "193,024", "Capital Lease Obligations": "0", "Net Tangible Assets": "171,593", "Working Capital": "85,121", "Invested Capital": "193,208", "Tangible Book Value": "171,593", "Total Debt": "184", "Share Issued": "43,025", "Ordinary Shares Number": "37,124", "Treasury Shares Number": "5,901"}}, "cf": {"TTM": {"Duration": "TTM", "Operating Cash Flow": "40,917", "Investing Cash Flow": "-92,886", "Financing Cash Flow": "23,543", "End Cash Position": "43,647", "Capital Expenditure": "-16,509", "Issuance of Debt": "-", "Repayment of Debt": "-27", "Repurchase of Capital Stock": "-3,152", "Free Cash Flow": "24,408"}, "6/30/2020": {"Duration": "6/30/2020", "Operating Cash Flow": "29,798", "Investing Cash Flow": "6,141", "Financing Cash Flow": "-17,332", "End Cash Position": "92,444", "Capital Expenditure": "-21,076", "Issuance of Debt": "-", "Repayment of Debt": "-25", "Repurchase of Capital Stock": "-4,386", "Free Cash Flow": "8,722"}, "6/30/2019": {"Duration": "6/30/2019", "Operating Cash Flow": "64,967", "Investing Cash Flow": "-22,186", "Financing Cash Flow": "-22,265", "End Cash Position": "73,837", "Capital Expenditure": "-20,971", "Issuance of Debt": "0", "Repayment of Debt": "-23", "Repurchase of Capital Stock": "-10,807", "Free Cash Flow": "43,996"}, "6/30/2018": {"Duration": "6/30/2018", "Operating Cash Flow": "46,866", "Investing Cash Flow": "-35,216", "Financing Cash Flow": "-21,869", "End Cash Position": "52,663", "Capital Expenditure": "-22,299", "Issuance of Debt": "-", "Repayment of Debt": "-27", "Repurchase of Capital Stock": "-11,758", "Free Cash Flow": "24,567"}}}}, {"SGMA": {"quote": {"05/08/2021": {"value": "5.07", "Market Cap": "21.586M", "Beta (5Y Monthly)": "1.26", "PE Ratio (TTM)": "N/A", "EPS (TTM)": "-0.10", "Earnings Date": "Mar 10, 2021", "Forward Dividend & Yield": "N/A (N/A)", "Ex-Dividend Date": "N/A", "1y Target Est": "N/A"}}, "fin": {"TTM": {"Duration": "TTM", "Total Revenue": "266,445", "Cost of Revenue": "244,007", "Gross Profit": "22,438", "Operating Expense": "20,989", "Operating Income": "1,449", "Net Non Operating Interest Income Expense": "-1,317", "Other Income Expense": "-132.188", "Pretax Income": "-0.866", "Tax Provision": "385.741", "Net Income Common Stockholders": "-386.607", "Diluted NI Available to Com Stockholders": "-386.607", "Basic EPS": "-", "Diluted EPS": "-", "Basic Average Shares": "-", "Diluted Average Shares": "-", "Total Operating Income as Reported": "1,449", "Total Expenses": "264,996", "Net Income from Continuing & Discontinued Operation": "-386.607", "Normalized Income": "-386.607", "Interest Expense": "1,317", "Net Interest Income": "-1,317", "EBIT": "1,317", "EBITDA": "8,824", "Reconciled Cost of Revenue": "244,007", "Reconciled Depreciation": "7,507", "Net Income from Continuing Operation Net Minority Interest": "-386.607", "Total Unusual Items Excluding Goodwill": "-", "Total Unusual Items": "-", "Normalized EBITDA": "8,824", "Tax Rate for Calcs": "0", "Tax Effect of Unusual Items": "0"}, "4/30/2020": {"Duration": "4/30/2020", "Total Revenue": "281,042", "Cost of Revenue": "255,938", "Gross Profit": "25,105", "Operating Expense": "22,292", "Operating Income": "2,813", "Net Non Operating Interest Income Expense": "-1,839", "Other Income Expense": "119.613", "Pretax Income": "1,093", "Tax Provision": "650.032", "Net Income Common Stockholders": "443.102", "Diluted NI Available to Com Stockholders": "443.102", "Basic EPS": "0.10", "Diluted EPS": "0.10", "Basic Average Shares": "4,431", "Diluted Average Shares": "4,431", "Total Operating Income as Reported": "2,813", "Total Expenses": "278,230", "Net Income from Continuing & Discontinued Operation": "443.102", "Normalized Income": "443.102", "Interest Expense": "1,839", "Net Interest Income": "-1,839", "EBIT": "2,932", "EBITDA": "-", "Reconciled Cost of Revenue": "255,938", "Reconciled Depreciation": "7,398", "Net Income from Continuing Operation Net Minority Interest": "443.102", "Total Unusual Items Excluding Goodwill": "-", "Total Unusual Items": "-", "Normalized EBITDA": "10,330", "Tax Rate for Calcs": "0", "Tax Effect of Unusual Items": "0"}, "4/30/2019": {"Duration": "4/30/2019", "Total Revenue": "290,554", "Cost of Revenue": "264,212", "Gross Profit": "26,342", "Operating Expense": "23,263", "Operating Income": "3,079", "Net Non Operating Interest Income Expense": "-2,413", "Other Income Expense": "200.946", "Pretax Income": "866.301", "Tax Provision": "1,731", "Net Income Common Stockholders": "-865.114", "Diluted NI Available to Com Stockholders": "-865.114", "Basic EPS": "-0.20", "Diluted EPS": "-0.20", "Basic Average Shares": "4,326", "Diluted Average Shares": "4,326", "Total Operating Income as Reported": "3,079", "Total Expenses": "287,475", "Net Income from Continuing & Discontinued Operation": "-865.114", "Normalized Income": "-865.114", "Interest Expense": "2,413", "Net Interest Income": "-2,413", "EBIT": "3,280", "EBITDA": "-", "Reconciled Cost of Revenue": "264,212", "Reconciled Depreciation": "5,382", "Net Income from Continuing Operation Net Minority Interest": "-865.114", "Total Unusual Items Excluding Goodwill": "0", "Total Unusual Items": "0", "Normalized EBITDA": "8,662", "Tax Rate for Calcs": "0", "Tax Effect of Unusual Items": "0"}}, "bs": {"4/30/2020": {"Duration": "4/30/2020", "Total Assets": "176,079", "Total Liabilities Net Minority Interest": "117,203", "Total Equity Gross Minority Interest": "58,876", "Total Capitalization": "97,413", "Common Stock Equity": "58,876", "Capital Lease Obligations": "11,219", "Net Tangible Assets": "56,525", "Working Capital": "60,569", "Invested Capital": "100,291", "Tangible Book Value": "56,525", "Total Debt": "52,634", "Net Debt": "34,636", "Share Issued": "4,243", "Ordinary Shares Number": "4,243"}, "4/30/2019": {"Duration": "4/30/2019", "Total Assets": "161,465", "Total Liabilities Net Minority Interest": "103,177", "Total Equity Gross Minority Interest": "58,287", "Total Capitalization": "100,998", "Common Stock Equity": "58,287", "Capital Lease Obligations": "4,802", "Net Tangible Assets": "55,574", "Working Capital": "67,939", "Invested Capital": "101,690", "Tangible Book Value": "55,574", "Total Debt": "48,205", "Net Debt": "42,397", "Share Issued": "4,240", "Ordinary Shares Number": "4,240"}}, "cf": {"TTM": {"Duration": "TTM", "Operating Cash Flow": "4,723", "Investing Cash Flow": "-9,924", "Financing Cash Flow": "7,001", "End Cash Position": "2,745", "Income Tax Paid Supplemental Data": "605.776", "Interest Paid Supplemental Data": "1,295", "Capital Expenditure": "-5,149", "Issuance of Debt": "385,429", "Repayment of Debt": "-377,875", "Free Cash Flow": "-426.453"}, "4/30/2020": {"Duration": "4/30/2020", "Operating Cash Flow": "15,454", "Investing Cash Flow": "-5,415", "Financing Cash Flow": "-4,266", "End Cash Position": "6,779", "Income Tax Paid Supplemental Data": "827.63", "Interest Paid Supplemental Data": "1,841", "Capital Expenditure": "-4,646", "Issuance of Debt": "330,354", "Repayment of Debt": "-334,465", "Free Cash Flow": "10,808"}, "4/30/2019": {"Duration": "4/30/2019", "Operating Cash Flow": "-1,619", "Investing Cash Flow": "-2,362", "Financing Cash Flow": "3,265", "End Cash Position": "1,006", "Income Tax Paid Supplemental Data": "645.049", "Interest Paid Supplemental Data": "2,272", "Capital Expenditure": "-2,362", "Issuance of Debt": "333,790", "Repayment of Debt": "-330,254", "Free Cash Flow": "-3,981"}}}}, {"TTMI": {"quote": {"05/08/2021": {"value": "15.09", "Market Cap": "1.617B", "Beta (5Y Monthly)": "1.65", "PE Ratio (TTM)": "9.17", "EPS (TTM)": "1.65", "Earnings Date": "Jul 27, 2021 - Aug 02, 2021", "Forward Dividend & Yield": "N/A (N/A)", "Ex-Dividend Date": "N/A", "1y Target Est": "18.61"}}, "fin": {"TTM": {"Duration": "TTM", "Total Revenue": "2,134,108", "Cost of Revenue": "1,774,827", "Gross Profit": "359,281", "Operating Expense": "238,375", "Operating Income": "120,906", "Net Non Operating Interest Income Expense": "-64,764", "Other Income Expense": "-105,621", "Pretax Income": "-49,479", "Tax Provision": "-33,121", "Net Income Common Stockholders": "175,517", "Average Dilution Earnings": "-", "Diluted NI Available to Com Stockholders": "175,517", "Basic EPS": "-", "Diluted EPS": "-", "Basic Average Shares": "-", "Diluted Average Shares": "-", "Total Operating Income as Reported": "31,710", "Total Expenses": "2,013,202", "Net Income from Continuing & Discontinued Operation": "175,517", "Normalized Income": "46,290", "Interest Expense": "64,764", "Net Interest Income": "-64,764", "EBIT": "15,285", "EBITDA": "54,082", "Reconciled Cost of Revenue": "1,774,827", "Reconciled Depreciation": "38,797", "Net Income from Continuing Operation Net Minority Interest": "-16,358", "Total Unusual Items Excluding Goodwill": "-104,413", "Total Unusual Items": "-104,413", "Normalized EBITDA": "158,495", "Tax Rate for Calcs": "0", "Tax Effect of Unusual Items": "-41,765"}, "12/31/2020": {"Duration": "12/31/2020", "Total Revenue": "2,105,322", "Cost of Revenue": "1,746,299", "Gross Profit": "359,023", "Operating Expense": "244,967", "Operating Income": "114,056", "Net Non Operating Interest Income Expense": "-73,156", "Other Income Expense": "-87,177", "Pretax Income": "-46,277", "Tax Provision": "-29,891", "Net Income Common Stockholders": "177,535", "Average Dilution Earnings": "-", "Diluted NI Available to Com Stockholders": "177,535", "Basic EPS": "1.67", "Diluted EPS": "1.67", "Basic Average Shares": "106,366", "Diluted Average Shares": "106,366", "Total Operating Income as Reported": "28,092", "Total Expenses": "1,991,266", "Net Income from Continuing & Discontinued Operation": "177,535", "Normalized Income": "46,368", "Interest Expense": "73,156", "Net Interest Income": "-73,156", "EBIT": "26,879", "EBITDA": "-", "Reconciled Cost of Revenue": "1,619,008", "Reconciled Depreciation": "166,129", "Net Income from Continuing Operation Net Minority Interest": "-16,386", "Total Unusual Items Excluding Goodwill": "-85,964", "Total Unusual Items": "-85,964", "Normalized EBITDA": "278,972", "Tax Rate for Calcs": "0", "Tax Effect of Unusual Items": "-23,210"}, "12/31/2019": {"Duration": "12/31/2019", "Total Revenue": "2,689,308", "Cost of Revenue": "2,287,625", "Gross Profit": "401,683", "Operating Expense": "274,581", "Operating Income": "127,102", "Net Non Operating Interest Income Expense": "-83,234", "Other Income Expense": "2,316", "Pretax Income": "46,184", "Tax Provision": "4,883", "Net Income Common Stockholders": "41,301", "Average Dilution Earnings": "-", "Diluted NI Available to Com Stockholders": "41,301", "Basic EPS": "0.39", "Diluted EPS": "0.39", "Basic Average Shares": "105,195", "Diluted Average Shares": "106,332", "Total Operating Income as Reported": "120,121", "Total Expenses": "2,562,206", "Net Income from Continuing & Discontinued Operation": "41,301", "Normalized Income": "47,544", "Interest Expense": "83,234", "Net Interest Income": "-83,234", "EBIT": "129,418", "EBITDA": "-", "Reconciled Cost of Revenue": "2,116,229", "Reconciled Depreciation": "219,870", "Net Income from Continuing Operation Net Minority Interest": "41,301", "Total Unusual Items Excluding Goodwill": "-6,981", "Total Unusual Items": "-6,981", "Normalized EBITDA": "356,269", "Tax Rate for Calcs": "0", "Tax Effect of Unusual Items": "-738.0959"}, "12/31/2018": {"Duration": "12/31/2018", "Total Revenue": "2,847,261", "Cost of Revenue": "2,390,227", "Gross Profit": "457,034", "Operating Expense": "292,431", "Operating Income": "164,603", "Net Non Operating Interest Income Expense": "-78,958", "Other Income Expense": "4,123", "Pretax Income": "89,768", "Tax Provision": "-83,816", "Net Income Common Stockholders": "173,584", "Average Dilution Earnings": "11,906", "Diluted NI Available to Com Stockholders": "185,490", "Basic EPS": "1.68", "Diluted EPS": "1.38", "Basic Average Shares": "103,355", "Diluted Average Shares": "134,036", "Total Operating Income as Reported": "159,085", "Total Expenses": "2,682,658", "Net Income from Continuing & Discontinued Operation": "173,584", "Normalized Income": "177,612", "Interest Expense": "78,958", "Net Interest Income": "-78,958", "EBIT": "168,726", "EBITDA": "-", "Reconciled Cost of Revenue": "2,224,174", "Reconciled Depreciation": "225,734", "Net Income from Continuing Operation Net Minority Interest": "173,584", "Total Unusual Items Excluding Goodwill": "-5,518", "Total Unusual Items": "-5,518", "Normalized EBITDA": "399,978", "Tax Rate for Calcs": "0", "Tax Effect of Unusual Items": "-1,490"}}, "bs": {"12/31/2020": {"Duration": "12/31/2020", "Total Assets": "2,895,944", "Total Liabilities Net Minority Interest": "1,451,935", "Total Equity Gross Minority Interest": "1,444,009", "Total Capitalization": "2,286,862", "Common Stock Equity": "1,444,009", "Capital Lease Obligations": "17,211", "Net Tangible Assets": "525,378", "Working Capital": "730,712", "Invested Capital": "2,286,862", "Tangible Book Value": "525,378", "Total Debt": "860,064", "Net Debt": "391,288", "Share Issued": "106,770", "Ordinary Shares Number": "106,770"}, "12/31/2019": {"Duration": "12/31/2019", "Total Assets": "3,560,933", "Total Liabilities Net Minority Interest": "2,281,896", "Total Equity Gross Minority Interest": "1,279,037", "Total Capitalization": "2,504,999", "Common Stock Equity": "1,279,037", "Capital Lease Obligations": "16,517", "Net Tangible Assets": "172,238", "Working Capital": "396,018", "Invested Capital": "2,754,974", "Tangible Book Value": "172,238", "Total Debt": "1,492,454", "Net Debt": "1,075,783", "Share Issued": "105,510", "Ordinary Shares Number": "105,510"}, "12/31/2018": {"Duration": "12/31/2018", "Total Assets": "3,457,503", "Total Liabilities Net Minority Interest": "2,230,416", "Total Equity Gross Minority Interest": "1,227,087", "Total Capitalization": "2,689,512", "Common Stock Equity": "1,227,087", "Capital Lease Obligations": "-", "Net Tangible Assets": "84,119", "Working Capital": "533,700", "Invested Capital": "2,719,512", "Tangible Book Value": "84,119", "Total Debt": "1,492,425", "Net Debt": "1,236,065", "Share Issued": "103,687", "Ordinary Shares Number": "103,687"}}, "cf": {"TTM": {"Duration": "TTM", "Operating Cash Flow": "-", "Investing Cash Flow": "-", "Financing Cash Flow": "-", "End Cash Position": "-", "Income Tax Paid Supplemental Data": "-", "Interest Paid Supplemental Data": "-", "Capital Expenditure": "-", "Issuance of Debt": "-", "Repayment of Debt": "-", "Free Cash Flow": "-"}, "12/31/2020": {"Duration": "12/31/2020", "Operating Cash Flow": "287,176", "Investing Cash Flow": "404,292", "Financing Cash Flow": "-642,306", "End Cash Position": "451,565", "Income Tax Paid Supplemental Data": "18,081", "Interest Paid Supplemental Data": "59,209", "Capital Expenditure": "-103,289", "Issuance of Debt": "0", "Repayment of Debt": "-649,975", "Free Cash Flow": "183,887"}, "12/31/2019": {"Duration": "12/31/2019", "Operating Cash Flow": "311,937", "Investing Cash Flow": "-135,972", "Financing Cash Flow": "-31,813", "End Cash Position": "400,154", "Income Tax Paid Supplemental Data": "20,120", "Interest Paid Supplemental Data": "71,267", "Capital Expenditure": "-142,576", "Issuance of Debt": "0", "Repayment of Debt": "-30,010", "Free Cash Flow": "169,361"}, "12/31/2018": {"Duration": "12/31/2018", "Operating Cash Flow": "273,138", "Investing Cash Flow": "-746,192", "Financing Cash Flow": "321,056", "End Cash Position": "256,360", "Income Tax Paid Supplemental Data": "27,574", "Interest Paid Supplemental Data": "62,967", "Capital Expenditure": "-150,127", "Issuance of Debt": "623,000", "Repayment of Debt": "-292,982", "Free Cash Flow": "123,011"}}}}, {"SMTX": {"fin": {}, "bs": {}, "cf": {}}}]