[{"DGLY": {"quote": {"05/08/2021": {"value": "1.7100", "Market Cap": "88.088M", "Beta (5Y Monthly)": "0.71", "PE Ratio (TTM)": "N/A", "EPS (TTM)": "-0.1220", "Earnings Date": "May 18, 2021 - May 24, 2021", "Forward Dividend & Yield": "N/A (N/A)", "Ex-Dividend Date": "N/A", "1y Target Est": "N/A"}}, "fin": {"TTM": {"Duration": "TTM", "Total Revenue": "10,515", "Cost of Revenue": "6,452", "Gross Profit": "4,063", "Operating Expense": "11,726", "Operating Income": "-7,664", "Net Non Operating Interest Income Expense": "-329.392", "Other Income Expense": "5,367", "Pretax Income": "-2,626", "Tax Provision": "0", "Net Income Common Stockholders": "-2,626", "Diluted NI Available to Com Stockholders": "-2,626", "Basic EPS": "-", "Diluted EPS": "-", "Basic Average Shares": "-", "Diluted Average Shares": "-", "Total Operating Income as Reported": "-7,664", "Total Expenses": "18,179", "Net Income from Continuing & Discontinued Operation": "-2,626", "Normalized Income": "-9,293", "Interest Income": "47.893", "Interest Expense": "342.379", "Net Interest Income": "-329.392", "EBIT": "-2,284", "EBITDA": "-2,033", "Reconciled Cost of Revenue": "6,452", "Reconciled Depreciation": "250.156", "Net Income from Continuing Operation Net Minority Interest": "-2,626", "Total Unusual Items Excluding Goodwill": "6,667", "Total Unusual Items": "6,667", "Normalized EBITDA": "-8,701", "Tax Rate for Calcs": "0", "Tax Effect of Unusual Items": "0"}, "12/31/2020": {"Duration": "12/31/2020", "Total Revenue": "10,515", "Cost of Revenue": "6,452", "Gross Profit": "4,063", "Operating Expense": "11,726", "Operating Income": "-7,664", "Net Non Operating Interest Income Expense": "-329.392", "Other Income Expense": "5,367", "Pretax Income": "-2,626", "Tax Provision": "0", "Net Income Common Stockholders": "-2,626", "Diluted NI Available to Com Stockholders": "-2,626", "Basic EPS": "-", "Diluted EPS": "-", "Basic Average Shares": "-", "Diluted Average Shares": "-", "Total Operating Income as Reported": "-7,664", "Total Expenses": "18,179", "Net Income from Continuing & Discontinued Operation": "-2,626", "Normalized Income": "-9,293", "Interest Income": "47.893", "Interest Expense": "342.379", "Net Interest Income": "-329.392", "EBIT": "-2,284", "EBITDA": "-", "Reconciled Cost of Revenue": "6,452", "Reconciled Depreciation": "250.156", "Net Income from Continuing Operation Net Minority Interest": "-2,626", "Total Unusual Items Excluding Goodwill": "6,667", "Total Unusual Items": "6,667", "Normalized EBITDA": "-8,701", "Tax Rate for Calcs": "0", "Tax Effect of Unusual Items": "0"}, "12/31/2019": {"Duration": "12/31/2019", "Total Revenue": "10,441", "Cost of Revenue": "7,209", "Gross Profit": "3,233", "Operating Expense": "15,265", "Operating Income": "-12,033", "Net Non Operating Interest Income Expense": "-95.111", "Other Income Expense": "2,122", "Pretax Income": "-10,006", "Tax Provision": "0", "Net Income Common Stockholders": "-10,006", "Diluted NI Available to Com Stockholders": "-10,006", "Basic EPS": "-0.87", "Diluted EPS": "-0.87", "Basic Average Shares": "11,479", "Diluted Average Shares": "11,479", "Total Operating Income as Reported": "-6,033", "Total Expenses": "22,474", "Net Income from Continuing & Discontinued Operation": "-10,006", "Normalized Income": "-12,648", "Interest Income": "37.41", "Interest Expense": "43.373", "Net Interest Income": "-95.111", "EBIT": "-9,962", "EBITDA": "-", "Reconciled Cost of Revenue": "7,209", "Reconciled Depreciation": "390.151", "Net Income from Continuing Operation Net Minority Interest": "-10,006", "Total Unusual Items Excluding Goodwill": "2,642", "Total Unusual Items": "2,642", "Normalized EBITDA": "-12,214", "Tax Rate for Calcs": "0", "Tax Effect of Unusual Items": "0"}, "12/31/2018": {"Duration": "12/31/2018", "Total Revenue": "11,291", "Cost of Revenue": "7,330", "Gross Profit": "3,962", "Operating Expense": "14,518", "Operating Income": "-10,556", "Net Non Operating Interest Income Expense": "-1,698", "Other Income Expense": "-3,290", "Pretax Income": "-15,545", "Tax Provision": "0", "Net Income Common Stockholders": "-15,545", "Diluted NI Available to Com Stockholders": "-15,545", "Basic EPS": "-1.93", "Diluted EPS": "-1.93", "Basic Average Shares": "8,073", "Diluted Average Shares": "8,073", "Total Operating Income as Reported": "-10,556", "Total Expenses": "21,847", "Net Income from Continuing & Discontinued Operation": "-15,545", "Normalized Income": "-14,551", "Interest Income": "19.524", "Interest Expense": "1,367", "Net Interest Income": "-1,698", "EBIT": "-14,178", "EBITDA": "-", "Reconciled Cost of Revenue": "7,330", "Reconciled Depreciation": "500.177", "Net Income from Continuing Operation Net Minority Interest": "-15,545", "Total Unusual Items Excluding Goodwill": "-993.592", "Total Unusual Items": "-993.592", "Normalized EBITDA": "-12,684", "Tax Rate for Calcs": "0", "Tax Effect of Unusual Items": "0"}}, "bs": {"12/31/2020": {"Duration": "12/31/2020", "Total Assets": "20,798", "Total Liabilities Net Minority Interest": "6,441", "Total Equity Gross Minority Interest": "14,357", "Total Capitalization": "14,505", "Common Stock Equity": "14,357", "Capital Lease Obligations": "836.756", "Net Tangible Assets": "13,964", "Working Capital": "14,110", "Invested Capital": "14,517", "Tangible Book Value": "13,964", "Total Debt": "996.756", "Net Debt": "-", "Share Issued": "26,835", "Ordinary Shares Number": "26,771", "Treasury Shares Number": "63.518"}, "12/31/2019": {"Duration": "12/31/2019", "Total Assets": "8,917", "Total Liabilities Net Minority Interest": "15,234", "Total Equity Gross Minority Interest": "-6,317", "Total Capitalization": "-6,317", "Common Stock Equity": "-6,317", "Capital Lease Obligations": "203.62", "Net Tangible Assets": "-6,731", "Working Capital": "764.934", "Invested Capital": "-4,490", "Tangible Book Value": "-6,731", "Total Debt": "2,031", "Net Debt": "1,468", "Share Issued": "12,079", "Ordinary Shares Number": "12,016", "Treasury Shares Number": "63.518"}, "12/31/2018": {"Duration": "12/31/2018", "Total Assets": "14,339", "Total Liabilities Net Minority Interest": "15,751", "Total Equity Gross Minority Interest": "-1,412", "Total Capitalization": "-1,412", "Common Stock Equity": "-1,412", "Capital Lease Obligations": "0", "Net Tangible Assets": "-1,899", "Working Capital": "8,684", "Invested Capital": "-1,412", "Tangible Book Value": "-1,899", "Total Debt": "0", "Net Debt": "5,543", "Share Issued": "10,445", "Ordinary Shares Number": "10,382", "Treasury Shares Number": "63.518"}}, "cf": {"TTM": {"Duration": "TTM", "Operating Cash Flow": "-13,275", "Investing Cash Flow": "-1,499", "Financing Cash Flow": "18,776", "End Cash Position": "4,362", "Income Tax Paid Supplemental Data": "4.776", "Interest Paid Supplemental Data": "128.911", "Capital Expenditure": "-699.189", "Issuance of Capital Stock": "12,829", "Issuance of Debt": "3,488", "Repayment of Debt": "-1,467", "Free Cash Flow": "-13,974"}, "12/31/2020": {"Duration": "12/31/2020", "Operating Cash Flow": "-13,275", "Investing Cash Flow": "-1,499", "Financing Cash Flow": "18,776", "End Cash Position": "4,362", "Income Tax Paid Supplemental Data": "4.776", "Interest Paid Supplemental Data": "128.911", "Capital Expenditure": "-699.189", "Issuance of Capital Stock": "12,829", "Issuance of Debt": "3,488", "Repayment of Debt": "-1,467", "Free Cash Flow": "-13,974"}, "12/31/2019": {"Duration": "12/31/2019", "Operating Cash Flow": "-1,124", "Investing Cash Flow": "-266.144", "Financing Cash Flow": "-1,849", "End Cash Position": "359.685", "Income Tax Paid Supplemental Data": "3.755", "Interest Paid Supplemental Data": "30.937", "Capital Expenditure": "-266.144", "Issuance of Capital Stock": "1,564", "Issuance of Debt": "2,800", "Repayment of Debt": "-123.457", "Free Cash Flow": "-1,391"}, "12/31/2018": {"Duration": "12/31/2018", "Operating Cash Flow": "-9,012", "Investing Cash Flow": "-70.948", "Financing Cash Flow": "12,127", "End Cash Position": "3,599", "Income Tax Paid Supplemental Data": "-", "Interest Paid Supplemental Data": "-", "Capital Expenditure": "-147.216", "Issuance of Capital Stock": "7,414", "Issuance of Debt": "6,500", "Repayment of Debt": "-11,567", "Free Cash Flow": "-9,159"}}}}, {"DYSL": {"quote": {"05/08/2021": {"value": "1.2400", "Market Cap": "18.604M", "Beta (5Y Monthly)": "0.28", "PE Ratio (TTM)": "N/A", "EPS (TTM)": "-0.0220", "Earnings Date": "Aug 13, 2019", "Forward Dividend & Yield": "N/A (N/A)", "Ex-Dividend Date": "N/A", "1y Target Est": "N/A"}}, "fin": {"TTM": {"Duration": "TTM", "Total Revenue": "43,701", "Cost of Revenue": "27,627", "Gross Profit": "16,074", "Operating Expense": "16,062", "Operating Income": "12", "Net Non Operating Interest Income Expense": "-222", "Other Income Expense": "-", "Pretax Income": "-210", "Tax Provision": "182", "Net Income Common Stockholders": "-370", "Diluted NI Available to Com Stockholders": "-370", "Basic EPS": "-", "Diluted EPS": "-", "Basic Average Shares": "-", "Diluted Average Shares": "-", "Total Operating Income as Reported": "12", "Total Expenses": "43,689", "Net Income from Continuing & Discontinued Operation": "-370", "Normalized Income": "-370", "Net Interest Income": "-222", "EBIT": "12", "EBITDA": "1,432", "Reconciled Cost of Revenue": "27,627", "Reconciled Depreciation": "1,420", "Net Income from Continuing Operation Net Minority Interest": "-370", "Total Unusual Items Excluding Goodwill": "0", "Total Unusual Items": "0", "Normalized EBITDA": "1,432", "Tax Rate for Calcs": "0", "Tax Effect of Unusual Items": "0"}, "9/30/2019": {"Duration": "9/30/2019", "Total Revenue": "43,701", "Cost of Revenue": "27,627", "Gross Profit": "16,074", "Operating Expense": "16,062", "Operating Income": "12", "Net Non Operating Interest Income Expense": "-222", "Other Income Expense": "-", "Pretax Income": "-210", "Tax Provision": "182", "Net Income Common Stockholders": "-370", "Diluted NI Available to Com Stockholders": "-370", "Basic EPS": "-", "Diluted EPS": "-", "Basic Average Shares": "-", "Diluted Average Shares": "-", "Total Operating Income as Reported": "12", "Total Expenses": "43,689", "Net Income from Continuing & Discontinued Operation": "-370", "Normalized Income": "-370", "Net Interest Income": "-222", "EBIT": "12", "EBITDA": "-", "Reconciled Cost of Revenue": "27,627", "Reconciled Depreciation": "1,420", "Net Income from Continuing Operation Net Minority Interest": "-370", "Total Unusual Items Excluding Goodwill": "0", "Total Unusual Items": "0", "Normalized EBITDA": "1,432", "Tax Rate for Calcs": "0", "Tax Effect of Unusual Items": "0"}, "9/30/2018": {"Duration": "9/30/2018", "Total Revenue": "40,681", "Cost of Revenue": "25,445", "Gross Profit": "15,236", "Operating Expense": "14,892", "Operating Income": "344", "Net Non Operating Interest Income Expense": "-180", "Other Income Expense": "-182", "Pretax Income": "-18", "Tax Provision": "-1,608", "Net Income Common Stockholders": "1,760", "Diluted NI Available to Com Stockholders": "1,760", "Basic EPS": "0.10", "Diluted EPS": "0.10", "Basic Average Shares": "17,162", "Diluted Average Shares": "17,172", "Total Operating Income as Reported": "162", "Total Expenses": "40,337", "Net Income from Continuing & Discontinued Operation": "1,760", "Normalized Income": "1,893", "Net Interest Income": "-180", "EBIT": "344", "EBITDA": "-", "Reconciled Cost of Revenue": "25,445", "Reconciled Depreciation": "1,257", "Net Income from Continuing Operation Net Minority Interest": "1,760", "Total Unusual Items Excluding Goodwill": "-182", "Total Unusual Items": "-182", "Normalized EBITDA": "1,783", "Tax Rate for Calcs": "0", "Tax Effect of Unusual Items": "-49.14"}}, "bs": {"9/30/2019": {"Duration": "9/30/2019", "Total Assets": "30,827", "Total Liabilities Net Minority Interest": "12,039", "Total Equity Gross Minority Interest": "18,788", "Total Capitalization": "21,383", "Common Stock Equity": "17,521", "Capital Lease Obligations": "52", "Net Tangible Assets": "11,073", "Working Capital": "4,834", "Invested Capital": "23,501", "Tangible Book Value": "11,073", "Total Debt": "6,032", "Net Debt": "5,712", "Share Issued": "18,438", "Ordinary Shares Number": "14,803", "Treasury Shares Number": "3,635"}, "9/30/2018": {"Duration": "9/30/2018", "Total Assets": "31,532", "Total Liabilities Net Minority Interest": "9,204", "Total Equity Gross Minority Interest": "22,328", "Total Capitalization": "23,104", "Common Stock Equity": "21,029", "Capital Lease Obligations": "92", "Net Tangible Assets": "14,374", "Working Capital": "5,684", "Invested Capital": "24,350", "Tangible Book Value": "14,374", "Total Debt": "3,413", "Net Debt": "994", "Share Issued": "18,152", "Ordinary Shares Number": "17,342", "Treasury Shares Number": "810.16"}}, "cf": {"TTM": {"Duration": "TTM", "Operating Cash Flow": "-508", "Investing Cash Flow": "-893", "Financing Cash Flow": "-625", "End Cash Position": "268", "Interest Paid Supplemental Data": "199", "Capital Expenditure": "-893", "Issuance of Capital Stock": "14", "Issuance of Debt": "3,413", "Repayment of Debt": "-803", "Repurchase of Capital Stock": "-3,249", "Free Cash Flow": "-1,401"}, "9/30/2019": {"Duration": "9/30/2019", "Operating Cash Flow": "-508", "Investing Cash Flow": "-893", "Financing Cash Flow": "-625", "End Cash Position": "268", "Interest Paid Supplemental Data": "199", "Capital Expenditure": "-893", "Issuance of Capital Stock": "14", "Issuance of Debt": "3,413", "Repayment of Debt": "-803", "Repurchase of Capital Stock": "-3,249", "Free Cash Flow": "-1,401"}, "9/30/2018": {"Duration": "9/30/2018", "Operating Cash Flow": "2,129", "Investing Cash Flow": "-2,317", "Financing Cash Flow": "133", "End Cash Position": "2,327", "Interest Paid Supplemental Data": "148", "Capital Expenditure": "-2,317", "Issuance of Capital Stock": "17", "Issuance of Debt": "742", "Repayment of Debt": "-626", "Repurchase of Capital Stock": "-", "Free Cash Flow": "-188"}}}}, {"AERG": {"quote": {"05/08/2021": {"value": "0.6052", "Market Cap": "120.662M", "Beta (5Y Monthly)": "1.41", "PE Ratio (TTM)": "N/A", "EPS (TTM)": "-0.0170", "Earnings Date": "May 13, 2020 - May 18, 2020", "Forward Dividend & Yield": "N/A (N/A)", "Ex-Dividend Date": "Feb 12, 2001", "1y Target Est": "2.50"}}, "fin": {"TTM": {"Duration": "TTM", "Total Revenue": "175.92", "Cost of Revenue": "153.63", "Gross Profit": "22.29", "Operating Expense": "5,262", "Operating Income": "-5,240", "Net Non Operating Interest Income Expense": "-1,213", "Other Income Expense": "3,222", "Pretax Income": "-3,230", "Tax Provision": "0", "Net Income Common Stockholders": "-3,264", "Diluted NI Available to Com Stockholders": "-3,264", "Basic EPS": "-", "Diluted EPS": "-", "Basic Average Shares": "-", "Diluted Average Shares": "-", "Total Operating Income as Reported": "-5,240", "Total Expenses": "5,416", "Net Income from Continuing & Discontinued Operation": "-3,230", "Normalized Income": "-3,230", "Interest Income": "-", "Interest Expense": "1,213", "Net Interest Income": "-1,213", "EBIT": "-2,018", "EBITDA": "-2,001", "Reconciled Cost of Revenue": "153.63", "Reconciled Depreciation": "17.102", "Net Income from Continuing Operation Net Minority Interest": "-3,230", "Total Unusual Items Excluding Goodwill": "-", "Total Unusual Items": "-", "Normalized EBITDA": "-2,001", "Tax Rate for Calcs": "0", "Tax Effect of Unusual Items": "0"}, "12/31/2020": {"Duration": "12/31/2020", "Total Revenue": "175.92", "Cost of Revenue": "153.63", "Gross Profit": "22.29", "Operating Expense": "5,262", "Operating Income": "-5,240", "Net Non Operating Interest Income Expense": "-1,213", "Other Income Expense": "3,222", "Pretax Income": "-3,230", "Tax Provision": "0", "Net Income Common Stockholders": "-3,264", "Diluted NI Available to Com Stockholders": "-3,264", "Basic EPS": "-", "Diluted EPS": "-", "Basic Average Shares": "-", "Diluted Average Shares": "-", "Total Operating Income as Reported": "-5,240", "Total Expenses": "5,416", "Net Income from Continuing & Discontinued Operation": "-3,230", "Normalized Income": "-3,230", "Interest Income": "-", "Interest Expense": "1,213", "Net Interest Income": "-1,213", "EBIT": "-2,018", "EBITDA": "-", "Reconciled Cost of Revenue": "153.63", "Reconciled Depreciation": "17.102", "Net Income from Continuing Operation Net Minority Interest": "-3,230", "Total Unusual Items Excluding Goodwill": "-", "Total Unusual Items": "-", "Normalized EBITDA": "-2,001", "Tax Rate for Calcs": "0", "Tax Effect of Unusual Items": "0"}, "12/31/2019": {"Duration": "12/31/2019", "Total Revenue": "0", "Cost of Revenue": "0", "Gross Profit": "0", "Operating Expense": "5,172", "Operating Income": "-5,172", "Net Non Operating Interest Income Expense": "-403.578", "Other Income Expense": "19.046", "Pretax Income": "-5,556", "Tax Provision": "0", "Net Income Common Stockholders": "-5,590", "Diluted NI Available to Com Stockholders": "-5,590", "Basic EPS": "-0.03", "Diluted EPS": "-0.03", "Basic Average Shares": "204,486", "Diluted Average Shares": "204,486", "Total Operating Income as Reported": "-5,172", "Total Expenses": "5,172", "Net Income from Continuing & Discontinued Operation": "-5,556", "Normalized Income": "-5,556", "Interest Income": "-", "Interest Expense": "403.578", "Net Interest Income": "-403.578", "EBIT": "-5,153", "EBITDA": "-", "Reconciled Cost of Revenue": "0", "Reconciled Depreciation": "14.738", "Net Income from Continuing Operation Net Minority Interest": "-5,556", "Total Unusual Items Excluding Goodwill": "-", "Total Unusual Items": "-", "Normalized EBITDA": "-5,138", "Tax Rate for Calcs": "0", "Tax Effect of Unusual Items": "0"}, "12/31/2018": {"Duration": "12/31/2018", "Total Revenue": "0", "Cost of Revenue": "0", "Gross Profit": "0", "Operating Expense": "2,762", "Operating Income": "-2,762", "Net Non Operating Interest Income Expense": "-245.343", "Other Income Expense": "-", "Pretax Income": "-3,008", "Tax Provision": "0", "Net Income Common Stockholders": "-3,042", "Diluted NI Available to Com Stockholders": "-3,042", "Basic EPS": "-0.02", "Diluted EPS": "-0.02", "Basic Average Shares": "191,594", "Diluted Average Shares": "191,594", "Total Operating Income as Reported": "-2,762", "Total Expenses": "2,762", "Net Income from Continuing & Discontinued Operation": "-3,008", "Normalized Income": "-3,008", "Interest Income": "-", "Interest Expense": "245.343", "Net Interest Income": "-245.343", "EBIT": "-2,762", "EBITDA": "-", "Reconciled Cost of Revenue": "0", "Reconciled Depreciation": "-", "Net Income from Continuing Operation Net Minority Interest": "-3,008", "Total Unusual Items Excluding Goodwill": "-", "Total Unusual Items": "-", "Normalized EBITDA": "-2,762", "Tax Rate for Calcs": "0", "Tax Effect of Unusual Items": "0"}}, "bs": {"12/31/2020": {"Duration": "12/31/2020", "Total Assets": "4,635", "Total Liabilities Net Minority Interest": "2,933", "Total Equity Gross Minority Interest": "1,702", "Total Capitalization": "2,836", "Preferred Stock Equity": "0.014", "Common Stock Equity": "1,702", "Net Tangible Assets": "1,702", "Working Capital": "1,566", "Invested Capital": "4,384", "Tangible Book Value": "1,702", "Total Debt": "2,681", "Net Debt": "-", "Share Issued": "190,529", "Ordinary Shares Number": "190,529", "Preferred Shares Number": "13.602"}, "12/31/2019": {"Duration": "12/31/2019", "Total Assets": "2,846", "Total Liabilities Net Minority Interest": "5,768", "Total Equity Gross Minority Interest": "-2,922", "Total Capitalization": "-1,422", "Preferred Stock Equity": "0.014", "Common Stock Equity": "-2,922", "Net Tangible Assets": "-2,922", "Working Capital": "-4,124", "Invested Capital": "2,046", "Tangible Book Value": "-2,922", "Total Debt": "4,968", "Net Debt": "4,879", "Share Issued": "206,569", "Ordinary Shares Number": "206,569", "Preferred Shares Number": "13.602"}, "12/31/2018": {"Duration": "12/31/2018", "Total Assets": "729.869", "Total Liabilities Net Minority Interest": "1,370", "Total Equity Gross Minority Interest": "-640.471", "Total Capitalization": "-640.471", "Preferred Stock Equity": "0.014", "Common Stock Equity": "-640.485", "Net Tangible Assets": "-640.471", "Working Capital": "-1,121", "Invested Capital": "-640.485", "Tangible Book Value": "-640.485", "Total Debt": "-", "Net Debt": "-", "Share Issued": "201,697", "Ordinary Shares Number": "201,697", "Preferred Shares Number": "13.602"}}, "cf": {"TTM": {"Duration": "TTM", "Operating Cash Flow": "-160.284", "Investing Cash Flow": "0", "Financing Cash Flow": "3,395", "End Cash Position": "3,323", "Income Tax Paid Supplemental Data": "0", "Interest Paid Supplemental Data": "143.07", "Capital Expenditure": "-", "Issuance of Capital Stock": "1,644", "Issuance of Debt": "4,457", "Repayment of Debt": "-1,481", "Repurchase of Capital Stock": "-1,300", "Free Cash Flow": "-160.284"}, "12/31/2020": {"Duration": "12/31/2020", "Operating Cash Flow": "-160.284", "Investing Cash Flow": "0", "Financing Cash Flow": "3,395", "End Cash Position": "3,323", "Income Tax Paid Supplemental Data": "0", "Interest Paid Supplemental Data": "143.07", "Capital Expenditure": "-", "Issuance of Capital Stock": "1,644", "Issuance of Debt": "4,457", "Repayment of Debt": "-1,481", "Repurchase of Capital Stock": "-1,300", "Free Cash Flow": "-160.284"}, "12/31/2019": {"Duration": "12/31/2019", "Operating Cash Flow": "-3,250", "Investing Cash Flow": "-12.419", "Financing Cash Flow": "3,172", "End Cash Position": "88.415", "Income Tax Paid Supplemental Data": "0", "Interest Paid Supplemental Data": "2.914", "Capital Expenditure": "-12.419", "Issuance of Capital Stock": "853.999", "Issuance of Debt": "2,350", "Repayment of Debt": "-31.576", "Repurchase of Capital Stock": "0", "Free Cash Flow": "-3,263"}, "12/31/2018": {"Duration": "12/31/2018", "Operating Cash Flow": "-1,792", "Investing Cash Flow": "-38.887", "Financing Cash Flow": "2,006", "End Cash Position": "178.552", "Income Tax Paid Supplemental Data": "0", "Interest Paid Supplemental Data": "18.501", "Capital Expenditure": "-38.887", "Issuance of Capital Stock": "2,230", "Issuance of Debt": "149.75", "Repayment of Debt": "-361.468", "Repurchase of Capital Stock": "-12", "Free Cash Flow": "-1,830"}}}}, {"SIGL": {"quote": {"05/08/2021": {"value": "1.3200", "Market Cap": "470,702", "Beta (5Y Monthly)": "-1.39", "PE Ratio (TTM)": "8.15", "EPS (TTM)": "0.1620", "Earnings Date": "N/A", "Forward Dividend & Yield": "N/A (N/A)", "Ex-Dividend Date": "N/A", "1y Target Est": "N/A"}}, "fin": {}, "bs": {}, "cf": {}}}, {"BMI": {"quote": {"05/08/2021": {"value": "91.87", "Market Cap": "2.68B", "Beta (5Y Monthly)": "0.76", "PE Ratio (TTM)": "52.50", "EPS (TTM)": "1.75", "Earnings Date": "Jul 14, 2021 - Jul 19, 2021", "Forward Dividend & Yield": "0.72 (0.78%)", "Ex-Dividend Date": "May 27, 2021", "1y Target Est": "92.75"}}, "fin": {"TTM": {"Duration": "TTM", "Total Revenue": "434,878", "Cost of Revenue": "260,589", "Gross Profit": "174,289", "Operating Expense": "107,401", "Operating Income": "66,888", "Net Non Operating Interest Income Expense": "-6", "Other Income Expense": "-132", "Pretax Income": "66,750", "Tax Provision": "15,480", "Net Income Common Stockholders": "51,270", "Diluted NI Available to Com Stockholders": "51,270", "Basic EPS": "-", "Diluted EPS": "-", "Basic Average Shares": "-", "Diluted Average Shares": "-", "Total Operating Income as Reported": "66,888", "Total Expenses": "367,990", "Net Income from Continuing & Discontinued Operation": "51,270", "Normalized Income": "51,270", "Interest Expense": "6", "Net Interest Income": "-6", "EBIT": "66,756", "EBITDA": "92,680", "Reconciled Cost of Revenue": "260,589", "Reconciled Depreciation": "25,924", "Net Income from Continuing Operation Net Minority Interest": "51,270", "Normalized EBITDA": "92,680", "Tax Rate for Calcs": "0", "Tax Effect of Unusual Items": "0"}, "12/31/2020": {"Duration": "12/31/2020", "Total Revenue": "425,544", "Cost of Revenue": "257,295", "Gross Profit": "168,249", "Operating Expense": "103,093", "Operating Income": "65,156", "Net Non Operating Interest Income Expense": "-30", "Other Income Expense": "-145", "Pretax Income": "64,981", "Tax Provision": "15,638", "Net Income Common Stockholders": "49,343", "Diluted NI Available to Com Stockholders": "49,343", "Basic EPS": "1.70", "Diluted EPS": "1.69", "Basic Average Shares": "29,052", "Diluted Average Shares": "29,230", "Total Operating Income as Reported": "65,156", "Total Expenses": "360,388", "Net Income from Continuing & Discontinued Operation": "49,343", "Normalized Income": "49,343", "Interest Expense": "30", "Net Interest Income": "-30", "EBIT": "65,011", "EBITDA": "-", "Reconciled Cost of Revenue": "257,295", "Reconciled Depreciation": "25,216", "Net Income from Continuing Operation Net Minority Interest": "49,343", "Normalized EBITDA": "90,227", "Tax Rate for Calcs": "0", "Tax Effect of Unusual Items": "0"}, "12/31/2019": {"Duration": "12/31/2019", "Total Revenue": "424,625", "Cost of Revenue": "261,097", "Gross Profit": "163,528", "Operating Expense": "101,380", "Operating Income": "62,148", "Net Non Operating Interest Income Expense": "-253", "Other Income Expense": "-288", "Pretax Income": "61,607", "Tax Provision": "14,430", "Net Income Common Stockholders": "47,177", "Diluted NI Available to Com Stockholders": "47,177", "Basic EPS": "1.63", "Diluted EPS": "1.61", "Basic Average Shares": "29,028", "Diluted Average Shares": "29,220", "Total Operating Income as Reported": "62,148", "Total Expenses": "362,477", "Net Income from Continuing & Discontinued Operation": "47,177", "Normalized Income": "47,177", "Interest Expense": "253", "Net Interest Income": "-253", "EBIT": "61,860", "EBITDA": "-", "Reconciled Cost of Revenue": "261,097", "Reconciled Depreciation": "24,146", "Net Income from Continuing Operation Net Minority Interest": "47,177", "Normalized EBITDA": "86,006", "Tax Rate for Calcs": "0", "Tax Effect of Unusual Items": "0"}, "12/31/2018": {"Duration": "12/31/2018", "Total Revenue": "433,732", "Cost of Revenue": "271,383", "Gross Profit": "162,349", "Operating Expense": "105,480", "Operating Income": "56,869", "Net Non Operating Interest Income Expense": "-1,157", "Other Income Expense": "-19,860", "Pretax Income": "35,852", "Tax Provision": "8,062", "Net Income Common Stockholders": "27,790", "Diluted NI Available to Com Stockholders": "27,790", "Basic EPS": "0.96", "Diluted EPS": "0.95", "Basic Average Shares": "28,993", "Diluted Average Shares": "29,189", "Total Operating Income as Reported": "56,869", "Total Expenses": "376,863", "Net Income from Continuing & Discontinued Operation": "27,790", "Normalized Income": "27,790", "Interest Expense": "1,157", "Net Interest Income": "-1,157", "EBIT": "37,009", "EBITDA": "-", "Reconciled Cost of Revenue": "271,383", "Reconciled Depreciation": "24,315", "Net Income from Continuing Operation Net Minority Interest": "27,790", "Normalized EBITDA": "61,324", "Tax Rate for Calcs": "0", "Tax Effect of Unusual Items": "0"}}, "bs": {"12/31/2020": {"Duration": "12/31/2020", "Total Assets": "468,380", "Total Liabilities Net Minority Interest": "107,121", "Total Equity Gross Minority Interest": "361,259", "Total Capitalization": "361,259", "Common Stock Equity": "361,259", "Net Tangible Assets": "212,953", "Working Capital": "155,652", "Invested Capital": "361,259", "Tangible Book Value": "212,953", "Total Debt": "-", "Net Debt": "-", "Share Issued": "37,221", "Ordinary Shares Number": "29,148", "Treasury Shares Number": "8,073"}, "12/31/2019": {"Duration": "12/31/2019", "Total Assets": "421,893", "Total Liabilities Net Minority Interest": "90,825", "Total Equity Gross Minority Interest": "331,068", "Total Capitalization": "331,068", "Common Stock Equity": "331,068", "Net Tangible Assets": "205,947", "Working Capital": "142,847", "Invested Capital": "335,548", "Tangible Book Value": "205,947", "Total Debt": "4,480", "Net Debt": "-", "Share Issued": "37,201", "Ordinary Shares Number": "29,119", "Treasury Shares Number": "8,082"}, "12/31/2018": {"Duration": "12/31/2018", "Total Assets": "392,691", "Total Liabilities Net Minority Interest": "89,188", "Total Equity Gross Minority Interest": "303,503", "Total Capitalization": "303,503", "Common Stock Equity": "303,503", "Net Tangible Assets": "171,627", "Working Capital": "104,644", "Invested Capital": "321,563", "Tangible Book Value": "171,627", "Total Debt": "18,060", "Net Debt": "4,974", "Share Issued": "37,198", "Ordinary Shares Number": "29,119", "Treasury Shares Number": "8,080"}}, "cf": {"TTM": {"Duration": "TTM", "Operating Cash Flow": "89,596", "Investing Cash Flow": "-82,571", "Financing Cash Flow": "-25,792", "End Cash Position": "51,609", "Income Tax Paid Supplemental Data": "-", "Interest Paid Supplemental Data": "-", "Capital Expenditure": "-8,876", "Issuance of Capital Stock": "167", "Repayment of Debt": "-", "Repurchase of Capital Stock": "-649", "Free Cash Flow": "80,720"}, "12/31/2020": {"Duration": "12/31/2020", "Operating Cash Flow": "89,578", "Investing Cash Flow": "-38,193", "Financing Cash Flow": "-27,819", "End Cash Position": "72,273", "Income Tax Paid Supplemental Data": "17,995", "Interest Paid Supplemental Data": "91", "Capital Expenditure": "-9,059", "Issuance of Capital Stock": "180", "Repayment of Debt": "-4,600", "Repurchase of Capital Stock": "-3,116", "Free Cash Flow": "80,519"}, "12/31/2019": {"Duration": "12/31/2019", "Operating Cash Flow": "80,714", "Investing Cash Flow": "-7,496", "Financing Cash Flow": "-37,709", "End Cash Position": "48,871", "Income Tax Paid Supplemental Data": "13,066", "Interest Paid Supplemental Data": "268", "Capital Expenditure": "-7,496", "Issuance of Capital Stock": "187", "Repayment of Debt": "-", "Repurchase of Capital Stock": "-5,207", "Free Cash Flow": "73,218"}, "12/31/2018": {"Duration": "12/31/2018", "Operating Cash Flow": "60,350", "Investing Cash Flow": "-16,691", "Financing Cash Flow": "-42,140", "End Cash Position": "13,086", "Income Tax Paid Supplemental Data": "12,503", "Interest Paid Supplemental Data": "1,175", "Capital Expenditure": "-8,643", "Issuance of Capital Stock": "523", "Repayment of Debt": "-", "Repurchase of Capital Stock": "-4,795", "Free Cash Flow": "51,707"}}}}, {"BSRC": {"quote": {"05/08/2021": {"value": "0.0500", "Market Cap": "26.403M", "Beta (5Y Monthly)": "N/A", "PE Ratio (TTM)": "N/A", "EPS (TTM)": "N/A", "Earnings Date": "N/A", "Forward Dividend & Yield": "N/A (N/A)", "Ex-Dividend Date": "N/A", "1y Target Est": "N/A"}}, "fin": {"TTM": {"Duration": "TTM", "Total Revenue": "0", "Operating Expense": "629.752", "Operating Income": "-629.752", "Net Non Operating Interest Income Expense": "-876.154", "Other Income Expense": "-139,039", "Pretax Income": "-140,545", "Tax Provision": "-", "Net Income Common Stockholders": "-140,545", "Diluted NI Available to Com Stockholders": "-140,545", "Basic EPS": "-", "Diluted EPS": "-", "Basic Average Shares": "-", "Diluted Average Shares": "-", "Total Operating Income as Reported": "-629.752", "Total Expenses": "629.752", "Net Income from Continuing & Discontinued Operation": "-140,545", "Normalized Income": "-1,506", "Interest Income": "0.075", "Interest Expense": "876.229", "Net Interest Income": "-876.154", "EBIT": "-139,668", "EBITDA": "-139,664", "Reconciled Depreciation": "4.365", "Net Income from Continuing Operation Net Minority Interest": "-140,545", "Total Unusual Items Excluding Goodwill": "-139,039", "Total Unusual Items": "-139,039", "Normalized EBITDA": "-625.312", "Tax Rate for Calcs": "0", "Tax Effect of Unusual Items": "0"}, "12/31/2020": {"Duration": "12/31/2020", "Total Revenue": "0", "Operating Expense": "629.752", "Operating Income": "-629.752", "Net Non Operating Interest Income Expense": "-876.154", "Other Income Expense": "-139,039", "Pretax Income": "-140,545", "Tax Provision": "-", "Net Income Common Stockholders": "-140,545", "Diluted NI Available to Com Stockholders": "-140,545", "Basic EPS": "-0.50", "Diluted EPS": "-0.50", "Basic Average Shares": "280,952", "Diluted Average Shares": "280,952", "Total Operating Income as Reported": "-629.752", "Total Expenses": "629.752", "Net Income from Continuing & Discontinued Operation": "-140,545", "Normalized Income": "-1,506", "Interest Income": "0.075", "Interest Expense": "876.229", "Net Interest Income": "-876.154", "EBIT": "-139,668", "EBITDA": "-", "Reconciled Depreciation": "4.365", "Net Income from Continuing Operation Net Minority Interest": "-140,545", "Total Unusual Items Excluding Goodwill": "-139,039", "Total Unusual Items": "-139,039", "Normalized EBITDA": "-625.312", "Tax Rate for Calcs": "0", "Tax Effect of Unusual Items": "0"}, "12/31/2019": {"Duration": "12/31/2019", "Total Revenue": "0", "Operating Expense": "700.245", "Operating Income": "-700.245", "Net Non Operating Interest Income Expense": "-954.738", "Other Income Expense": "5,777", "Pretax Income": "4,122", "Tax Provision": "-", "Net Income Common Stockholders": "4,122", "Diluted NI Available to Com Stockholders": "4,122", "Basic EPS": "0.04", "Diluted EPS": "0.01", "Basic Average Shares": "92,023", "Diluted Average Shares": "679,815", "Total Operating Income as Reported": "-700.245", "Total Expenses": "700.245", "Net Income from Continuing & Discontinued Operation": "4,122", "Normalized Income": "-95.099", "Interest Income": "0.036", "Interest Expense": "954.774", "Net Interest Income": "-954.738", "EBIT": "5,077", "EBITDA": "-", "Reconciled Depreciation": "6.89", "Net Income from Continuing Operation Net Minority Interest": "4,122", "Total Unusual Items Excluding Goodwill": "5,777", "Total Unusual Items": "5,777", "Normalized EBITDA": "-693.319", "Tax Rate for Calcs": "0", "Tax Effect of Unusual Items": "1,560"}, "12/31/2018": {"Duration": "12/31/2018", "Total Revenue": "0", "Operating Expense": "669.352", "Operating Income": "-669.352", "Net Non Operating Interest Income Expense": "-390.734", "Other Income Expense": "-8,807", "Pretax Income": "-9,867", "Tax Provision": "-", "Net Income Common Stockholders": "-9,867", "Diluted NI Available to Com Stockholders": "-9,867", "Basic EPS": "-0.18", "Diluted EPS": "-0.18", "Basic Average Shares": "53,668", "Diluted Average Shares": "53,668", "Total Operating Income as Reported": "-699.503", "Total Expenses": "669.352", "Net Income from Continuing & Discontinued Operation": "-9,867", "Normalized Income": "-1,060", "Interest Income": "0.025", "Interest Expense": "390.759", "Net Interest Income": "-390.734", "EBIT": "-9,476", "EBITDA": "-", "Reconciled Depreciation": "6.103", "Net Income from Continuing Operation Net Minority Interest": "-9,867", "Total Unusual Items Excluding Goodwill": "-8,807", "Total Unusual Items": "-8,807", "Normalized EBITDA": "-663.224", "Tax Rate for Calcs": "0", "Tax Effect of Unusual Items": "0"}}, "bs": {"12/31/2020": {"Duration": "12/31/2020", "Total Assets": "155.127", "Total Liabilities Net Minority Interest": "152,070", "Total Equity Gross Minority Interest": "-151,915", "Total Capitalization": "-150,497", "Common Stock Equity": "-151,915", "Net Tangible Assets": "-151,945", "Working Capital": "-150,533", "Invested Capital": "-149,427", "Tangible Book Value": "-151,945", "Total Debt": "2,488", "Net Debt": "2,425", "Share Issued": "456,199", "Ordinary Shares Number": "456,199"}, "12/31/2019": {"Duration": "12/31/2019", "Total Assets": "132.31", "Total Liabilities Net Minority Interest": "12,348", "Total Equity Gross Minority Interest": "-12,216", "Total Capitalization": "-10,008", "Common Stock Equity": "-12,216", "Net Tangible Assets": "-12,249", "Working Capital": "-10,049", "Invested Capital": "-9,617", "Tangible Book Value": "-12,249", "Total Debt": "2,598", "Net Debt": "2,537", "Share Issued": "133,913", "Ordinary Shares Number": "133,913"}, "12/31/2018": {"Duration": "12/31/2018", "Total Assets": "153.254", "Total Liabilities Net Minority Interest": "17,153", "Total Equity Gross Minority Interest": "-17,000", "Total Capitalization": "-15,015", "Common Stock Equity": "-17,000", "Net Tangible Assets": "-17,036", "Working Capital": "-15,063", "Invested Capital": "-14,522", "Tangible Book Value": "-17,036", "Total Debt": "2,478", "Net Debt": "2,396", "Share Issued": "60,639", "Ordinary Shares Number": "60,639"}}, "cf": {"TTM": {"Duration": "TTM", "Operating Cash Flow": "-647.298", "Investing Cash Flow": "0", "Financing Cash Flow": "649", "End Cash Position": "63.496", "Income Tax Paid Supplemental Data": "0", "Interest Paid Supplemental Data": "0.925", "Capital Expenditure": "-", "Issuance of Debt": "649", "Free Cash Flow": "-647.298"}, "12/31/2020": {"Duration": "12/31/2020", "Operating Cash Flow": "-647.298", "Investing Cash Flow": "0", "Financing Cash Flow": "649", "End Cash Position": "63.496", "Income Tax Paid Supplemental Data": "0", "Interest Paid Supplemental Data": "0.925", "Capital Expenditure": "-", "Issuance of Debt": "649", "Free Cash Flow": "-647.298"}, "12/31/2019": {"Duration": "12/31/2019", "Operating Cash Flow": "-718.403", "Investing Cash Flow": "0", "Financing Cash Flow": "697.5", "End Cash Position": "61.794", "Income Tax Paid Supplemental Data": "0", "Interest Paid Supplemental Data": "0.979", "Capital Expenditure": "-", "Issuance of Debt": "697.5", "Free Cash Flow": "-718.403"}, "12/31/2018": {"Duration": "12/31/2018", "Operating Cash Flow": "-630.979", "Investing Cash Flow": "-5.77", "Financing Cash Flow": "600", "End Cash Position": "82.697", "Income Tax Paid Supplemental Data": "0", "Interest Paid Supplemental Data": "2.262", "Capital Expenditure": "-5.77", "Issuance of Debt": "600", "Free Cash Flow": "-636.749"}}}}, {"ESE": {"quote": {"05/08/2021": {"value": "109.54", "Market Cap": "2.852B", "Beta (5Y Monthly)": "1.04", "PE Ratio (TTM)": "104.22", "EPS (TTM)": "1.05", "Earnings Date": "May 04, 2021", "Forward Dividend & Yield": "0.32 (0.29%)", "Ex-Dividend Date": "Jun 30, 2021", "1y Target Est": "114.00"}}, "fin": {"TTM": {"Duration": "TTM", "Total Revenue": "710,288", "Cost of Revenue": "439,339", "Gross Profit": "270,949", "Operating Expense": "218,396", "Operating Income": "52,553", "Net Non Operating Interest Income Expense": "-3,962", "Other Income Expense": "-4,244", "Pretax Income": "44,347", "Tax Provision": "17,468", "Net Income Common Stockholders": "27,381", "Diluted NI Available to Com Stockholders": "27,381", "Basic EPS": "-", "Diluted EPS": "-", "Basic Average Shares": "-", "Diluted Average Shares": "-", "Total Expenses": "657,735", "Net Income from Continuing & Discontinued Operation": "27,381", "Normalized Income": "26,879", "Interest Expense": "3,962", "Net Interest Income": "-3,962", "EBIT": "48,309", "EBITDA": "89,179", "Reconciled Cost of Revenue": "419,116", "Reconciled Depreciation": "40,870", "Net Income from Continuing Operation Net Minority Interest": "26,879", "Normalized EBITDA": "89,179", "Tax Rate for Calcs": "0", "Tax Effect of Unusual Items": "0"}, "9/30/2020": {"Duration": "9/30/2020", "Total Revenue": "732,915", "Cost of Revenue": "457,418", "Gross Profit": "275,497", "Operating Expense": "221,902", "Operating Income": "53,595", "Net Non Operating Interest Income Expense": "-6,730", "Other Income Expense": "-7,122", "Pretax Income": "39,743", "Tax Provision": "14,278", "Net Income Common Stockholders": "101,980", "Diluted NI Available to Com Stockholders": "101,980", "Basic EPS": "3.92", "Diluted EPS": "3.90", "Basic Average Shares": "26,038", "Diluted Average Shares": "26,135", "Total Expenses": "679,320", "Net Income from Continuing & Discontinued Operation": "101,980", "Normalized Income": "25,465", "Interest Expense": "6,730", "Net Interest Income": "-6,730", "EBIT": "46,473", "EBITDA": "-", "Reconciled Cost of Revenue": "437,892", "Reconciled Depreciation": "41,338", "Net Income from Continuing Operation Net Minority Interest": "25,465", "Normalized EBITDA": "87,811", "Tax Rate for Calcs": "0", "Tax Effect of Unusual Items": "0"}, "9/30/2019": {"Duration": "9/30/2019", "Total Revenue": "812,970", "Cost of Revenue": "508,521", "Gross Profit": "304,449", "Operating Expense": "191,597", "Operating Income": "112,852", "Net Non Operating Interest Income Expense": "-8,396", "Other Income Expense": "-2,240", "Pretax Income": "102,216", "Tax Provision": "21,177", "Net Income Common Stockholders": "81,039", "Diluted NI Available to Com Stockholders": "81,039", "Basic EPS": "3.12", "Diluted EPS": "3.10", "Basic Average Shares": "25,981", "Diluted Average Shares": "26,097", "Total Expenses": "700,118", "Net Income from Continuing & Discontinued Operation": "81,039", "Normalized Income": "81,039", "Interest Expense": "8,396", "Net Interest Income": "-8,396", "EBIT": "110,612", "EBITDA": "-", "Reconciled Cost of Revenue": "487,959", "Reconciled Depreciation": "40,050", "Net Income from Continuing Operation Net Minority Interest": "81,039", "Normalized EBITDA": "150,662", "Tax Rate for Calcs": "0", "Tax Effect of Unusual Items": "0"}, "9/30/2018": {"Duration": "9/30/2018", "Total Revenue": "771,582", "Cost of Revenue": "490,397", "Gross Profit": "281,185", "Operating Expense": "180,759", "Operating Income": "100,426", "Net Non Operating Interest Income Expense": "-8,748", "Other Income Expense": "-3,655", "Pretax Income": "88,023", "Tax Provision": "-4,113", "Net Income Common Stockholders": "92,136", "Diluted NI Available to Com Stockholders": "92,136", "Basic EPS": "3.56", "Diluted EPS": "3.54", "Basic Average Shares": "25,911", "Diluted Average Shares": "26,058", "Total Expenses": "671,156", "Net Income from Continuing & Discontinued Operation": "92,136", "Normalized Income": "92,136", "Interest Expense": "8,748", "Net Interest Income": "-8,748", "EBIT": "96,771", "EBITDA": "-", "Reconciled Cost of Revenue": "470,970", "Reconciled Depreciation": "37,755", "Net Income from Continuing Operation Net Minority Interest": "92,136", "Normalized EBITDA": "134,526", "Tax Rate for Calcs": "0", "Tax Effect of Unusual Items": "0"}}, "bs": {"9/30/2020": {"Duration": "9/30/2020", "Total Assets": "1,373,523", "Total Liabilities Net Minority Interest": "411,928", "Total Equity Gross Minority Interest": "961,595", "Total Capitalization": "1,001,595", "Common Stock Equity": "961,595", "Capital Lease Obligations": "16,785", "Net Tangible Assets": "206,900", "Working Capital": "190,601", "Invested Capital": "1,023,963", "Tangible Book Value": "206,900", "Total Debt": "62,368", "Net Debt": "9,808", "Share Issued": "30,646", "Ordinary Shares Number": "26,038", "Treasury Shares Number": "4,608"}, "9/30/2019": {"Duration": "9/30/2019", "Total Assets": "1,466,720", "Total Liabilities Net Minority Interest": "640,498", "Total Equity Gross Minority Interest": "826,222", "Total Capitalization": "1,091,222", "Common Stock Equity": "826,222", "Capital Lease Obligations": "-", "Net Tangible Assets": "24,007", "Working Capital": "243,559", "Invested Capital": "1,112,483", "Tangible Book Value": "24,007", "Total Debt": "286,261", "Net Debt": "224,453", "Share Issued": "30,597", "Ordinary Shares Number": "25,981", "Treasury Shares Number": "4,616"}, "9/30/2018": {"Duration": "9/30/2018", "Total Assets": "1,265,122", "Total Liabilities Net Minority Interest": "505,712", "Total Equity Gross Minority Interest": "759,410", "Total Capitalization": "959,410", "Common Stock Equity": "759,410", "Capital Lease Obligations": "-", "Net Tangible Assets": "30,558", "Working Capital": "195,493", "Invested Capital": "979,410", "Tangible Book Value": "30,558", "Total Debt": "220,000", "Net Debt": "189,523", "Share Issued": "30,535", "Ordinary Shares Number": "25,911", "Treasury Shares Number": "4,624"}}, "cf": {"TTM": {"Duration": "TTM", "Operating Cash Flow": "117,572", "Investing Cash Flow": "-37,685", "Financing Cash Flow": "-139,459", "End Cash Position": "40,623", "Income Tax Paid Supplemental Data": "-", "Interest Paid Supplemental Data": "-", "Capital Expenditure": "-32,766", "Issuance of Debt": "36,368", "Repayment of Debt": "-164,368", "Repurchase of Capital Stock": "-", "Free Cash Flow": "84,806"}, "9/30/2020": {"Duration": "9/30/2020", "Operating Cash Flow": "82,280", "Investing Cash Flow": "140,953", "Financing Cash Flow": "-236,220", "End Cash Position": "52,560", "Income Tax Paid Supplemental Data": "37,714", "Interest Paid Supplemental Data": "5,869", "Capital Expenditure": "-41,131", "Issuance of Debt": "12,368", "Repayment of Debt": "-235,000", "Repurchase of Capital Stock": "-", "Free Cash Flow": "41,149"}, "9/30/2019": {"Duration": "9/30/2019", "Operating Cash Flow": "105,137", "Investing Cash Flow": "-125,145", "Financing Cash Flow": "53,517", "End Cash Position": "61,808", "Income Tax Paid Supplemental Data": "26,084", "Interest Paid Supplemental Data": "8,076", "Capital Expenditure": "-45,569", "Issuance of Debt": "131,261", "Repayment of Debt": "-65,000", "Repurchase of Capital Stock": "-", "Free Cash Flow": "59,568"}, "9/30/2018": {"Duration": "9/30/2018", "Operating Cash Flow": "93,259", "Investing Cash Flow": "-41,607", "Financing Cash Flow": "-66,356", "End Cash Position": "30,477", "Income Tax Paid Supplemental Data": "8,789", "Interest Paid Supplemental Data": "8,540", "Capital Expenditure": "-30,162", "Issuance of Debt": "55,000", "Repayment of Debt": "-110,000", "Repurchase of Capital Stock": "0", "Free Cash Flow": "63,097"}}}}, {"ELSE": {"quote": {"05/08/2021": {"value": "4.5200", "Market Cap": "15.348M", "Beta (5Y Monthly)": "0.58", "PE Ratio (TTM)": "N/A", "EPS (TTM)": "-0.0400", "Earnings Date": "Nov 12, 2020", "Forward Dividend & Yield": "N/A (N/A)", "Ex-Dividend Date": "May 08, 2013", "1y Target Est": "N/A"}}, "fin": {"TTM": {"Duration": "TTM", "Total Revenue": "7,621", "Cost of Revenue": "3,691", "Gross Profit": "3,930", "Operating Expense": "4,134", "Operating Income": "-204", "Net Non Operating Interest Income Expense": "33", "Other Income Expense": "-1", "Pretax Income": "-172", "Tax Provision": "-48", "Net Income Common Stockholders": "-124", "Diluted NI Available to Com Stockholders": "-124", "Basic EPS": "-", "Diluted EPS": "-", "Basic Average Shares": "-", "Diluted Average Shares": "-", "Total Operating Income as Reported": "-204", "Total Expenses": "7,825", "Net Income from Continuing & Discontinued Operation": "-124", "Normalized Income": "-124", "Interest Income": "36", "Interest Expense": "3", "Net Interest Income": "33", "EBIT": "-169", "EBITDA": "191", "Reconciled Cost of Revenue": "3,691", "Reconciled Depreciation": "360", "Net Income from Continuing Operation Net Minority Interest": "-124", "Total Unusual Items Excluding Goodwill": "-", "Total Unusual Items": "-", "Normalized EBITDA": "191", "Tax Rate for Calcs": "0", "Tax Effect of Unusual Items": "0"}, "12/31/2020": {"Duration": "12/31/2020", "Total Revenue": "7,621", "Cost of Revenue": "3,691", "Gross Profit": "3,930", "Operating Expense": "4,134", "Operating Income": "-204", "Net Non Operating Interest Income Expense": "33", "Other Income Expense": "-1", "Pretax Income": "-172", "Tax Provision": "-48", "Net Income Common Stockholders": "-124", "Diluted NI Available to Com Stockholders": "-124", "Basic EPS": "-", "Diluted EPS": "-", "Basic Average Shares": "-", "Diluted Average Shares": "-", "Total Operating Income as Reported": "-204", "Total Expenses": "7,825", "Net Income from Continuing & Discontinued Operation": "-124", "Normalized Income": "-124", "Interest Income": "36", "Interest Expense": "3", "Net Interest Income": "33", "EBIT": "-169", "EBITDA": "-", "Reconciled Cost of Revenue": "3,691", "Reconciled Depreciation": "360", "Net Income from Continuing Operation Net Minority Interest": "-124", "Total Unusual Items Excluding Goodwill": "-", "Total Unusual Items": "-", "Normalized EBITDA": "191", "Tax Rate for Calcs": "0", "Tax Effect of Unusual Items": "0"}, "12/31/2019": {"Duration": "12/31/2019", "Total Revenue": "8,258", "Cost of Revenue": "3,892", "Gross Profit": "4,366", "Operating Expense": "4,397", "Operating Income": "-31", "Net Non Operating Interest Income Expense": "207", "Other Income Expense": "10", "Pretax Income": "186", "Tax Provision": "-1", "Net Income Common Stockholders": "187", "Diluted NI Available to Com Stockholders": "187", "Basic EPS": "0.06", "Diluted EPS": "0.06", "Basic Average Shares": "3,396", "Diluted Average Shares": "3,398", "Total Operating Income as Reported": "-31", "Total Expenses": "8,289", "Net Income from Continuing & Discontinued Operation": "187", "Normalized Income": "187", "Interest Income": "209", "Interest Expense": "2", "Net Interest Income": "207", "EBIT": "188", "EBITDA": "-", "Reconciled Cost of Revenue": "3,892", "Reconciled Depreciation": "320", "Net Income from Continuing Operation Net Minority Interest": "187", "Total Unusual Items Excluding Goodwill": "-", "Total Unusual Items": "-", "Normalized EBITDA": "508", "Tax Rate for Calcs": "0", "Tax Effect of Unusual Items": "0"}, "12/31/2018": {"Duration": "12/31/2018", "Total Revenue": "7,495", "Cost of Revenue": "3,448", "Gross Profit": "4,047", "Operating Expense": "4,192", "Operating Income": "-145", "Net Non Operating Interest Income Expense": "119", "Other Income Expense": "8", "Pretax Income": "-18", "Tax Provision": "-8", "Net Income Common Stockholders": "-10", "Diluted NI Available to Com Stockholders": "-10", "Basic EPS": "-0.00", "Diluted EPS": "-0.00", "Basic Average Shares": "3,396", "Diluted Average Shares": "3,396", "Total Operating Income as Reported": "-145", "Total Expenses": "7,640", "Net Income from Continuing & Discontinued Operation": "-10", "Normalized Income": "-10", "Interest Income": "120", "Interest Expense": "1", "Net Interest Income": "119", "EBIT": "-17", "EBITDA": "-", "Reconciled Cost of Revenue": "3,448", "Reconciled Depreciation": "321", "Net Income from Continuing Operation Net Minority Interest": "-10", "Total Unusual Items Excluding Goodwill": "-", "Total Unusual Items": "-", "Normalized EBITDA": "304", "Tax Rate for Calcs": "0", "Tax Effect of Unusual Items": "0"}}, "bs": {"12/31/2020": {"Duration": "12/31/2020", "Total Assets": "13,319", "Total Liabilities Net Minority Interest": "545", "Total Equity Gross Minority Interest": "12,774", "Total Capitalization": "12,774", "Common Stock Equity": "12,774", "Capital Lease Obligations": "18", "Net Tangible Assets": "12,546", "Working Capital": "11,323", "Invested Capital": "12,774", "Tangible Book Value": "12,546", "Total Debt": "18", "Share Issued": "3,396", "Ordinary Shares Number": "3,396"}, "12/31/2019": {"Duration": "12/31/2019", "Total Assets": "13,475", "Total Liabilities Net Minority Interest": "584", "Total Equity Gross Minority Interest": "12,891", "Total Capitalization": "12,891", "Common Stock Equity": "12,891", "Capital Lease Obligations": "24", "Net Tangible Assets": "12,402", "Working Capital": "11,155", "Invested Capital": "12,891", "Tangible Book Value": "12,402", "Total Debt": "24", "Share Issued": "3,396", "Ordinary Shares Number": "3,396"}, "12/31/2018": {"Duration": "12/31/2018", "Total Assets": "13,275", "Total Liabilities Net Minority Interest": "550", "Total Equity Gross Minority Interest": "12,725", "Total Capitalization": "12,725", "Common Stock Equity": "12,725", "Capital Lease Obligations": "29", "Net Tangible Assets": "12,160", "Working Capital": "10,942", "Invested Capital": "12,725", "Tangible Book Value": "12,160", "Total Debt": "29", "Share Issued": "3,396", "Ordinary Shares Number": "3,396"}}, "cf": {"TTM": {"Duration": "TTM", "Operating Cash Flow": "331", "Investing Cash Flow": "-8,020", "Financing Cash Flow": "-6", "End Cash Position": "1,090", "Income Tax Paid Supplemental Data": "-20", "Interest Paid Supplemental Data": "-3", "Capital Expenditure": "-25", "Issuance of Debt": "645", "Repayment of Debt": "-651", "Free Cash Flow": "306"}, "12/31/2020": {"Duration": "12/31/2020", "Operating Cash Flow": "331", "Investing Cash Flow": "-8,020", "Financing Cash Flow": "-6", "End Cash Position": "1,090", "Income Tax Paid Supplemental Data": "-20", "Interest Paid Supplemental Data": "-3", "Capital Expenditure": "-25", "Issuance of Debt": "645", "Repayment of Debt": "-651", "Free Cash Flow": "306"}, "12/31/2019": {"Duration": "12/31/2019", "Operating Cash Flow": "152", "Investing Cash Flow": "7,581", "Financing Cash Flow": "-5", "End Cash Position": "8,785", "Income Tax Paid Supplemental Data": "1", "Interest Paid Supplemental Data": "2", "Capital Expenditure": "-257", "Issuance of Debt": "-", "Repayment of Debt": "-5", "Free Cash Flow": "-105"}, "12/31/2018": {"Duration": "12/31/2018", "Operating Cash Flow": "130", "Investing Cash Flow": "115", "Financing Cash Flow": "-151", "End Cash Position": "1,057", "Income Tax Paid Supplemental Data": "1", "Interest Paid Supplemental Data": "1", "Capital Expenditure": "-32", "Issuance of Debt": "-", "Repayment of Debt": "-1", "Free Cash Flow": "98"}}}}, {"WELX": {"quote": {"05/08/2021": {"value": "6.15", "Market Cap": "5.646M", "Beta (5Y Monthly)": "0.19", "PE Ratio (TTM)": "N/A", "EPS (TTM)": "-0.05", "Earnings Date": "Aug 11, 2020 - Aug 17, 2020", "Forward Dividend & Yield": "N/A (N/A)", "Ex-Dividend Date": "N/A", "1y Target Est": "N/A"}}, "fin": {}, "bs": {}, "cf": {}}}, {"FLIR": {"quote": {"05/08/2021": {"value": "59.25", "Market Cap": "7.817B", "Beta (5Y Monthly)": "1.56", "PE Ratio (TTM)": "37.03", "EPS (TTM)": "1.60", "Earnings Date": "May 06, 2021", "Forward Dividend & Yield": "0.68 (1.15%)", "Ex-Dividend Date": "Mar 04, 2021", "1y Target Est": "53.14"}}, "fin": {"TTM": {"Duration": "TTM", "Total Revenue": "1,940,079", "Cost of Revenue": "1,003,236", "Gross Profit": "936,843", "Operating Expense": "585,321", "Operating Income": "351,522", "Net Non Operating Interest Income Expense": "-26,094", "Other Income Expense": "-13,612", "Pretax Income": "311,816", "Tax Provision": "75,849", "Net Income Common Stockholders": "235,967", "Diluted NI Available to Com Stockholders": "235,967", "Basic EPS": "-", "Diluted EPS": "-", "Basic Average Shares": "-", "Diluted Average Shares": "-", "Total Operating Income as Reported": "341,209", "Total Expenses": "1,588,557", "Net Income from Continuing & Discontinued Operation": "235,967", "Normalized Income": "250,677", "Interest Income": "300", "Interest Expense": "26,394", "Net Interest Income": "-26,094", "EBIT": "338,210", "EBITDA": "432,586", "Reconciled Cost of Revenue": "1,003,236", "Reconciled Depreciation": "94,376", "Net Income from Continuing Operation Net Minority Interest": "235,967", "Total Unusual Items Excluding Goodwill": "-19,439", "Total Unusual Items": "-19,439", "Normalized EBITDA": "452,025", "Tax Rate for Calcs": "0", "Tax Effect of Unusual Items": "-4,729"}, "12/31/2020": {"Duration": "12/31/2020", "Total Revenue": "1,923,689", "Cost of Revenue": "976,676", "Gross Profit": "947,013", "Operating Expense": "599,296", "Operating Income": "347,717", "Net Non Operating Interest Income Expense": "-26,632", "Other Income Expense": "-36,081", "Pretax Income": "285,004", "Tax Provision": "72,420", "Net Income Common Stockholders": "212,584", "Diluted NI Available to Com Stockholders": "212,584", "Basic EPS": "1.61", "Diluted EPS": "1.60", "Basic Average Shares": "131,648", "Diluted Average Shares": "132,589", "Total Operating Income as Reported": "317,242", "Total Expenses": "1,575,972", "Net Income from Continuing & Discontinued Operation": "212,584", "Normalized Income": "242,126", "Interest Income": "608", "Interest Expense": "27,240", "Net Interest Income": "-26,632", "EBIT": "312,244", "EBITDA": "-", "Reconciled Cost of Revenue": "976,676", "Reconciled Depreciation": "94,740", "Net Income from Continuing Operation Net Minority Interest": "212,584", "Total Unusual Items Excluding Goodwill": "-39,601", "Total Unusual Items": "-39,601", "Normalized EBITDA": "446,585", "Tax Rate for Calcs": "0", "Tax Effect of Unusual Items": "-10,059"}, "12/31/2019": {"Duration": "12/31/2019", "Total Revenue": "1,887,026", "Cost of Revenue": "957,523", "Gross Profit": "929,503", "Operating Expense": "646,144", "Operating Income": "283,359", "Net Non Operating Interest Income Expense": "-25,060", "Other Income Expense": "-16,383", "Pretax Income": "241,916", "Tax Provision": "70,319", "Net Income Common Stockholders": "171,597", "Diluted NI Available to Com Stockholders": "171,597", "Basic EPS": "1.27", "Diluted EPS": "1.26", "Basic Average Shares": "135,016", "Diluted Average Shares": "136,637", "Total Operating Income as Reported": "273,260", "Total Expenses": "1,603,667", "Net Income from Continuing & Discontinued Operation": "171,597", "Normalized Income": "178,757", "Interest Income": "2,651", "Interest Expense": "27,711", "Net Interest Income": "-25,060", "EBIT": "269,627", "EBITDA": "-", "Reconciled Cost of Revenue": "957,523", "Reconciled Depreciation": "103,132", "Net Income from Continuing Operation Net Minority Interest": "171,597", "Total Unusual Items Excluding Goodwill": "-10,099", "Total Unusual Items": "-10,099", "Normalized EBITDA": "382,858", "Tax Rate for Calcs": "0", "Tax Effect of Unusual Items": "-2,939"}, "12/31/2018": {"Duration": "12/31/2018", "Total Revenue": "1,775,686", "Cost of Revenue": "875,368", "Gross Profit": "900,318", "Operating Expense": "563,150", "Operating Income": "337,168", "Net Non Operating Interest Income Expense": "-12,246", "Other Income Expense": "-17,819", "Pretax Income": "307,103", "Tax Provision": "24,678", "Net Income Common Stockholders": "282,425", "Diluted NI Available to Com Stockholders": "282,425", "Basic EPS": "2.05", "Diluted EPS": "2.01", "Basic Average Shares": "137,815", "Diluted Average Shares": "140,209", "Total Operating Income as Reported": "318,606", "Total Expenses": "1,438,518", "Net Income from Continuing & Discontinued Operation": "282,425", "Normalized Income": "299,502", "Interest Income": "3,901", "Interest Expense": "16,147", "Net Interest Income": "-12,246", "EBIT": "323,250", "EBITDA": "-", "Reconciled Cost of Revenue": "875,368", "Reconciled Depreciation": "66,462", "Net Income from Continuing Operation Net Minority Interest": "282,425", "Total Unusual Items Excluding Goodwill": "-18,562", "Total Unusual Items": "-18,562", "Normalized EBITDA": "408,274", "Tax Rate for Calcs": "0", "Tax Effect of Unusual Items": "-1,485"}}, "bs": {"12/31/2020": {"Duration": "12/31/2020", "Total Assets": "3,252,348", "Total Liabilities Net Minority Interest": "1,368,974", "Total Equity Gross Minority Interest": "1,883,374", "Total Capitalization": "2,608,293", "Common Stock Equity": "1,883,374", "Net Tangible Assets": "279,374", "Working Capital": "790,101", "Invested Capital": "2,621,766", "Tangible Book Value": "279,374", "Total Debt": "738,392", "Net Debt": "440,597", "Share Issued": "131,360", "Ordinary Shares Number": "131,153", "Treasury Shares Number": "207"}, "12/31/2019": {"Duration": "12/31/2019", "Total Assets": "3,137,541", "Total Liabilities Net Minority Interest": "1,266,108", "Total Equity Gross Minority Interest": "1,871,433", "Total Capitalization": "2,519,852", "Common Stock Equity": "1,871,433", "Net Tangible Assets": "259,323", "Working Capital": "695,679", "Invested Capital": "2,548,296", "Tangible Book Value": "259,323", "Total Debt": "676,863", "Net Debt": "392,271", "Share Issued": "134,394", "Ordinary Shares Number": "134,394", "Treasury Shares Number": "-"}, "12/31/2018": {"Duration": "12/31/2018", "Total Assets": "2,781,242", "Total Liabilities Net Minority Interest": "904,456", "Total Equity Gross Minority Interest": "1,876,786", "Total Capitalization": "2,298,734", "Common Stock Equity": "1,876,786", "Net Tangible Assets": "825,370", "Working Capital": "976,633", "Invested Capital": "2,298,734", "Tangible Book Value": "825,370", "Total Debt": "421,948", "Net Debt": "-", "Share Issued": "135,516", "Ordinary Shares Number": "135,516", "Treasury Shares Number": "-"}}, "cf": {"TTM": {"Duration": "TTM", "Operating Cash Flow": "285,801", "Investing Cash Flow": "-84,921", "Financing Cash Flow": "-248,288", "End Cash Position": "261,207", "Income Tax Paid Supplemental Data": "-", "Interest Paid Supplemental Data": "-", "Capital Expenditure": "-58,617", "Issuance of Debt": "494,234", "Repayment of Debt": "-637,452", "Repurchase of Capital Stock": "-16,311", "Free Cash Flow": "227,184"}, "12/31/2020": {"Duration": "12/31/2020", "Operating Cash Flow": "312,363", "Investing Cash Flow": "-83,455", "Financing Cash Flow": "-223,102", "End Cash Position": "297,795", "Income Tax Paid Supplemental Data": "-", "Interest Paid Supplemental Data": "-", "Capital Expenditure": "-57,151", "Issuance of Debt": "669,234", "Repayment of Debt": "-637,188", "Repurchase of Capital Stock": "-166,311", "Free Cash Flow": "255,212"}, "12/31/2019": {"Duration": "12/31/2019", "Operating Cash Flow": "370,372", "Investing Cash Flow": "-651,386", "Financing Cash Flow": "54,040", "End Cash Position": "284,592", "Income Tax Paid Supplemental Data": "-", "Interest Paid Supplemental Data": "-", "Capital Expenditure": "-44,794", "Issuance of Debt": "723,054", "Repayment of Debt": "-468,224", "Repurchase of Capital Stock": "-124,998", "Free Cash Flow": "325,578"}, "12/31/2018": {"Duration": "12/31/2018", "Operating Cash Flow": "374,157", "Investing Cash Flow": "-44,100", "Financing Cash Flow": "-318,944", "End Cash Position": "512,144", "Income Tax Paid Supplemental Data": "-", "Interest Paid Supplemental Data": "-", "Capital Expenditure": "-30,773", "Issuance of Debt": "0", "Repayment of Debt": "0", "Repurchase of Capital Stock": "-243,706", "Free Cash Flow": "343,384"}}}}, {"FARO": {"quote": {"05/08/2021": {"value": "71.09", "Market Cap": "1.291B", "Beta (5Y Monthly)": "1.36", "PE Ratio (TTM)": "104.54", "EPS (TTM)": "0.68", "Earnings Date": "Aug 02, 2021 - Aug 06, 2021", "Forward Dividend & Yield": "N/A (N/A)", "Ex-Dividend Date": "N/A", "1y Target Est": "96.67"}}, "fin": {"TTM": {"Duration": "TTM", "Total Revenue": "300,584", "Cost of Revenue": "144,203", "Gross Profit": "156,381", "Operating Expense": "173,305", "Operating Income": "-16,924", "Net Non Operating Interest Income Expense": "364", "Other Income Expense": "-1,985", "Pretax Income": "-18,545", "Tax Provision": "-30,776", "Net Income Common Stockholders": "12,231", "Diluted NI Available to Com Stockholders": "12,231", "Basic EPS": "-", "Diluted EPS": "-", "Basic Average Shares": "-", "Diluted Average Shares": "-", "Total Operating Income as Reported": "-20,566", "Total Expenses": "317,508", "Net Income from Continuing & Discontinued Operation": "12,231", "Normalized Income": "15,424", "Interest Income": "-", "Interest Expense": "-24", "Net Interest Income": "364", "EBIT": "-18,569", "EBITDA": "-4,899", "Reconciled Cost of Revenue": "144,203", "Reconciled Depreciation": "13,670", "Net Income from Continuing Operation Net Minority Interest": "12,231", "Total Unusual Items Excluding Goodwill": "-5,322", "Total Unusual Items": "-5,322", "Normalized EBITDA": "423", "Tax Rate for Calcs": "0", "Tax Effect of Unusual Items": "-2,129"}, "12/31/2020": {"Duration": "12/31/2020", "Total Revenue": "303,768", "Cost of Revenue": "143,921", "Gross Profit": "159,847", "Operating Expense": "174,723", "Operating Income": "-14,876", "Net Non Operating Interest Income Expense": "340", "Other Income Expense": "-16,237", "Pretax Income": "-30,773", "Tax Provision": "-31,402", "Net Income Common Stockholders": "629", "Diluted NI Available to Com Stockholders": "629", "Basic EPS": "0.04", "Diluted EPS": "0.04", "Basic Average Shares": "17,770", "Diluted Average Shares": "17,926", "Total Operating Income as Reported": "-30,682", "Total Expenses": "318,644", "Net Income from Continuing & Discontinued Operation": "629", "Normalized Income": "13,394", "Interest Income": "340", "Interest Expense": "0", "Net Interest Income": "340", "EBIT": "-30,773", "EBITDA": "-", "Reconciled Cost of Revenue": "143,921", "Reconciled Depreciation": "14,239", "Net Income from Continuing Operation Net Minority Interest": "629", "Total Unusual Items Excluding Goodwill": "-17,486", "Total Unusual Items": "-17,486", "Normalized EBITDA": "952", "Tax Rate for Calcs": "0", "Tax Effect of Unusual Items": "-4,721"}, "12/31/2019": {"Duration": "12/31/2019", "Total Revenue": "381,765", "Cost of Revenue": "183,633", "Gross Profit": "198,132", "Operating Expense": "221,553", "Operating Income": "-23,421", "Net Non Operating Interest Income Expense": "-67", "Other Income Expense": "-37,526", "Pretax Income": "-61,014", "Tax Provision": "1,133", "Net Income Common Stockholders": "-62,147", "Diluted NI Available to Com Stockholders": "-62,147", "Basic EPS": "-3.58", "Diluted EPS": "-3.58", "Basic Average Shares": "17,383", "Diluted Average Shares": "17,383", "Total Operating Income as Reported": "-58,634", "Total Expenses": "405,186", "Net Income from Continuing & Discontinued Operation": "-62,147", "Normalized Income": "-35,127", "Interest Income": "714", "Interest Expense": "781", "Net Interest Income": "-67", "EBIT": "-60,233", "EBITDA": "-", "Reconciled Cost of Revenue": "183,633", "Reconciled Depreciation": "18,516", "Net Income from Continuing Operation Net Minority Interest": "-62,147", "Total Unusual Items Excluding Goodwill": "-37,014", "Total Unusual Items": "-37,014", "Normalized EBITDA": "-4,703", "Tax Rate for Calcs": "0", "Tax Effect of Unusual Items": "-9,994"}, "12/31/2018": {"Duration": "12/31/2018", "Total Revenue": "403,627", "Cost of Revenue": "175,282", "Gross Profit": "228,345", "Operating Expense": "222,591", "Operating Income": "5,754", "Net Non Operating Interest Income Expense": "-57", "Other Income Expense": "-1,139", "Pretax Income": "4,558", "Tax Provision": "-372", "Net Income Common Stockholders": "4,930", "Diluted NI Available to Com Stockholders": "4,930", "Basic EPS": "0.29", "Diluted EPS": "0.29", "Basic Average Shares": "17,043", "Diluted Average Shares": "17,348", "Total Operating Income as Reported": "5,754", "Total Expenses": "397,873", "Net Income from Continuing & Discontinued Operation": "4,930", "Normalized Income": "5,942", "Interest Income": "429", "Interest Expense": "486", "Net Interest Income": "-57", "EBIT": "5,044", "EBITDA": "-", "Reconciled Cost of Revenue": "175,282", "Reconciled Depreciation": "18,313", "Net Income from Continuing Operation Net Minority Interest": "4,930", "Total Unusual Items Excluding Goodwill": "-1,386", "Total Unusual Items": "-1,386", "Normalized EBITDA": "24,743", "Tax Rate for Calcs": "0", "Tax Effect of Unusual Items": "-374.22"}}, "bs": {"12/31/2020": {"Duration": "12/31/2020", "Total Assets": "525,592", "Total Liabilities Net Minority Interest": "165,289", "Total Equity Gross Minority Interest": "360,303", "Total Capitalization": "360,303", "Common Stock Equity": "360,303", "Capital Lease Obligations": "27,966", "Net Tangible Assets": "289,461", "Working Capital": "215,988", "Invested Capital": "360,303", "Tangible Book Value": "289,461", "Total Debt": "27,966", "Share Issued": "19,384", "Ordinary Shares Number": "17,991", "Treasury Shares Number": "1,394"}, "12/31/2019": {"Duration": "12/31/2019", "Total Assets": "486,842", "Total Liabilities Net Minority Interest": "154,850", "Total Equity Gross Minority Interest": "331,992", "Total Capitalization": "331,992", "Common Stock Equity": "331,992", "Capital Lease Obligations": "20,372", "Net Tangible Assets": "267,817", "Working Capital": "216,251", "Invested Capital": "331,992", "Tangible Book Value": "267,817", "Total Debt": "20,372", "Share Issued": "18,988", "Ordinary Shares Number": "17,577", "Treasury Shares Number": "1,412"}, "12/31/2018": {"Duration": "12/31/2018", "Total Assets": "506,244", "Total Liabilities Net Minority Interest": "129,635", "Total Equity Gross Minority Interest": "376,609", "Total Capitalization": "376,609", "Common Stock Equity": "376,609", "Capital Lease Obligations": "-", "Net Tangible Assets": "276,281", "Working Capital": "219,219", "Invested Capital": "376,609", "Tangible Book Value": "276,281", "Total Debt": "-", "Share Issued": "18,676", "Ordinary Shares Number": "17,253", "Treasury Shares Number": "1,423"}}, "cf": {"TTM": {"Duration": "TTM", "Operating Cash Flow": "-5,207", "Investing Cash Flow": "3,662", "Financing Cash Flow": "11,615", "End Cash Position": "167,310", "Capital Expenditure": "-7,317", "Issuance of Capital Stock": "-", "Repayment of Debt": "-342", "Repurchase of Capital Stock": "-", "Free Cash Flow": "-12,524"}, "12/31/2020": {"Duration": "12/31/2020", "Operating Cash Flow": "21,394", "Investing Cash Flow": "13,907", "Financing Cash Flow": "11,058", "End Cash Position": "185,633", "Capital Expenditure": "-6,072", "Issuance of Capital Stock": "-", "Repayment of Debt": "-338", "Repurchase of Capital Stock": "-", "Free Cash Flow": "15,322"}, "12/31/2019": {"Duration": "12/31/2019", "Operating Cash Flow": "32,468", "Investing Cash Flow": "-9,342", "Financing Cash Flow": "2,243", "End Cash Position": "133,634", "Capital Expenditure": "-8,793", "Issuance of Capital Stock": "-", "Repayment of Debt": "-358", "Repurchase of Capital Stock": "-", "Free Cash Flow": "23,675"}, "12/31/2018": {"Duration": "12/31/2018", "Operating Cash Flow": "6,323", "Investing Cash Flow": "-55,774", "Financing Cash Flow": "19,810", "End Cash Position": "108,783", "Capital Expenditure": "-12,921", "Issuance of Capital Stock": "20,855", "Repayment of Debt": "-157", "Repurchase of Capital Stock": "-", "Free Cash Flow": "-6,598"}}}}, {"FLXT": {"quote": {"05/08/2021": {"value": "0.0800", "Market Cap": "9.152M", "Beta (5Y Monthly)": "0.78", "PE Ratio (TTM)": "N/A", "EPS (TTM)": "-0.0060", "Earnings Date": "Nov 13, 2017 - Nov 17, 2017", "Forward Dividend & Yield": "N/A (N/A)", "Ex-Dividend Date": "N/A", "1y Target Est": "N/A"}}, "fin": {"TTM": {"Duration": "TTM", "Total Revenue": "99.438", "Cost of Revenue": "35.468", "Gross Profit": "63.97", "Operating Expense": "859.771", "Operating Income": "-795.801", "Net Non Operating Interest Income Expense": "-254.901", "Other Income Expense": "443.636", "Pretax Income": "-607.066", "Net Income Common Stockholders": "-607.066", "Diluted NI Available to Com Stockholders": "-607.066", "Basic EPS": "-", "Diluted EPS": "-", "Basic Average Shares": "-", "Diluted Average Shares": "-", "Total Operating Income as Reported": "-795.801", "Total Expenses": "895.239", "Net Income from Continuing & Discontinued Operation": "-607.066", "Normalized Income": "-1,051", "Interest Income": "0.284", "Interest Expense": "255.185", "Net Interest Income": "-254.901", "EBIT": "-351.881", "EBITDA": "-349.642", "Reconciled Cost of Revenue": "33.229", "Reconciled Depreciation": "2.239", "Net Income from Continuing Operation Net Minority Interest": "-607.066", "Total Unusual Items Excluding Goodwill": "443.636", "Total Unusual Items": "443.636", "Normalized EBITDA": "-793.278", "Tax Rate for Calcs": "0", "Tax Effect of Unusual Items": "0"}, "12/31/2020": {"Duration": "12/31/2020", "Total Revenue": "99.438", "Cost of Revenue": "35.468", "Gross Profit": "63.97", "Operating Expense": "859.771", "Operating Income": "-795.801", "Net Non Operating Interest Income Expense": "-254.901", "Other Income Expense": "443.636", "Pretax Income": "-607.066", "Net Income Common Stockholders": "-607.066", "Diluted NI Available to Com Stockholders": "-607.066", "Basic EPS": "-", "Diluted EPS": "-", "Basic Average Shares": "-", "Diluted Average Shares": "-", "Total Operating Income as Reported": "-795.801", "Total Expenses": "895.239", "Net Income from Continuing & Discontinued Operation": "-607.066", "Normalized Income": "-1,051", "Interest Income": "0.284", "Interest Expense": "255.185", "Net Interest Income": "-254.901", "EBIT": "-351.881", "EBITDA": "-", "Reconciled Cost of Revenue": "33.229", "Reconciled Depreciation": "2.239", "Net Income from Continuing Operation Net Minority Interest": "-607.066", "Total Unusual Items Excluding Goodwill": "443.636", "Total Unusual Items": "443.636", "Normalized EBITDA": "-793.278", "Tax Rate for Calcs": "0", "Tax Effect of Unusual Items": "0"}, "12/31/2019": {"Duration": "12/31/2019", "Total Revenue": "833.036", "Cost of Revenue": "63.484", "Gross Profit": "769.552", "Operating Expense": "826.624", "Operating Income": "-57.072", "Net Non Operating Interest Income Expense": "-281.888", "Other Income Expense": "-236.098", "Pretax Income": "-575.058", "Net Income Common Stockholders": "-575.058", "Diluted NI Available to Com Stockholders": "-575.058", "Basic EPS": "-0.01", "Diluted EPS": "-0.01", "Basic Average Shares": "96,955", "Diluted Average Shares": "96,955", "Total Operating Income as Reported": "-57.072", "Total Expenses": "890.108", "Net Income from Continuing & Discontinued Operation": "-575.058", "Normalized Income": "-338.96", "Interest Income": "2.087", "Interest Expense": "283.975", "Net Interest Income": "-281.888", "EBIT": "-291.083", "EBITDA": "-", "Reconciled Cost of Revenue": "61.245", "Reconciled Depreciation": "18.524", "Net Income from Continuing Operation Net Minority Interest": "-575.058", "Total Unusual Items Excluding Goodwill": "-236.098", "Total Unusual Items": "-236.098", "Normalized EBITDA": "-36.461", "Tax Rate for Calcs": "0", "Tax Effect of Unusual Items": "0"}, "12/31/2018": {"Duration": "12/31/2018", "Total Revenue": "267.766", "Cost of Revenue": "37.257", "Gross Profit": "230.509", "Operating Expense": "990.897", "Operating Income": "-760.388", "Net Non Operating Interest Income Expense": "-316.933", "Other Income Expense": "171.227", "Pretax Income": "-906.094", "Net Income Common Stockholders": "-906.094", "Diluted NI Available to Com Stockholders": "-906.094", "Basic EPS": "-0.01", "Diluted EPS": "-0.01", "Basic Average Shares": "92,863", "Diluted Average Shares": "92,863", "Total Operating Income as Reported": "-760.388", "Total Expenses": "1,028", "Net Income from Continuing & Discontinued Operation": "-906.094", "Normalized Income": "-1,077", "Interest Income": "0.047", "Interest Expense": "316.98", "Net Interest Income": "-316.933", "EBIT": "-589.114", "EBITDA": "-", "Reconciled Cost of Revenue": "35.018", "Reconciled Depreciation": "34.249", "Net Income from Continuing Operation Net Minority Interest": "-906.094", "Total Unusual Items Excluding Goodwill": "171.227", "Total Unusual Items": "171.227", "Normalized EBITDA": "-726.092", "Tax Rate for Calcs": "0", "Tax Effect of Unusual Items": "0"}}, "bs": {"12/31/2020": {"Duration": "12/31/2020", "Total Assets": "4,921", "Total Liabilities Net Minority Interest": "2,947", "Total Equity Gross Minority Interest": "1,974", "Total Capitalization": "2,033", "Common Stock Equity": "1,974", "Net Tangible Assets": "-2,923", "Working Capital": "-2,865", "Invested Capital": "2,837", "Tangible Book Value": "-2,923", "Total Debt": "862.663", "Net Debt": "862.663", "Share Issued": "99,713", "Ordinary Shares Number": "99,713"}, "12/31/2019": {"Duration": "12/31/2019", "Total Assets": "5,130", "Total Liabilities Net Minority Interest": "2,945", "Total Equity Gross Minority Interest": "2,185", "Total Capitalization": "2,403", "Common Stock Equity": "2,185", "Net Tangible Assets": "-2,712", "Working Capital": "-2,504", "Invested Capital": "3,333", "Tangible Book Value": "-2,712", "Total Debt": "1,149", "Net Debt": "978.509", "Share Issued": "99,713", "Ordinary Shares Number": "99,713"}, "12/31/2018": {"Duration": "12/31/2018", "Total Assets": "4,972", "Total Liabilities Net Minority Interest": "3,307", "Total Equity Gross Minority Interest": "1,666", "Total Capitalization": "1,666", "Common Stock Equity": "1,666", "Net Tangible Assets": "-3,247", "Working Capital": "-3,260", "Invested Capital": "2,943", "Tangible Book Value": "-3,247", "Total Debt": "1,277", "Net Debt": "1,260", "Share Issued": "92,863", "Ordinary Shares Number": "92,863"}}, "cf": {"TTM": {"Duration": "TTM", "Operating Cash Flow": "-424.154", "Investing Cash Flow": "-", "Financing Cash Flow": "254.15", "End Cash Position": "0", "Income Tax Paid Supplemental Data": "0", "Interest Paid Supplemental Data": "0", "Capital Expenditure": "-", "Issuance of Debt": "254.15", "Repayment of Debt": "-", "Free Cash Flow": "-424.154"}, "12/31/2020": {"Duration": "12/31/2020", "Operating Cash Flow": "-424.154", "Investing Cash Flow": "-", "Financing Cash Flow": "254.15", "End Cash Position": "0", "Income Tax Paid Supplemental Data": "0", "Interest Paid Supplemental Data": "0", "Capital Expenditure": "-", "Issuance of Debt": "254.15", "Repayment of Debt": "-", "Free Cash Flow": "-424.154"}, "12/31/2019": {"Duration": "12/31/2019", "Operating Cash Flow": "52.206", "Investing Cash Flow": "0", "Financing Cash Flow": "100", "End Cash Position": "170.004", "Income Tax Paid Supplemental Data": "0", "Interest Paid Supplemental Data": "0", "Capital Expenditure": "-", "Issuance of Debt": "100", "Repayment of Debt": "-", "Free Cash Flow": "52.206"}, "12/31/2018": {"Duration": "12/31/2018", "Operating Cash Flow": "-290.034", "Investing Cash Flow": "0", "Financing Cash Flow": "295", "End Cash Position": "17.798", "Income Tax Paid Supplemental Data": "0", "Interest Paid Supplemental Data": "0", "Capital Expenditure": "-", "Issuance of Debt": "295", "Repayment of Debt": "0", "Free Cash Flow": "-290.034"}}}}, {"GRMN": {"quote": {"05/08/2021": {"value": "143.56", "Market Cap": "27.584B", "Beta (5Y Monthly)": "1.06", "PE Ratio (TTM)": "26.25", "EPS (TTM)": "5.47", "Earnings Date": "Jul 27, 2021 - Aug 02, 2021", "Forward Dividend & Yield": "2.68 (1.87%)", "Ex-Dividend Date": "Jun 14, 2021", "1y Target Est": "145.71"}}, "fin": {"TTM": {"Duration": "TTM", "Total Revenue": "4,402,792", "Cost of Revenue": "1,786,840", "Gross Profit": "2,615,952", "Operating Expense": "1,489,535", "Operating Income": "1,126,417", "Net Non Operating Interest Income Expense": "32,628", "Other Income Expense": "17,244", "Pretax Income": "1,176,289", "Tax Provision": "125,116", "Net Income Common Stockholders": "1,051,173", "Diluted NI Available to Com Stockholders": "1,051,173", "Basic EPS": "-", "Diluted EPS": "-", "Basic Average Shares": "-", "Diluted Average Shares": "-", "Total Operating Income as Reported": "1,126,417", "Total Expenses": "3,276,375", "Net Income from Continuing & Discontinued Operation": "1,051,173", "Normalized Income": "1,042,266", "Interest Income": "32,628", "Net Interest Income": "32,628", "EBIT": "1,126,417", "EBITDA": "1,261,818", "Reconciled Cost of Revenue": "1,786,840", "Reconciled Depreciation": "135,401", "Net Income from Continuing Operation Net Minority Interest": "1,051,173", "Total Unusual Items Excluding Goodwill": "9,967", "Total Unusual Items": "9,967", "Normalized EBITDA": "1,251,851", "Tax Rate for Calcs": "0", "Tax Effect of Unusual Items": "1,060"}, "12/31/2020": {"Duration": "12/31/2020", "Total Revenue": "4,186,573", "Cost of Revenue": "1,705,237", "Gross Profit": "2,481,336", "Operating Expense": "1,427,096", "Operating Income": "1,054,240", "Net Non Operating Interest Income Expense": "37,002", "Other Income Expense": "12,168", "Pretax Income": "1,103,410", "Tax Provision": "111,086", "Net Income Common Stockholders": "992,324", "Diluted NI Available to Com Stockholders": "992,324", "Basic EPS": "5.19", "Diluted EPS": "5.17", "Basic Average Shares": "191,085", "Diluted Average Shares": "191,895", "Total Operating Income as Reported": "1,054,240", "Total Expenses": "3,132,333", "Net Income from Continuing & Discontinued Operation": "992,324", "Normalized Income": "989,783", "Interest Income": "37,002", "Net Interest Income": "37,002", "EBIT": "1,054,240", "EBITDA": "-", "Reconciled Cost of Revenue": "1,705,237", "Reconciled Depreciation": "126,715", "Net Income from Continuing Operation Net Minority Interest": "992,324", "Total Unusual Items Excluding Goodwill": "2,825", "Total Unusual Items": "2,825", "Normalized EBITDA": "1,178,130", "Tax Rate for Calcs": "0", "Tax Effect of Unusual Items": "284.4074"}, "12/31/2019": {"Duration": "12/31/2019", "Total Revenue": "3,757,505", "Cost of Revenue": "1,523,529", "Gross Profit": "2,233,976", "Operating Expense": "1,288,390", "Operating Income": "945,586", "Net Non Operating Interest Income Expense": "52,817", "Other Income Expense": "-11,181", "Pretax Income": "987,222", "Tax Provision": "34,736", "Net Income Common Stockholders": "952,486", "Diluted NI Available to Com Stockholders": "952,486", "Basic EPS": "5.01", "Diluted EPS": "4.99", "Basic Average Shares": "189,931", "Diluted Average Shares": "190,899", "Total Operating Income as Reported": "945,586", "Total Expenses": "2,811,919", "Net Income from Continuing & Discontinued Operation": "952,486", "Normalized Income": "968,694", "Interest Income": "52,817", "Net Interest Income": "52,817", "EBIT": "945,586", "EBITDA": "-", "Reconciled Cost of Revenue": "1,523,529", "Reconciled Depreciation": "106,175", "Net Income from Continuing Operation Net Minority Interest": "952,486", "Total Unusual Items Excluding Goodwill": "-16,799", "Total Unusual Items": "-16,799", "Normalized EBITDA": "1,068,560", "Tax Rate for Calcs": "0", "Tax Effect of Unusual Items": "-591.0829"}, "12/31/2018": {"Duration": "12/31/2018", "Total Revenue": "3,347,444", "Cost of Revenue": "1,367,725", "Gross Profit": "1,979,719", "Operating Expense": "1,201,376", "Operating Income": "778,343", "Net Non Operating Interest Income Expense": "47,147", "Other Income Expense": "-2,243", "Pretax Income": "823,247", "Tax Provision": "129,167", "Net Income Common Stockholders": "694,080", "Diluted NI Available to Com Stockholders": "694,080", "Basic EPS": "3.68", "Diluted EPS": "3.66", "Basic Average Shares": "188,635", "Diluted Average Shares": "189,734", "Total Operating Income as Reported": "778,343", "Total Expenses": "2,569,101", "Net Income from Continuing & Discontinued Operation": "694,080", "Normalized Income": "700,501", "Interest Income": "47,147", "Net Interest Income": "47,147", "EBIT": "778,343", "EBITDA": "-", "Reconciled Cost of Revenue": "1,367,725", "Reconciled Depreciation": "96,194", "Net Income from Continuing Operation Net Minority Interest": "694,080", "Total Unusual Items Excluding Goodwill": "-7,616", "Total Unusual Items": "-7,616", "Normalized EBITDA": "882,153", "Tax Rate for Calcs": "0", "Tax Effect of Unusual Items": "-1,195"}}, "bs": {"12/31/2020": {"Duration": "12/31/2020", "Total Assets": "7,031,373", "Total Liabilities Net Minority Interest": "1,515,257", "Total Equity Gross Minority Interest": "5,516,116", "Total Capitalization": "5,516,116", "Common Stock Equity": "5,516,116", "Capital Lease Obligations": "75,958", "Net Tangible Assets": "4,687,550", "Working Capital": "2,505,134", "Invested Capital": "5,516,116", "Tangible Book Value": "4,687,550", "Total Debt": "75,958", "Share Issued": "191,571", "Ordinary Shares Number": "191,571", "Treasury Shares Number": "-"}, "12/31/2019": {"Duration": "12/31/2019", "Total Assets": "6,166,799", "Total Liabilities Net Minority Interest": "1,373,303", "Total Equity Gross Minority Interest": "4,793,496", "Total Capitalization": "4,793,496", "Common Stock Equity": "4,793,496", "Capital Lease Obligations": "49,238", "Net Tangible Assets": "4,133,867", "Working Capital": "2,021,917", "Invested Capital": "4,793,496", "Tangible Book Value": "4,133,867", "Total Debt": "49,238", "Share Issued": "198,077", "Ordinary Shares Number": "190,686", "Treasury Shares Number": "7,391"}, "12/31/2018": {"Duration": "12/31/2018", "Total Assets": "5,382,858", "Total Liabilities Net Minority Interest": "1,219,884", "Total Equity Gross Minority Interest": "4,162,974", "Total Capitalization": "4,162,974", "Common Stock Equity": "4,162,974", "Capital Lease Obligations": "-", "Net Tangible Assets": "3,745,894", "Working Capital": "1,744,055", "Invested Capital": "4,162,974", "Tangible Book Value": "3,745,894", "Total Debt": "-", "Share Issued": "198,077", "Ordinary Shares Number": "189,461", "Treasury Shares Number": "8,616"}}, "cf": {"TTM": {"Duration": "TTM", "Operating Cash Flow": "1,277,755", "Investing Cash Flow": "-285,759", "Financing Cash Flow": "-457,888", "End Cash Position": "1,582,995", "Income Tax Paid Supplemental Data": "-", "Capital Expenditure": "-182,806", "Repurchase of Capital Stock": "-", "Free Cash Flow": "1,094,949"}, "12/31/2020": {"Duration": "12/31/2020", "Operating Cash Flow": "1,135,267", "Investing Cash Flow": "-260,524", "Financing Cash Flow": "-461,760", "End Cash Position": "1,458,748", "Income Tax Paid Supplemental Data": "133,057", "Capital Expenditure": "-187,466", "Repurchase of Capital Stock": "-", "Free Cash Flow": "947,801"}, "12/31/2019": {"Duration": "12/31/2019", "Operating Cash Flow": "698,549", "Investing Cash Flow": "-450,746", "Financing Cash Flow": "-416,028", "End Cash Position": "1,027,638", "Income Tax Paid Supplemental Data": "160,286", "Capital Expenditure": "-120,408", "Repurchase of Capital Stock": "-", "Free Cash Flow": "578,141"}, "12/31/2018": {"Duration": "12/31/2018", "Operating Cash Flow": "919,520", "Investing Cash Flow": "-307,503", "Financing Cash Flow": "-286,161", "End Cash Position": "1,201,805", "Income Tax Paid Supplemental Data": "67,592", "Capital Expenditure": "-160,355", "Repurchase of Capital Stock": "0", "Free Cash Flow": "759,165"}}}}, {"GIGA": {"quote": {"05/08/2021": {"value": "3.3000", "Market Cap": "8.698M", "Beta (5Y Monthly)": "1.16", "PE Ratio (TTM)": "N/A", "EPS (TTM)": "-0.2050", "Earnings Date": "Feb 04, 2021", "Forward Dividend & Yield": "N/A (N/A)", "Ex-Dividend Date": "N/A", "1y Target Est": "N/A"}}, "fin": {"TTM": {"Duration": "TTM", "Total Revenue": "12,927", "Cost of Revenue": "8,105", "Gross Profit": "4,822", "Operating Expense": "5,687", "Operating Income": "-865", "Net Non Operating Interest Income Expense": "-152", "Other Income Expense": "-", "Pretax Income": "-226", "Tax Provision": "2", "Net Income Common Stockholders": "-241", "Diluted NI Available to Com Stockholders": "-241", "Basic EPS": "-", "Diluted EPS": "-", "Basic Average Shares": "-", "Diluted Average Shares": "-", "Total Operating Income as Reported": "-865", "Total Expenses": "13,792", "Net Income from Continuing & Discontinued Operation": "-228", "Normalized Income": "-228", "Interest Expense": "152", "Net Interest Income": "-152", "EBIT": "-74", "EBITDA": "86", "Reconciled Cost of Revenue": "8,105", "Reconciled Depreciation": "160", "Net Income from Continuing Operation Net Minority Interest": "-228", "Total Unusual Items Excluding Goodwill": "-", "Total Unusual Items": "-", "Normalized EBITDA": "86", "Tax Rate for Calcs": "0", "Tax Effect of Unusual Items": "0"}, "3/31/2020": {"Duration": "3/31/2020", "Total Revenue": "11,768", "Cost of Revenue": "7,180", "Gross Profit": "4,588", "Operating Expense": "5,021", "Operating Income": "-433", "Net Non Operating Interest Income Expense": "-252", "Other Income Expense": "-", "Pretax Income": "-685", "Tax Provision": "2", "Net Income Common Stockholders": "-2,026", "Diluted NI Available to Com Stockholders": "-2,026", "Basic EPS": "-1.64", "Diluted EPS": "-1.64", "Basic Average Shares": "1,232", "Diluted Average Shares": "1,232", "Total Operating Income as Reported": "-433", "Total Expenses": "12,201", "Net Income from Continuing & Discontinued Operation": "-687", "Normalized Income": "-687", "Interest Expense": "252", "Net Interest Income": "-252", "EBIT": "-433", "EBITDA": "-", "Reconciled Cost of Revenue": "7,180", "Reconciled Depreciation": "184", "Net Income from Continuing Operation Net Minority Interest": "-687", "Total Unusual Items Excluding Goodwill": "-", "Total Unusual Items": "-", "Normalized EBITDA": "-249", "Tax Rate for Calcs": "0", "Tax Effect of Unusual Items": "0"}, "3/31/2019": {"Duration": "3/31/2019", "Total Revenue": "11,148", "Cost of Revenue": "6,425", "Gross Profit": "4,723", "Operating Expense": "5,011", "Operating Income": "-288", "Net Non Operating Interest Income Expense": "-713", "Other Income Expense": "-", "Pretax Income": "-1,001", "Tax Provision": "42", "Net Income Common Stockholders": "-1,043", "Diluted NI Available to Com Stockholders": "-1,043", "Basic EPS": "-1.50", "Diluted EPS": "-1.50", "Basic Average Shares": "718.336", "Diluted Average Shares": "718.336", "Total Operating Income as Reported": "-288", "Total Expenses": "11,436", "Net Income from Continuing & Discontinued Operation": "-1,043", "Normalized Income": "-1,043", "Interest Expense": "713", "Net Interest Income": "-713", "EBIT": "-288", "EBITDA": "-", "Reconciled Cost of Revenue": "6,425", "Reconciled Depreciation": "264", "Net Income from Continuing Operation Net Minority Interest": "-1,043", "Total Unusual Items Excluding Goodwill": "0", "Total Unusual Items": "0", "Normalized EBITDA": "-24", "Tax Rate for Calcs": "0", "Tax Effect of Unusual Items": "0"}}, "bs": {"3/31/2020": {"Duration": "3/31/2020", "Total Assets": "8,926", "Total Liabilities Net Minority Interest": "4,626", "Total Equity Gross Minority Interest": "4,300", "Total Capitalization": "4,300", "Preferred Stock Equity": "2,922", "Common Stock Equity": "1,378", "Capital Lease Obligations": "1,561", "Net Tangible Assets": "4,300", "Working Capital": "3,687", "Invested Capital": "2,698", "Tangible Book Value": "1,378", "Total Debt": "2,881", "Net Debt": "663", "Share Issued": "2,636", "Ordinary Shares Number": "2,636"}, "3/31/2019": {"Duration": "3/31/2019", "Total Assets": "6,279", "Total Liabilities Net Minority Interest": "4,464", "Total Equity Gross Minority Interest": "1,815", "Total Capitalization": "1,815", "Preferred Stock Equity": "4,806", "Common Stock Equity": "-2,991", "Capital Lease Obligations": "62", "Net Tangible Assets": "1,815", "Working Capital": "1,621", "Invested Capital": "-1,210", "Tangible Book Value": "-2,991", "Total Debt": "1,843", "Net Debt": "903", "Share Issued": "757.371", "Ordinary Shares Number": "757.371"}}, "cf": {"TTM": {"Duration": "TTM", "Operating Cash Flow": "29", "Investing Cash Flow": "-64", "Financing Cash Flow": "139", "End Cash Position": "1,348", "Income Tax Paid Supplemental Data": "2", "Interest Paid Supplemental Data": "111", "Capital Expenditure": "-64", "Issuance of Capital Stock": "511", "Issuance of Debt": "2,343", "Repayment of Debt": "-2,715", "Free Cash Flow": "-35"}, "3/31/2020": {"Duration": "3/31/2020", "Operating Cash Flow": "-2,359", "Investing Cash Flow": "-123", "Financing Cash Flow": "2,261", "End Cash Position": "657", "Income Tax Paid Supplemental Data": "57", "Interest Paid Supplemental Data": "402", "Capital Expenditure": "-123", "Issuance of Capital Stock": "2,564", "Issuance of Debt": "1,453", "Repayment of Debt": "-1,967", "Free Cash Flow": "-2,482"}, "3/31/2019": {"Duration": "3/31/2019", "Operating Cash Flow": "-1,307", "Investing Cash Flow": "0", "Financing Cash Flow": "700", "End Cash Position": "878", "Income Tax Paid Supplemental Data": "32", "Interest Paid Supplemental Data": "248", "Capital Expenditure": "-", "Issuance of Capital Stock": "1,192", "Issuance of Debt": "0", "Repayment of Debt": "-604", "Free Cash Flow": "-1,307"}}}}, {"VPG": {"quote": {"05/08/2021": {"value": "32.82", "Market Cap": "446.683M", "Beta (5Y Monthly)": "1.42", "PE Ratio (TTM)": "41.54", "EPS (TTM)": "0.79", "Earnings Date": "May 11, 2021", "Forward Dividend & Yield": "N/A (N/A)", "Ex-Dividend Date": "N/A", "1y Target Est": "40.33"}}, "fin": {"TTM": {"Duration": "TTM", "Total Revenue": "269,812", "Cost of Revenue": "165,541", "Gross Profit": "104,271", "Operating Expense": "78,256", "Operating Income": "26,015", "Net Non Operating Interest Income Expense": "-1,120", "Other Income Expense": "-6,586", "Pretax Income": "18,309", "Tax Provision": "7,509", "Net Income Common Stockholders": "10,787", "Average Dilution Earnings": "0", "Diluted NI Available to Com Stockholders": "10,787", "Basic EPS": "-", "Diluted EPS": "-", "Basic Average Shares": "-", "Diluted Average Shares": "-", "Total Operating Income as Reported": "22,657", "Total Expenses": "243,797", "Net Income from Continuing & Discontinued Operation": "10,787", "Normalized Income": "14,878", "Interest Income": "246", "Interest Expense": "1,366", "Net Interest Income": "-1,120", "EBIT": "19,675", "EBITDA": "32,182", "Reconciled Cost of Revenue": "165,541", "Reconciled Depreciation": "12,507", "Net Income from Continuing Operation Net Minority Interest": "10,787", "Total Unusual Items Excluding Goodwill": "-5,604", "Total Unusual Items": "-5,604", "Normalized EBITDA": "37,786", "Tax Rate for Calcs": "0", "Tax Effect of Unusual Items": "-1,513"}, "12/31/2020": {"Duration": "12/31/2020", "Total Revenue": "269,812", "Cost of Revenue": "165,541", "Gross Profit": "104,271", "Operating Expense": "78,256", "Operating Income": "26,015", "Net Non Operating Interest Income Expense": "-1,120", "Other Income Expense": "-6,586", "Pretax Income": "18,309", "Tax Provision": "7,509", "Net Income Common Stockholders": "10,787", "Average Dilution Earnings": "0", "Diluted NI Available to Com Stockholders": "10,787", "Basic EPS": "-", "Diluted EPS": "-", "Basic Average Shares": "-", "Diluted Average Shares": "-", "Total Operating Income as Reported": "22,657", "Total Expenses": "243,797", "Net Income from Continuing & Discontinued Operation": "10,787", "Normalized Income": "14,878", "Interest Income": "246", "Interest Expense": "1,366", "Net Interest Income": "-1,120", "EBIT": "19,675", "EBITDA": "-", "Reconciled Cost of Revenue": "165,541", "Reconciled Depreciation": "12,507", "Net Income from Continuing Operation Net Minority Interest": "10,787", "Total Unusual Items Excluding Goodwill": "-5,604", "Total Unusual Items": "-5,604", "Normalized EBITDA": "37,786", "Tax Rate for Calcs": "0", "Tax Effect of Unusual Items": "-1,513"}, "12/31/2019": {"Duration": "12/31/2019", "Total Revenue": "283,958", "Cost of Revenue": "172,341", "Gross Profit": "111,617", "Operating Expense": "79,622", "Operating Income": "31,995", "Net Non Operating Interest Income Expense": "-885", "Other Income Expense": "-4,670", "Pretax Income": "26,440", "Tax Provision": "4,145", "Net Income Common Stockholders": "22,188", "Average Dilution Earnings": "0", "Diluted NI Available to Com Stockholders": "22,188", "Basic EPS": "1.64", "Diluted EPS": "1.63", "Basic Average Shares": "13,515", "Diluted Average Shares": "13,597", "Total Operating Income as Reported": "28,648", "Total Expenses": "251,963", "Net Income from Continuing & Discontinued Operation": "22,188", "Normalized Income": "26,390", "Interest Income": "622", "Interest Expense": "1,507", "Net Interest Income": "-885", "EBIT": "27,947", "EBITDA": "-", "Reconciled Cost of Revenue": "172,341", "Reconciled Depreciation": "11,795", "Net Income from Continuing Operation Net Minority Interest": "22,188", "Total Unusual Items Excluding Goodwill": "-4,985", "Total Unusual Items": "-4,985", "Normalized EBITDA": "44,727", "Tax Rate for Calcs": "0", "Tax Effect of Unusual Items": "-782.645"}, "12/31/2018": {"Duration": "12/31/2018", "Total Revenue": "299,794", "Cost of Revenue": "178,527", "Gross Profit": "121,267", "Operating Expense": "80,935", "Operating Income": "40,332", "Net Non Operating Interest Income Expense": "-1,738", "Other Income Expense": "-4,605", "Pretax Income": "33,989", "Tax Provision": "10,344", "Net Income Common Stockholders": "23,646", "Average Dilution Earnings": "6", "Diluted NI Available to Com Stockholders": "23,652", "Basic EPS": "1.76", "Diluted EPS": "1.75", "Basic Average Shares": "13,439", "Diluted Average Shares": "13,535", "Total Operating Income as Reported": "37,223", "Total Expenses": "259,462", "Net Income from Continuing & Discontinued Operation": "23,646", "Normalized Income": "25,810", "Interest Income": "-", "Interest Expense": "1,738", "Net Interest Income": "-1,738", "EBIT": "35,727", "EBITDA": "-", "Reconciled Cost of Revenue": "178,527", "Reconciled Depreciation": "10,631", "Net Income from Continuing Operation Net Minority Interest": "23,646", "Total Unusual Items Excluding Goodwill": "-3,109", "Total Unusual Items": "-3,109", "Normalized EBITDA": "49,467", "Tax Rate for Calcs": "0", "Tax Effect of Unusual Items": "-945.136"}}, "bs": {"12/31/2020": {"Duration": "12/31/2020", "Total Assets": "401,887", "Total Liabilities Net Minority Interest": "144,030", "Total Equity Gross Minority Interest": "257,857", "Total Capitalization": "298,449", "Common Stock Equity": "257,823", "Capital Lease Obligations": "23,515", "Net Tangible Assets": "194,679", "Working Capital": "174,339", "Invested Capital": "298,467", "Tangible Book Value": "194,679", "Total Debt": "64,159", "Share Issued": "13,575", "Ordinary Shares Number": "13,575", "Treasury Shares Number": "-"}, "12/31/2019": {"Duration": "12/31/2019", "Total Assets": "370,413", "Total Liabilities Net Minority Interest": "128,661", "Total Equity Gross Minority Interest": "241,752", "Total Capitalization": "241,377", "Common Stock Equity": "241,360", "Capital Lease Obligations": "2,827", "Net Tangible Assets": "172,144", "Working Capital": "123,650", "Invested Capital": "285,893", "Tangible Book Value": "172,144", "Total Debt": "47,360", "Share Issued": "14,143", "Ordinary Shares Number": "13,523", "Treasury Shares Number": "619.667"}, "12/31/2018": {"Duration": "12/31/2018", "Total Assets": "326,383", "Total Liabilities Net Minority Interest": "107,930", "Total Equity Gross Minority Interest": "218,453", "Total Capitalization": "240,836", "Common Stock Equity": "218,415", "Capital Lease Obligations": "-", "Net Tangible Assets": "184,618", "Working Capital": "160,088", "Invested Capital": "245,490", "Tangible Book Value": "184,618", "Total Debt": "27,075", "Share Issued": "14,094", "Ordinary Shares Number": "13,474", "Treasury Shares Number": "619.667"}}, "cf": {"TTM": {"Duration": "TTM", "Operating Cash Flow": "35,313", "Investing Cash Flow": "-21,810", "Financing Cash Flow": "-5,031", "End Cash Position": "98,438", "Capital Expenditure": "-22,949", "Issuance of Debt": "0", "Repayment of Debt": "-3,493", "Free Cash Flow": "12,364"}, "12/31/2020": {"Duration": "12/31/2020", "Operating Cash Flow": "35,313", "Investing Cash Flow": "-21,810", "Financing Cash Flow": "-5,031", "End Cash Position": "98,438", "Capital Expenditure": "-22,949", "Issuance of Debt": "0", "Repayment of Debt": "-3,493", "Free Cash Flow": "12,364"}, "12/31/2019": {"Duration": "12/31/2019", "Operating Cash Flow": "30,932", "Investing Cash Flow": "-51,062", "Financing Cash Flow": "16,476", "End Cash Position": "86,910", "Capital Expenditure": "-11,196", "Issuance of Debt": "22,000", "Repayment of Debt": "-4,618", "Free Cash Flow": "19,736"}, "12/31/2018": {"Duration": "12/31/2018", "Operating Cash Flow": "35,379", "Investing Cash Flow": "-14,389", "Financing Cash Flow": "-3,513", "End Cash Position": "90,159", "Capital Expenditure": "-14,521", "Issuance of Debt": "22,000", "Repayment of Debt": "-24,603", "Free Cash Flow": "20,858"}}}}, {"ST": {"quote": {"05/08/2021": {"value": "58.84", "Market Cap": "9.303B", "Beta (5Y Monthly)": "1.43", "PE Ratio (TTM)": "44.24", "EPS (TTM)": "1.33", "Earnings Date": "Jul 26, 2021 - Jul 30, 2021", "Forward Dividend & Yield": "N/A (N/A)", "Ex-Dividend Date": "N/A", "1y Target Est": "65.06"}}, "fin": {"TTM": {"Duration": "TTM", "Total Revenue": "3,213,837", "Cost of Revenue": "2,187,987", "Gross Profit": "1,025,850", "Operating Expense": "556,080", "Operating Income": "469,770", "Net Non Operating Interest Income Expense": "-206,463", "Other Income Expense": "-30,567", "Pretax Income": "232,740", "Tax Provision": "23,152", "Net Income Common Stockholders": "209,588", "Diluted NI Available to Com Stockholders": "209,588", "Basic EPS": "-", "Diluted EPS": "-", "Basic Average Shares": "-", "Diluted Average Shares": "-", "Total Operating Income as Reported": "436,592", "Total Expenses": "2,744,067", "Net Income from Continuing & Discontinued Operation": "209,588", "Normalized Income": "222,974", "Interest Expense": "-", "Net Interest Income": "-206,463", "EBIT": "442,570", "EBITDA": "693,289", "Reconciled Cost of Revenue": "2,065,789", "Reconciled Depreciation": "250,719", "Net Income from Continuing Operation Net Minority Interest": "209,588", "Total Unusual Items Excluding Goodwill": "-14,865", "Total Unusual Items": "-14,865", "Normalized EBITDA": "708,154", "Tax Rate for Calcs": "0", "Tax Effect of Unusual Items": "-1,479"}, "12/31/2020": {"Duration": "12/31/2020", "Total Revenue": "3,045,578", "Cost of Revenue": "2,119,044", "Gross Profit": "926,534", "Operating Expense": "555,703", "Operating Income": "370,831", "Net Non Operating Interest Income Expense": "-171,757", "Other Income Expense": "-33,433", "Pretax Income": "165,641", "Tax Provision": "1,355", "Net Income Common Stockholders": "164,286", "Diluted NI Available to Com Stockholders": "164,286", "Basic EPS": "1.04", "Diluted EPS": "1.04", "Basic Average Shares": "157,373", "Diluted Average Shares": "158,134", "Total Operating Income as Reported": "337,737", "Total Expenses": "2,674,747", "Net Income from Continuing & Discontinued Operation": "164,286", "Normalized Income": "183,127", "Interest Expense": "171,757", "Net Interest Income": "-171,757", "EBIT": "370,831", "EBITDA": "-", "Reconciled Cost of Revenue": "1,993,364", "Reconciled Depreciation": "255,229", "Net Income from Continuing Operation Net Minority Interest": "164,286", "Total Unusual Items Excluding Goodwill": "-18,996", "Total Unusual Items": "-18,996", "Normalized EBITDA": "645,056", "Tax Rate for Calcs": "0", "Tax Effect of Unusual Items": "-155.3938"}, "12/31/2019": {"Duration": "12/31/2019", "Total Revenue": "3,450,631", "Cost of Revenue": "2,267,433", "Gross Profit": "1,183,198", "Operating Expense": "572,753", "Operating Income": "610,445", "Net Non Operating Interest Income Expense": "-162,918", "Other Income Expense": "-57,104", "Pretax Income": "390,423", "Tax Provision": "107,709", "Net Income Common Stockholders": "282,714", "Diluted NI Available to Com Stockholders": "282,714", "Basic EPS": "1.76", "Diluted EPS": "1.75", "Basic Average Shares": "160,946", "Diluted Average Shares": "161,968", "Total Operating Income as Reported": "556,885", "Total Expenses": "2,840,186", "Net Income from Continuing & Discontinued Operation": "282,714", "Normalized Income": "321,273", "Interest Expense": "158,554", "Net Interest Income": "-162,918", "EBIT": "610,445", "EBITDA": "-", "Reconciled Cost of Revenue": "2,151,571", "Reconciled Depreciation": "258,748", "Net Income from Continuing Operation Net Minority Interest": "282,714", "Total Unusual Items Excluding Goodwill": "-53,249", "Total Unusual Items": "-53,249", "Normalized EBITDA": "922,442", "Tax Rate for Calcs": "0", "Tax Effect of Unusual Items": "-14,690"}, "12/31/2018": {"Duration": "12/31/2018", "Total Revenue": "3,521,627", "Cost of Revenue": "2,266,863", "Gross Profit": "1,254,764", "Operating Expense": "592,163", "Operating Income": "662,601", "Net Non Operating Interest Income Expense": "-156,029", "Other Income Expense": "19,803", "Pretax Income": "526,375", "Tax Provision": "-72,620", "Net Income Common Stockholders": "598,995", "Diluted NI Available to Com Stockholders": "598,995", "Basic EPS": "3.55", "Diluted EPS": "3.53", "Basic Average Shares": "168,570", "Diluted Average Shares": "169,859", "Total Operating Income as Reported": "710,419", "Total Expenses": "2,859,026", "Net Income from Continuing & Discontinued Operation": "598,995", "Normalized Income": "582,569", "Interest Expense": "153,679", "Net Interest Income": "-156,029", "EBIT": "662,601", "EBITDA": "-", "Reconciled Cost of Revenue": "2,160,849", "Reconciled Depreciation": "245,340", "Net Income from Continuing Operation Net Minority Interest": "598,995", "Total Unusual Items Excluding Goodwill": "22,502", "Total Unusual Items": "22,502", "Normalized EBITDA": "885,439", "Tax Rate for Calcs": "0", "Tax Effect of Unusual Items": "6,076"}}, "bs": {"12/31/2020": {"Duration": "12/31/2020", "Total Assets": "7,844,202", "Total Liabilities Net Minority Interest": "5,138,716", "Total Equity Gross Minority Interest": "2,705,486", "Total Capitalization": "5,919,233", "Common Stock Equity": "2,705,486", "Capital Lease Obligations": "39,320", "Net Tangible Assets": "-1,022,042", "Working Capital": "1,484,815", "Invested Capital": "6,676,438", "Tangible Book Value": "-1,022,042", "Total Debt": "4,010,272", "Net Debt": "2,108,972", "Share Issued": "173,266", "Ordinary Shares Number": "157,635", "Treasury Shares Number": "15,631"}, "12/31/2019": {"Duration": "12/31/2019", "Total Assets": "6,834,519", "Total Liabilities Net Minority Interest": "4,260,764", "Total Equity Gross Minority Interest": "2,573,755", "Total Capitalization": "5,793,640", "Common Stock Equity": "2,573,755", "Capital Lease Obligations": "40,353", "Net Tangible Assets": "-1,290,747", "Working Capital": "1,330,906", "Invested Capital": "5,800,558", "Tangible Book Value": "-1,290,747", "Total Debt": "3,267,156", "Net Debt": "2,452,684", "Share Issued": "172,561", "Ordinary Shares Number": "157,828", "Treasury Shares Number": "14,733"}, "12/31/2018": {"Duration": "12/31/2018", "Total Assets": "6,797,687", "Total Liabilities Net Minority Interest": "4,189,253", "Total Equity Gross Minority Interest": "2,608,434", "Total Capitalization": "5,828,196", "Common Stock Equity": "2,608,434", "Capital Lease Obligations": "30,618", "Net Tangible Assets": "-1,370,059", "Working Capital": "1,277,211", "Invested Capital": "5,842,757", "Tangible Book Value": "-1,370,059", "Total Debt": "3,264,941", "Net Debt": "2,504,490", "Share Issued": "171,719", "Ordinary Shares Number": "164,148", "Treasury Shares Number": "7,571"}}, "cf": {"TTM": {"Duration": "TTM", "Operating Cash Flow": "565,742", "Investing Cash Flow": "-198,293", "Financing Cash Flow": "723,506", "End Cash Position": "1,893,926", "Income Tax Paid Supplemental Data": "-", "Interest Paid Supplemental Data": "-", "Capital Expenditure": "-104,344", "Issuance of Debt": "1,900,000", "Repayment of Debt": "-1,159,292", "Repurchase of Capital Stock": "0", "Free Cash Flow": "461,398"}, "12/31/2020": {"Duration": "12/31/2020", "Operating Cash Flow": "559,775", "Investing Cash Flow": "-182,092", "Financing Cash Flow": "710,178", "End Cash Position": "1,861,980", "Income Tax Paid Supplemental Data": "65,823", "Interest Paid Supplemental Data": "164,494", "Capital Expenditure": "-106,719", "Issuance of Debt": "1,150,000", "Repayment of Debt": "-408,914", "Repurchase of Capital Stock": "-35,175", "Free Cash Flow": "453,056"}, "12/31/2019": {"Duration": "12/31/2019", "Operating Cash Flow": "619,562", "Investing Cash Flow": "-208,777", "Financing Cash Flow": "-366,499", "End Cash Position": "774,119", "Income Tax Paid Supplemental Data": "61,031", "Interest Paid Supplemental Data": "169,543", "Capital Expenditure": "-161,259", "Issuance of Debt": "450,000", "Repayment of Debt": "-464,605", "Repurchase of Capital Stock": "-350,004", "Free Cash Flow": "458,303"}, "12/31/2018": {"Duration": "12/31/2018", "Operating Cash Flow": "620,563", "Investing Cash Flow": "-237,606", "Financing Cash Flow": "-406,213", "End Cash Position": "729,833", "Income Tax Paid Supplemental Data": "72,924", "Interest Paid Supplemental Data": "163,478", "Capital Expenditure": "-159,787", "Issuance of Debt": "0", "Repayment of Debt": "-15,653", "Repurchase of Capital Stock": "-399,417", "Free Cash Flow": "460,776"}}}}, {"TDY": {"quote": {"05/08/2021": {"value": "435.99", "Market Cap": "16.161B", "Beta (5Y Monthly)": "1.12", "PE Ratio (TTM)": "40.83", "EPS (TTM)": "10.68", "Earnings Date": "Jul 20, 2021 - Jul 26, 2021", "Forward Dividend & Yield": "N/A (N/A)", "Ex-Dividend Date": "N/A", "1y Target Est": "488.00"}}, "fin": {"TTM": {"Duration": "TTM", "Total Revenue": "3,107,300", "Cost of Revenue": "1,905,200", "Gross Profit": "1,202,100", "Operating Expense": "690,800", "Operating Income": "511,300", "Net Non Operating Interest Income Expense": "-46,900", "Other Income Expense": "5,600", "Pretax Income": "470,000", "Tax Provision": "65,600", "Net Income Common Stockholders": "404,400", "Diluted NI Available to Com Stockholders": "404,400", "Basic EPS": "-", "Diluted EPS": "-", "Basic Average Shares": "-", "Diluted Average Shares": "-", "Total Operating Income as Reported": "511,300", "Total Expenses": "2,596,000", "Net Income from Continuing & Discontinued Operation": "404,400", "Normalized Income": "404,400", "Interest Expense": "46,900", "Net Interest Income": "-46,900", "EBIT": "516,900", "EBITDA": "633,100", "Reconciled Cost of Revenue": "1,905,200", "Reconciled Depreciation": "116,200", "Net Income from Continuing Operation Net Minority Interest": "404,400", "Normalized EBITDA": "633,100", "Tax Rate for Calcs": "0", "Tax Effect of Unusual Items": "0"}, "12/31/2020": {"Duration": "12/31/2020", "Total Revenue": "3,086,200", "Cost of Revenue": "1,905,300", "Gross Profit": "1,180,900", "Operating Expense": "700,800", "Operating Income": "480,100", "Net Non Operating Interest Income Expense": "-15,300", "Other Income Expense": "4,900", "Pretax Income": "469,700", "Tax Provision": "67,800", "Net Income Common Stockholders": "401,900", "Diluted NI Available to Com Stockholders": "401,900", "Basic EPS": "10.88", "Diluted EPS": "10.62", "Basic Average Shares": "36,952", "Diluted Average Shares": "37,900", "Total Operating Income as Reported": "480,100", "Total Expenses": "2,606,100", "Net Income from Continuing & Discontinued Operation": "401,900", "Normalized Income": "401,900", "Interest Expense": "15,300", "Net Interest Income": "-15,300", "EBIT": "485,000", "EBITDA": "-", "Reconciled Cost of Revenue": "1,905,300", "Reconciled Depreciation": "116,200", "Net Income from Continuing Operation Net Minority Interest": "401,900", "Normalized EBITDA": "601,200", "Tax Rate for Calcs": "0", "Tax Effect of Unusual Items": "0"}, "12/31/2019": {"Duration": "12/31/2019", "Total Revenue": "3,163,600", "Cost of Revenue": "1,920,300", "Gross Profit": "1,243,300", "Operating Expense": "751,600", "Operating Income": "491,700", "Net Non Operating Interest Income Expense": "-21,000", "Other Income Expense": "3,000", "Pretax Income": "473,700", "Tax Provision": "71,400", "Net Income Common Stockholders": "402,300", "Diluted NI Available to Com Stockholders": "402,300", "Basic EPS": "11.01", "Diluted EPS": "10.73", "Basic Average Shares": "36,548", "Diluted Average Shares": "37,500", "Total Operating Income as Reported": "491,700", "Total Expenses": "2,671,900", "Net Income from Continuing & Discontinued Operation": "402,300", "Normalized Income": "402,300", "Interest Expense": "21,000", "Net Interest Income": "-21,000", "EBIT": "494,700", "EBITDA": "-", "Reconciled Cost of Revenue": "1,920,300", "Reconciled Depreciation": "111,900", "Net Income from Continuing Operation Net Minority Interest": "402,300", "Normalized EBITDA": "606,600", "Tax Rate for Calcs": "0", "Tax Effect of Unusual Items": "0"}, "12/31/2018": {"Duration": "12/31/2018", "Total Revenue": "2,901,800", "Cost of Revenue": "1,791,000", "Gross Profit": "1,110,800", "Operating Expense": "694,200", "Operating Income": "416,600", "Net Non Operating Interest Income Expense": "-25,500", "Other Income Expense": "2,800", "Pretax Income": "393,900", "Tax Provision": "60,100", "Net Income Common Stockholders": "333,800", "Diluted NI Available to Com Stockholders": "333,800", "Basic EPS": "9.25", "Diluted EPS": "9.01", "Basic Average Shares": "36,087", "Diluted Average Shares": "37,000", "Total Operating Income as Reported": "416,600", "Total Expenses": "2,485,200", "Net Income from Continuing & Discontinued Operation": "333,800", "Normalized Income": "333,800", "Interest Expense": "25,500", "Net Interest Income": "-25,500", "EBIT": "419,400", "EBITDA": "-", "Reconciled Cost of Revenue": "1,791,000", "Reconciled Depreciation": "113,000", "Net Income from Continuing Operation Net Minority Interest": "333,800", "Normalized EBITDA": "532,400", "Tax Rate for Calcs": "0", "Tax Effect of Unusual Items": "0"}}, "bs": {"12/31/2020": {"Duration": "12/31/2020", "Total Assets": "5,084,800", "Total Liabilities Net Minority Interest": "1,856,200", "Total Equity Gross Minority Interest": "3,228,600", "Total Capitalization": "3,909,500", "Common Stock Equity": "3,228,600", "Capital Lease Obligations": "-", "Net Tangible Assets": "668,900", "Working Capital": "961,700", "Invested Capital": "4,007,100", "Tangible Book Value": "668,900", "Total Debt": "778,500", "Net Debt": "105,400", "Share Issued": "37,700", "Ordinary Shares Number": "36,953", "Treasury Shares Number": "746.258"}, "12/31/2019": {"Duration": "12/31/2019", "Total Assets": "4,579,800", "Total Liabilities Net Minority Interest": "1,865,100", "Total Equity Gross Minority Interest": "2,714,700", "Total Capitalization": "3,464,700", "Common Stock Equity": "2,714,700", "Capital Lease Obligations": "119,300", "Net Tangible Assets": "233,400", "Working Capital": "550,500", "Invested Capital": "3,565,300", "Tangible Book Value": "233,400", "Total Debt": "969,900", "Net Debt": "651,100", "Share Issued": "37,698", "Ordinary Shares Number": "36,548", "Treasury Shares Number": "1,150"}, "12/31/2018": {"Duration": "12/31/2018", "Total Assets": "3,809,300", "Total Liabilities Net Minority Interest": "1,579,600", "Total Equity Gross Minority Interest": "2,229,700", "Total Capitalization": "2,842,000", "Common Stock Equity": "2,229,700", "Capital Lease Obligations": "-", "Net Tangible Assets": "150,200", "Working Capital": "393,600", "Invested Capital": "2,980,300", "Tangible Book Value": "150,200", "Total Debt": "750,600", "Net Debt": "608,100", "Share Issued": "37,698", "Ordinary Shares Number": "36,087", "Treasury Shares Number": "1,611"}}, "cf": {"TTM": {"Duration": "TTM", "Operating Cash Flow": "667,400", "Investing Cash Flow": "-67,900", "Financing Cash Flow": "2,382,300", "End Cash Position": "3,213,200", "Capital Expenditure": "-68,800", "Issuance of Debt": "2,978,500", "Repayment of Debt": "-627,500", "Repurchase of Capital Stock": "-", "Free Cash Flow": "598,600"}, "12/31/2020": {"Duration": "12/31/2020", "Operating Cash Flow": "618,900", "Investing Cash Flow": "-99,400", "Financing Cash Flow": "-61,800", "End Cash Position": "673,100", "Capital Expenditure": "-71,400", "Issuance of Debt": "2,700", "Repayment of Debt": "-100,800", "Repurchase of Capital Stock": "-", "Free Cash Flow": "547,500"}, "12/31/2019": {"Duration": "12/31/2019", "Operating Cash Flow": "482,100", "Investing Cash Flow": "-571,900", "Financing Cash Flow": "141,700", "End Cash Position": "199,500", "Capital Expenditure": "-88,400", "Issuance of Debt": "246,000", "Repayment of Debt": "-137,200", "Repurchase of Capital Stock": "-", "Free Cash Flow": "393,700"}, "12/31/2018": {"Duration": "12/31/2018", "Operating Cash Flow": "446,900", "Investing Cash Flow": "-88,600", "Financing Cash Flow": "-271,300", "End Cash Position": "142,500", "Capital Expenditure": "-86,800", "Issuance of Debt": "11,500", "Repayment of Debt": "-318,000", "Repurchase of Capital Stock": "-", "Free Cash Flow": "360,100"}}}}, {"ITRI": {"quote": {"05/08/2021": {"value": "87.39", "Market Cap": "3.944B", "Beta (5Y Monthly)": "1.16", "PE Ratio (TTM)": "N/A", "EPS (TTM)": "-1.33", "Earnings Date": "Aug 02, 2021 - Aug 06, 2021", "Forward Dividend & Yield": "N/A (N/A)", "Ex-Dividend Date": "N/A", "1y Target Est": "112.70"}}, "fin": {"TTM": {"Duration": "TTM", "Total Revenue": "2,094,509", "Cost of Revenue": "1,496,864", "Gross Profit": "597,645", "Operating Expense": "506,980", "Operating Income": "90,665", "Net Non Operating Interest Income Expense": "-40,212", "Other Income Expense": "-105,563", "Pretax Income": "-55,110", "Tax Provision": "-2,651", "Net Income Common Stockholders": "-54,036", "Diluted NI Available to Com Stockholders": "-54,036", "Basic EPS": "-", "Diluted EPS": "-", "Basic Average Shares": "-", "Diluted Average Shares": "-", "Total Operating Income as Reported": "-5,825", "Total Expenses": "2,003,844", "Net Income from Continuing & Discontinued Operation": "-54,036", "Normalized Income": "37,812", "Interest Income": "2,987", "Interest Expense": "43,199", "Net Interest Income": "-40,212", "EBIT": "-11,911", "EBITDA": "83,158", "Reconciled Cost of Revenue": "1,444,314", "Reconciled Depreciation": "95,069", "Net Income from Continuing Operation Net Minority Interest": "-54,036", "Total Unusual Items Excluding Goodwill": "-96,490", "Total Unusual Items": "-96,490", "Normalized EBITDA": "179,648", "Tax Rate for Calcs": "0", "Tax Effect of Unusual Items": "-4,642"}, "12/31/2020": {"Duration": "12/31/2020", "Total Revenue": "2,173,350", "Cost of Revenue": "1,571,183", "Gross Profit": "602,167", "Operating Expense": "515,732", "Operating Income": "86,435", "Net Non Operating Interest Income Expense": "-41,003", "Other Income Expense": "-102,071", "Pretax Income": "-56,639", "Tax Provision": "238", "Net Income Common Stockholders": "-57,955", "Diluted NI Available to Com Stockholders": "-57,955", "Basic EPS": "-", "Diluted EPS": "-", "Basic Average Shares": "-", "Diluted Average Shares": "-", "Total Operating Income as Reported": "-10,395", "Total Expenses": "2,086,915", "Net Income from Continuing & Discontinued Operation": "-57,955", "Normalized Income": "12,731", "Interest Income": "2,998", "Interest Expense": "44,001", "Net Interest Income": "-41,003", "EBIT": "-12,638", "EBITDA": "-", "Reconciled Cost of Revenue": "1,518,604", "Reconciled Depreciation": "97,290", "Net Income from Continuing Operation Net Minority Interest": "-57,955", "Total Unusual Items Excluding Goodwill": "-96,830", "Total Unusual Items": "-96,830", "Normalized EBITDA": "181,482", "Tax Rate for Calcs": "0", "Tax Effect of Unusual Items": "-26,144"}, "12/31/2019": {"Duration": "12/31/2019", "Total Revenue": "2,502,470", "Cost of Revenue": "1,750,151", "Gross Profit": "752,319", "Operating Expense": "613,358", "Operating Income": "138,961", "Net Non Operating Interest Income Expense": "-50,604", "Other Income Expense": "-15,325", "Pretax Income": "73,032", "Tax Provision": "20,617", "Net Income Common Stockholders": "49,006", "Diluted NI Available to Com Stockholders": "49,006", "Basic EPS": "1.24", "Diluted EPS": "1.23", "Basic Average Shares": "39,556", "Diluted Average Shares": "39,980", "Total Operating Income as Reported": "132,683", "Total Expenses": "2,363,509", "Net Income from Continuing & Discontinued Operation": "49,006", "Normalized Income": "53,526", "Interest Income": "1,849", "Interest Expense": "52,453", "Net Interest Income": "-50,604", "EBIT": "125,485", "EBITDA": "-", "Reconciled Cost of Revenue": "1,700,037", "Reconciled Depreciation": "114,400", "Net Income from Continuing Operation Net Minority Interest": "49,006", "Total Unusual Items Excluding Goodwill": "-6,278", "Total Unusual Items": "-6,278", "Normalized EBITDA": "246,163", "Tax Rate for Calcs": "0", "Tax Effect of Unusual Items": "-1,758"}, "12/31/2018": {"Duration": "12/31/2018", "Total Revenue": "2,376,117", "Cost of Revenue": "1,645,798", "Gross Profit": "730,319", "Operating Expense": "702,828", "Operating Income": "27,491", "Net Non Operating Interest Income Expense": "-56,050", "Other Income Expense": "-80,592", "Pretax Income": "-109,151", "Tax Provision": "-12,570", "Net Income Common Stockholders": "-99,250", "Diluted NI Available to Com Stockholders": "-99,250", "Basic EPS": "-2.53", "Diluted EPS": "-2.53", "Basic Average Shares": "39,244", "Diluted Average Shares": "39,244", "Total Operating Income as Reported": "-49,692", "Total Expenses": "2,348,626", "Net Income from Continuing & Discontinued Operation": "-99,250", "Normalized Income": "-31,329", "Interest Income": "2,153", "Interest Expense": "58,203", "Net Interest Income": "-56,050", "EBIT": "-50,948", "EBITDA": "-", "Reconciled Cost of Revenue": "1,595,014", "Reconciled Depreciation": "122,497", "Net Income from Continuing Operation Net Minority Interest": "-99,250", "Total Unusual Items Excluding Goodwill": "-77,183", "Total Unusual Items": "-77,183", "Normalized EBITDA": "148,732", "Tax Rate for Calcs": "0", "Tax Effect of Unusual Items": "-9,262"}}, "bs": {"12/31/2020": {"Duration": "12/31/2020", "Total Assets": "2,607,023", "Total Liabilities Net Minority Interest": "1,766,750", "Total Equity Gross Minority Interest": "840,273", "Total Capitalization": "1,719,125", "Common Stock Equity": "816,548", "Capital Lease Obligations": "66,823", "Net Tangible Assets": "-448,323", "Working Capital": "380,363", "Invested Capital": "1,737,484", "Tangible Book Value": "-448,323", "Total Debt": "987,759", "Net Debt": "714,003", "Share Issued": "40,444", "Ordinary Shares Number": "40,444"}, "12/31/2019": {"Duration": "12/31/2019", "Total Assets": "2,707,841", "Total Liabilities Net Minority Interest": "1,907,026", "Total Equity Gross Minority Interest": "800,815", "Total Capitalization": "1,709,020", "Common Stock Equity": "776,538", "Capital Lease Obligations": "68,919", "Net Tangible Assets": "-512,466", "Working Capital": "325,860", "Invested Capital": "1,709,020", "Tangible Book Value": "-512,466", "Total Debt": "1,001,401", "Net Debt": "782,578", "Share Issued": "39,941", "Ordinary Shares Number": "39,941"}, "12/31/2018": {"Duration": "12/31/2018", "Total Assets": "2,608,982", "Total Liabilities Net Minority Interest": "1,874,934", "Total Equity Gross Minority Interest": "734,048", "Total Capitalization": "1,700,848", "Common Stock Equity": "712,663", "Capital Lease Obligations": "-", "Net Tangible Assets": "-661,453", "Working Capital": "243,434", "Invested Capital": "1,729,286", "Tangible Book Value": "-661,453", "Total Debt": "1,016,623", "Net Debt": "896,402", "Share Issued": "39,498", "Ordinary Shares Number": "39,498"}}, "cf": {"TTM": {"Duration": "TTM", "Operating Cash Flow": "140,575", "Investing Cash Flow": "-37,585", "Financing Cash Flow": "-88,732", "End Cash Position": "568,778", "Income Tax Paid Supplemental Data": "-", "Interest Paid Supplemental Data": "35,630", "Capital Expenditure": "-45,018", "Issuance of Capital Stock": "397,632", "Issuance of Debt": "460,000", "Repayment of Debt": "-889,063", "Repurchase of Capital Stock": "664", "Free Cash Flow": "95,557"}, "12/31/2020": {"Duration": "12/31/2020", "Operating Cash Flow": "109,514", "Investing Cash Flow": "-41,036", "Financing Cash Flow": "-11,576", "End Cash Position": "206,933", "Income Tax Paid Supplemental Data": "2,688", "Interest Paid Supplemental Data": "47,241", "Capital Expenditure": "-46,208", "Issuance of Capital Stock": "8,886", "Issuance of Debt": "400,000", "Repayment of Debt": "-414,063", "Repurchase of Capital Stock": "0", "Free Cash Flow": "63,306"}, "12/31/2019": {"Duration": "12/31/2019", "Operating Cash Flow": "172,840", "Investing Cash Flow": "-48,180", "Financing Cash Flow": "-97,519", "End Cash Position": "149,904", "Income Tax Paid Supplemental Data": "12,041", "Interest Paid Supplemental Data": "44,788", "Capital Expenditure": "-60,749", "Issuance of Capital Stock": "24,390", "Issuance of Debt": "50,000", "Repayment of Debt": "-137,657", "Repurchase of Capital Stock": "-25,000", "Free Cash Flow": "112,091"}, "12/31/2018": {"Duration": "12/31/2018", "Operating Cash Flow": "109,755", "Investing Cash Flow": "-862,658", "Financing Cash Flow": "395,821", "End Cash Position": "122,328", "Income Tax Paid Supplemental Data": "13,771", "Interest Paid Supplemental Data": "42,347", "Capital Expenditure": "-59,952", "Issuance of Capital Stock": "9,171", "Issuance of Debt": "778,938", "Repayment of Debt": "-363,359", "Repurchase of Capital Stock": "-", "Free Cash Flow": "49,803"}}}}, {"KEYS": {"quote": {"05/08/2021": {"value": "143.41", "Market Cap": "26.673B", "Beta (5Y Monthly)": "0.92", "PE Ratio (TTM)": "42.57", "EPS (TTM)": "3.37", "Earnings Date": "May 19, 2021", "Forward Dividend & Yield": "N/A (N/A)", "Ex-Dividend Date": "N/A", "1y Target Est": "161.46"}}, "fin": {"TTM": {"Duration": "TTM", "Total Revenue": "4,306,000", "Cost of Revenue": "1,721,000", "Gross Profit": "2,585,000", "Operating Expense": "1,811,000", "Operating Income": "774,000", "Net Non Operating Interest Income Expense": "-73,000", "Other Income Expense": "53,000", "Pretax Income": "754,000", "Tax Provision": "118,000", "Net Income Common Stockholders": "636,000", "Diluted NI Available to Com Stockholders": "636,000", "Basic EPS": "-", "Diluted EPS": "-", "Basic Average Shares": "-", "Diluted Average Shares": "-", "Total Operating Income as Reported": "774,000", "Total Expenses": "3,532,000", "Net Income from Continuing & Discontinued Operation": "636,000", "Normalized Income": "636,000", "Interest Income": "6,000", "Interest Expense": "79,000", "Net Interest Income": "-73,000", "EBIT": "833,000", "EBITDA": "1,166,000", "Reconciled Cost of Revenue": "1,721,000", "Reconciled Depreciation": "333,000", "Net Income from Continuing Operation Net Minority Interest": "636,000", "Total Unusual Items Excluding Goodwill": "-", "Total Unusual Items": "-", "Normalized EBITDA": "1,166,000", "Tax Rate for Calcs": "0", "Tax Effect of Unusual Items": "0"}, "10/31/2020": {"Duration": "10/31/2020", "Total Revenue": "4,221,000", "Cost of Revenue": "1,688,000", "Gross Profit": "2,533,000", "Operating Expense": "1,768,000", "Operating Income": "765,000", "Net Non Operating Interest Income Expense": "-67,000", "Other Income Expense": "63,000", "Pretax Income": "761,000", "Tax Provision": "134,000", "Net Income Common Stockholders": "627,000", "Diluted NI Available to Com Stockholders": "627,000", "Basic EPS": "3.35", "Diluted EPS": "3.31", "Basic Average Shares": "187,000", "Diluted Average Shares": "189,000", "Total Operating Income as Reported": "765,000", "Total Expenses": "3,456,000", "Net Income from Continuing & Discontinued Operation": "627,000", "Normalized Income": "627,000", "Interest Income": "11,000", "Interest Expense": "78,000", "Net Interest Income": "-67,000", "EBIT": "839,000", "EBITDA": "-", "Reconciled Cost of Revenue": "1,688,000", "Reconciled Depreciation": "326,000", "Net Income from Continuing Operation Net Minority Interest": "627,000", "Total Unusual Items Excluding Goodwill": "0", "Total Unusual Items": "0", "Normalized EBITDA": "1,165,000", "Tax Rate for Calcs": "0", "Tax Effect of Unusual Items": "0"}, "10/31/2019": {"Duration": "10/31/2019", "Total Revenue": "4,303,000", "Cost of Revenue": "1,769,000", "Gross Profit": "2,534,000", "Operating Expense": "1,823,000", "Operating Income": "711,000", "Net Non Operating Interest Income Expense": "-57,000", "Other Income Expense": "61,000", "Pretax Income": "715,000", "Tax Provision": "94,000", "Net Income Common Stockholders": "621,000", "Diluted NI Available to Com Stockholders": "621,000", "Basic EPS": "3.31", "Diluted EPS": "3.25", "Basic Average Shares": "188,000", "Diluted Average Shares": "191,000", "Total Operating Income as Reported": "711,000", "Total Expenses": "3,592,000", "Net Income from Continuing & Discontinued Operation": "621,000", "Normalized Income": "621,000", "Interest Income": "23,000", "Interest Expense": "80,000", "Net Interest Income": "-57,000", "EBIT": "795,000", "EBITDA": "-", "Reconciled Cost of Revenue": "1,769,000", "Reconciled Depreciation": "308,000", "Net Income from Continuing Operation Net Minority Interest": "621,000", "Total Unusual Items Excluding Goodwill": "0", "Total Unusual Items": "0", "Normalized EBITDA": "1,103,000", "Tax Rate for Calcs": "0", "Tax Effect of Unusual Items": "0"}, "10/31/2018": {"Duration": "10/31/2018", "Total Revenue": "3,878,000", "Cost of Revenue": "1,756,000", "Gross Profit": "2,122,000", "Operating Expense": "1,759,000", "Operating Income": "363,000", "Net Non Operating Interest Income Expense": "-71,000", "Other Income Expense": "-703,000", "Pretax Income": "-411,000", "Tax Provision": "-576,000", "Net Income Common Stockholders": "165,000", "Diluted NI Available to Com Stockholders": "165,000", "Basic EPS": "0.88", "Diluted EPS": "0.86", "Basic Average Shares": "187,000", "Diluted Average Shares": "191,000", "Total Operating Income as Reported": "-346,000", "Total Expenses": "3,515,000", "Net Income from Continuing & Discontinued Operation": "165,000", "Normalized Income": "682,570", "Interest Income": "12,000", "Interest Expense": "83,000", "Net Interest Income": "-71,000", "EBIT": "-328,000", "EBITDA": "-", "Reconciled Cost of Revenue": "1,756,000", "Reconciled Depreciation": "310,000", "Net Income from Continuing Operation Net Minority Interest": "165,000", "Total Unusual Items Excluding Goodwill": "-709,000", "Total Unusual Items": "-709,000", "Normalized EBITDA": "691,000", "Tax Rate for Calcs": "0", "Tax Effect of Unusual Items": "-191,430"}}, "bs": {"10/31/2020": {"Duration": "10/31/2020", "Total Assets": "7,218,000", "Total Liabilities Net Minority Interest": "3,921,000", "Total Equity Gross Minority Interest": "3,297,000", "Total Capitalization": "5,086,000", "Common Stock Equity": "3,297,000", "Capital Lease Obligations": "192,000", "Net Tangible Assets": "1,399,000", "Working Capital": "2,293,000", "Invested Capital": "5,086,000", "Tangible Book Value": "1,399,000", "Total Debt": "1,981,000", "Net Debt": "33,000", "Share Issued": "196,000", "Ordinary Shares Number": "185,300", "Treasury Shares Number": "10,700"}, "10/31/2019": {"Duration": "10/31/2019", "Total Assets": "6,623,000", "Total Liabilities Net Minority Interest": "3,619,000", "Total Equity Gross Minority Interest": "3,004,000", "Total Capitalization": "4,792,000", "Common Stock Equity": "3,004,000", "Capital Lease Obligations": "-", "Net Tangible Assets": "1,305,000", "Working Capital": "2,212,000", "Invested Capital": "4,792,000", "Tangible Book Value": "1,305,000", "Total Debt": "1,788,000", "Net Debt": "190,000", "Share Issued": "194,000", "Ordinary Shares Number": "187,500", "Treasury Shares Number": "6,500"}, "10/31/2018": {"Duration": "10/31/2018", "Total Assets": "5,824,000", "Total Liabilities Net Minority Interest": "3,391,000", "Total Equity Gross Minority Interest": "2,433,000", "Total Capitalization": "3,724,000", "Common Stock Equity": "2,433,000", "Capital Lease Obligations": "-", "Net Tangible Assets": "617,000", "Working Capital": "916,000", "Invested Capital": "4,223,000", "Tangible Book Value": "617,000", "Total Debt": "1,790,000", "Net Debt": "877,000", "Share Issued": "191,000", "Ordinary Shares Number": "186,600", "Treasury Shares Number": "4,400"}}, "cf": {"TTM": {"Duration": "TTM", "Operating Cash Flow": "1,114,000", "Investing Cash Flow": "-561,000", "Financing Cash Flow": "-357,000", "End Cash Position": "1,889,000", "Income Tax Paid Supplemental Data": "-", "Interest Paid Supplemental Data": "-", "Capital Expenditure": "-113,000", "Issuance of Capital Stock": "-", "Issuance of Debt": "-", "Repayment of Debt": "-", "Repurchase of Capital Stock": "-355,000", "Free Cash Flow": "1,001,000"}, "10/31/2020": {"Duration": "10/31/2020", "Operating Cash Flow": "1,016,000", "Investing Cash Flow": "-442,000", "Financing Cash Flow": "-413,000", "End Cash Position": "1,767,000", "Income Tax Paid Supplemental Data": "75,000", "Interest Paid Supplemental Data": "84,000", "Capital Expenditure": "-117,000", "Issuance of Capital Stock": "-", "Issuance of Debt": "0", "Repayment of Debt": "-7,000", "Repurchase of Capital Stock": "-411,000", "Free Cash Flow": "899,000"}, "10/31/2019": {"Duration": "10/31/2019", "Operating Cash Flow": "998,000", "Investing Cash Flow": "-196,000", "Financing Cash Flow": "-122,000", "End Cash Position": "1,600,000", "Income Tax Paid Supplemental Data": "76,000", "Interest Paid Supplemental Data": "103,000", "Capital Expenditure": "-120,000", "Issuance of Capital Stock": "0", "Issuance of Debt": "500,000", "Repayment of Debt": "-500,000", "Repurchase of Capital Stock": "-159,000", "Free Cash Flow": "878,000"}, "10/31/2018": {"Duration": "10/31/2018", "Operating Cash Flow": "555,000", "Investing Cash Flow": "-116,000", "Financing Cash Flow": "-335,000", "End Cash Position": "913,000", "Income Tax Paid Supplemental Data": "-", "Interest Paid Supplemental Data": "-", "Capital Expenditure": "-132,000", "Issuance of Capital Stock": "0", "Issuance of Debt": "40,000", "Repayment of Debt": "-300,000", "Repurchase of Capital Stock": "-120,000", "Free Cash Flow": "423,000"}}}}, {"LDR": {"quote": {"05/08/2021": {"value": "", "Net Assets": "N/A", "Beta (5Y Monthly)": "N/A", "Yield": "N/A", "5y Average Return": "N/A", "Holdings Turnover": "N/A", "Last Dividend": "N/A", "Average for Category": "N/A", "Inception Date": "N/A"}}, "fin": {}, "bs": {}, "cf": {}}}, {"MIND": {"quote": {"05/08/2021": {"value": "2.2800", "Market Cap": "31.113M", "Beta (5Y Monthly)": "2.04", "PE Ratio (TTM)": "N/A", "EPS (TTM)": "-1.8040", "Earnings Date": "Jun 08, 2021 - Jun 14, 2021", "Forward Dividend & Yield": "N/A (N/A)", "Ex-Dividend Date": "N/A", "1y Target Est": "N/A"}}, "fin": {"TTM": {"Duration": "TTM", "Total Revenue": "21,215", "Cost of Revenue": "13,906", "Gross Profit": "7,309", "Operating Expense": "19,106", "Operating Income": "-11,797", "Net Non Operating Interest Income Expense": "-", "Other Income Expense": "-1,669", "Pretax Income": "-13,466", "Tax Provision": "536", "Net Income Common Stockholders": "-22,560", "Diluted NI Available to Com Stockholders": "-22,560", "Basic EPS": "-", "Diluted EPS": "-", "Basic Average Shares": "-", "Diluted Average Shares": "-", "Total Operating Income as Reported": "-14,328", "Total Expenses": "33,012", "Net Income from Continuing & Discontinued Operation": "-20,306", "Normalized Income": "-12,483", "Interest Income": "-", "Net Interest Income": "-", "EBIT": "-11,797", "EBITDA": "-7,170", "Reconciled Cost of Revenue": "12,075", "Reconciled Depreciation": "4,627", "Net Income from Continuing Operation Net Minority Interest": "-14,002", "Total Unusual Items Excluding Goodwill": "-2,531", "Total Unusual Items": "-2,531", "Normalized EBITDA": "-4,639", "Tax Rate for Calcs": "0", "Tax Effect of Unusual Items": "-1,012"}, "1/31/2021": {"Duration": "1/31/2021", "Total Revenue": "21,215", "Cost of Revenue": "13,906", "Gross Profit": "7,309", "Operating Expense": "19,106", "Operating Income": "-11,797", "Net Non Operating Interest Income Expense": "-", "Other Income Expense": "-1,669", "Pretax Income": "-13,466", "Tax Provision": "536", "Net Income Common Stockholders": "-22,560", "Diluted NI Available to Com Stockholders": "-22,560", "Basic EPS": "-", "Diluted EPS": "-", "Basic Average Shares": "-", "Diluted Average Shares": "-", "Total Operating Income as Reported": "-14,328", "Total Expenses": "33,012", "Net Income from Continuing & Discontinued Operation": "-20,306", "Normalized Income": "-12,483", "Interest Income": "-", "Net Interest Income": "-", "EBIT": "-11,797", "EBITDA": "-", "Reconciled Cost of Revenue": "12,075", "Reconciled Depreciation": "4,627", "Net Income from Continuing Operation Net Minority Interest": "-14,002", "Total Unusual Items Excluding Goodwill": "-2,531", "Total Unusual Items": "-2,531", "Normalized EBITDA": "-4,639", "Tax Rate for Calcs": "0", "Tax Effect of Unusual Items": "-1,012"}, "1/31/2020": {"Duration": "1/31/2020", "Total Revenue": "42,675", "Cost of Revenue": "26,054", "Gross Profit": "16,621", "Operating Expense": "26,236", "Operating Income": "-9,615", "Net Non Operating Interest Income Expense": "-46", "Other Income Expense": "-748", "Pretax Income": "-10,409", "Tax Provision": "878", "Net Income Common Stockholders": "-13,337", "Diluted NI Available to Com Stockholders": "-13,337", "Basic EPS": "-1.10", "Diluted EPS": "-1.10", "Basic Average Shares": "12,143", "Diluted Average Shares": "12,143", "Total Operating Income as Reported": "-10,375", "Total Expenses": "52,290", "Net Income from Continuing & Discontinued Operation": "-11,287", "Normalized Income": "-10,732", "Interest Income": "-", "Net Interest Income": "-46", "EBIT": "-9,615", "EBITDA": "-", "Reconciled Cost of Revenue": "20,956", "Reconciled Depreciation": "7,768", "Net Income from Continuing Operation Net Minority Interest": "-11,287", "Total Unusual Items Excluding Goodwill": "-760", "Total Unusual Items": "-760", "Normalized EBITDA": "-1,087", "Tax Rate for Calcs": "0", "Tax Effect of Unusual Items": "-205.2"}, "1/31/2019": {"Duration": "1/31/2019", "Total Revenue": "42,942", "Cost of Revenue": "31,202", "Gross Profit": "11,740", "Operating Expense": "24,760", "Operating Income": "-13,020", "Net Non Operating Interest Income Expense": "72", "Other Income Expense": "-6,640", "Pretax Income": "-19,588", "Tax Provision": "252", "Net Income Common Stockholders": "-21,548", "Diluted NI Available to Com Stockholders": "-21,548", "Basic EPS": "-1.78", "Diluted EPS": "-1.78", "Basic Average Shares": "12,105", "Diluted Average Shares": "12,105", "Total Operating Income as Reported": "-13,020", "Total Expenses": "55,962", "Net Income from Continuing & Discontinued Operation": "-19,840", "Normalized Income": "-15,894", "Interest Income": "72", "Net Interest Income": "72", "EBIT": "-13,020", "EBITDA": "-", "Reconciled Cost of Revenue": "21,884", "Reconciled Depreciation": "11,814", "Net Income from Continuing Operation Net Minority Interest": "-19,840", "Total Unusual Items Excluding Goodwill": "-5,405", "Total Unusual Items": "-5,405", "Normalized EBITDA": "4,199", "Tax Rate for Calcs": "0", "Tax Effect of Unusual Items": "-1,459"}}, "bs": {"1/31/2021": {"Duration": "1/31/2021", "Total Assets": "39,763", "Total Liabilities Net Minority Interest": "9,347", "Total Equity Gross Minority Interest": "30,416", "Total Capitalization": "31,266", "Preferred Stock Equity": "23,104", "Common Stock Equity": "7,312", "Capital Lease Obligations": "1,471", "Net Tangible Assets": "23,666", "Working Capital": "18,955", "Invested Capital": "8,162", "Tangible Book Value": "562", "Total Debt": "2,321", "Share Issued": "15,681", "Ordinary Shares Number": "13,752", "Preferred Shares Number": "1,038", "Treasury Shares Number": "1,929"}, "1/31/2020": {"Duration": "1/31/2020", "Total Assets": "58,228", "Total Liabilities Net Minority Interest": "10,576", "Total Equity Gross Minority Interest": "47,652", "Total Capitalization": "47,652", "Preferred Stock Equity": "22,104", "Common Stock Equity": "25,548", "Capital Lease Obligations": "2,300", "Net Tangible Assets": "36,960", "Working Capital": "22,179", "Invested Capital": "25,548", "Tangible Book Value": "14,856", "Total Debt": "2,300", "Share Issued": "14,097", "Ordinary Shares Number": "12,168", "Preferred Shares Number": "994", "Treasury Shares Number": "1,929"}, "1/31/2019": {"Duration": "1/31/2019", "Total Assets": "65,301", "Total Liabilities Net Minority Interest": "8,623", "Total Equity Gross Minority Interest": "56,678", "Total Capitalization": "56,678", "Preferred Stock Equity": "18,330", "Common Stock Equity": "38,348", "Capital Lease Obligations": "-", "Net Tangible Assets": "43,652", "Working Capital": "28,914", "Invested Capital": "38,348", "Tangible Book Value": "25,322", "Total Debt": "-", "Share Issued": "14,049", "Ordinary Shares Number": "12,120", "Preferred Shares Number": "830", "Treasury Shares Number": "1,929"}}, "cf": {"TTM": {"Duration": "TTM", "Operating Cash Flow": "-6,360", "Investing Cash Flow": "3,207", "Financing Cash Flow": "4,514", "End Cash Position": "4,611", "Capital Expenditure": "-566", "Issuance of Capital Stock": "4,584", "Issuance of Debt": "1,607", "Repayment of Debt": "-", "Repurchase of Capital Stock": "-", "Free Cash Flow": "-6,926"}, "1/31/2021": {"Duration": "1/31/2021", "Operating Cash Flow": "-6,360", "Investing Cash Flow": "3,207", "Financing Cash Flow": "4,514", "End Cash Position": "4,611", "Capital Expenditure": "-566", "Issuance of Capital Stock": "4,584", "Issuance of Debt": "1,607", "Repayment of Debt": "-", "Repurchase of Capital Stock": "-", "Free Cash Flow": "-6,926"}, "1/31/2020": {"Duration": "1/31/2020", "Operating Cash Flow": "-5,817", "Investing Cash Flow": "-2,088", "Financing Cash Flow": "1,749", "End Cash Position": "3,234", "Capital Expenditure": "-3,991", "Issuance of Capital Stock": "3,773", "Issuance of Debt": "-", "Repayment of Debt": "0", "Repurchase of Capital Stock": "-", "Free Cash Flow": "-9,808"}, "1/31/2019": {"Duration": "1/31/2019", "Operating Cash Flow": "-5,457", "Investing Cash Flow": "-15", "Financing Cash Flow": "5,145", "End Cash Position": "9,549", "Capital Expenditure": "-2,531", "Issuance of Capital Stock": "6,853", "Issuance of Debt": "-", "Repayment of Debt": "0", "Repurchase of Capital Stock": "0", "Free Cash Flow": "-7,988"}}}}, {"TRNS": {"quote": {"05/08/2021": {"value": "49.06", "Market Cap": "365.291M", "Beta (5Y Monthly)": "0.70", "PE Ratio (TTM)": "52.19", "EPS (TTM)": "0.94", "Earnings Date": "May 18, 2021", "Forward Dividend & Yield": "N/A (N/A)", "Ex-Dividend Date": "N/A", "1y Target Est": "48.14"}}, "fin": {"TTM": {"Duration": "TTM", "Total Revenue": "170,335", "Cost of Revenue": "126,134", "Gross Profit": "44,201", "Operating Expense": "33,898", "Operating Income": "10,303", "Net Non Operating Interest Income Expense": "-1,123", "Pretax Income": "9,180", "Tax Provision": "2,104", "Net Income Common Stockholders": "7,076", "Diluted NI Available to Com Stockholders": "7,076", "Basic EPS": "-", "Diluted EPS": "-", "Basic Average Shares": "-", "Diluted Average Shares": "-", "Total Operating Income as Reported": "10,303", "Total Expenses": "160,032", "Net Income from Continuing & Discontinued Operation": "7,076", "Normalized Income": "7,076", "Interest Expense": "1,123", "Net Interest Income": "-1,123", "EBIT": "10,303", "EBITDA": "17,607", "Reconciled Cost of Revenue": "126,134", "Reconciled Depreciation": "7,304", "Net Income from Continuing Operation Net Minority Interest": "7,076", "Normalized EBITDA": "17,607", "Tax Rate for Calcs": "0", "Tax Effect of Unusual Items": "0"}, "3/31/2020": {"Duration": "3/31/2020", "Total Revenue": "173,099", "Cost of Revenue": "130,621", "Gross Profit": "42,478", "Operating Expense": "31,628", "Operating Income": "10,850", "Net Non Operating Interest Income Expense": "-1,120", "Pretax Income": "9,730", "Tax Provision": "1,663", "Net Income Common Stockholders": "8,067", "Diluted NI Available to Com Stockholders": "8,067", "Basic EPS": "1.10", "Diluted EPS": "1.08", "Basic Average Shares": "7,331", "Diluted Average Shares": "7,487", "Total Operating Income as Reported": "10,850", "Total Expenses": "162,249", "Net Income from Continuing & Discontinued Operation": "8,067", "Normalized Income": "8,067", "Interest Expense": "1,120", "Net Interest Income": "-1,120", "EBIT": "10,850", "EBITDA": "-", "Reconciled Cost of Revenue": "130,621", "Reconciled Depreciation": "6,659", "Net Income from Continuing Operation Net Minority Interest": "8,067", "Normalized EBITDA": "17,509", "Tax Rate for Calcs": "0", "Tax Effect of Unusual Items": "0"}, "3/31/2019": {"Duration": "3/31/2019", "Total Revenue": "160,898", "Cost of Revenue": "121,555", "Gross Profit": "39,343", "Operating Expense": "29,114", "Operating Income": "10,229", "Net Non Operating Interest Income Expense": "-994", "Pretax Income": "9,235", "Tax Provision": "2,090", "Net Income Common Stockholders": "7,145", "Diluted NI Available to Com Stockholders": "7,145", "Basic EPS": "0.99", "Diluted EPS": "0.95", "Basic Average Shares": "7,196", "Diluted Average Shares": "7,515", "Total Operating Income as Reported": "10,229", "Total Expenses": "150,669", "Net Income from Continuing & Discontinued Operation": "7,145", "Normalized Income": "7,145", "Interest Expense": "994", "Net Interest Income": "-994", "EBIT": "10,229", "EBITDA": "-", "Reconciled Cost of Revenue": "121,555", "Reconciled Depreciation": "6,361", "Net Income from Continuing Operation Net Minority Interest": "7,145", "Normalized EBITDA": "16,590", "Tax Rate for Calcs": "0", "Tax Effect of Unusual Items": "0"}}, "bs": {"3/31/2020": {"Duration": "3/31/2020", "Total Assets": "128,122", "Total Liabilities Net Minority Interest": "61,035", "Total Equity Gross Minority Interest": "67,087", "Total Capitalization": "95,449", "Common Stock Equity": "67,087", "Capital Lease Obligations": "6,832", "Net Tangible Assets": "17,570", "Working Capital": "27,538", "Invested Capital": "97,431", "Tangible Book Value": "17,570", "Total Debt": "37,176", "Net Debt": "29,845", "Share Issued": "7,381", "Ordinary Shares Number": "7,381"}, "3/31/2019": {"Duration": "3/31/2019", "Total Assets": "105,230", "Total Liabilities Net Minority Interest": "45,600", "Total Equity Gross Minority Interest": "59,630", "Total Capitalization": "78,733", "Common Stock Equity": "59,630", "Capital Lease Obligations": "-", "Net Tangible Assets": "19,852", "Working Capital": "22,857", "Invested Capital": "80,632", "Tangible Book Value": "19,852", "Total Debt": "21,002", "Net Debt": "20,214", "Share Issued": "7,211", "Ordinary Shares Number": "7,211"}}, "cf": {"TTM": {"Duration": "TTM", "Operating Cash Flow": "18,973", "Investing Cash Flow": "-21,851", "Financing Cash Flow": "4,119", "End Cash Position": "1,445", "Income Tax Paid Supplemental Data": "1,445", "Interest Paid Supplemental Data": "894", "Capital Expenditure": "-5,873", "Issuance of Capital Stock": "751", "Issuance of Debt": "11,119", "Repayment of Debt": "-6,464", "Repurchase of Capital Stock": "-1,287", "Free Cash Flow": "13,100"}, "3/31/2020": {"Duration": "3/31/2020", "Operating Cash Flow": "11,561", "Investing Cash Flow": "-20,242", "Financing Cash Flow": "8,247", "End Cash Position": "499", "Income Tax Paid Supplemental Data": "1,371", "Interest Paid Supplemental Data": "938", "Capital Expenditure": "-6,579", "Issuance of Capital Stock": "1,727", "Issuance of Debt": "11,241", "Repayment of Debt": "-1,899", "Repurchase of Capital Stock": "-2,822", "Free Cash Flow": "4,982"}, "3/31/2019": {"Duration": "3/31/2019", "Operating Cash Flow": "12,561", "Investing Cash Flow": "-10,904", "Financing Cash Flow": "-1,708", "End Cash Position": "788", "Income Tax Paid Supplemental Data": "1,298", "Interest Paid Supplemental Data": "906", "Capital Expenditure": "-6,998", "Issuance of Capital Stock": "285", "Issuance of Debt": "2,500", "Repayment of Debt": "-4,348", "Repurchase of Capital Stock": "-145", "Free Cash Flow": "5,563"}}}}, {"XSNX": {"quote": {"05/08/2021": {"value": "0.4570", "Market Cap": "5.823M", "Beta (5Y Monthly)": "1.53", "PE Ratio (TTM)": "N/A", "EPS (TTM)": "-4.2220", "Earnings Date": "N/A", "Forward Dividend & Yield": "N/A (N/A)", "Ex-Dividend Date": "N/A", "1y Target Est": "N/A"}}, "fin": {"TTM": {"Duration": "TTM", "Total Revenue": "0", "Cost of Revenue": "0", "Gross Profit": "0", "Operating Expense": "828.892", "Operating Income": "-828.892", "Net Non Operating Interest Income Expense": "-30.536", "Other Income Expense": "-6,132", "Pretax Income": "-6,991", "Tax Provision": "-", "Net Income Common Stockholders": "-6,770", "Diluted NI Available to Com Stockholders": "-6,770", "Basic EPS": "-", "Diluted EPS": "-", "Basic Average Shares": "-", "Diluted Average Shares": "-", "Total Operating Income as Reported": "-828.892", "Total Expenses": "828.892", "Net Income from Continuing & Discontinued Operation": "-6,770", "Normalized Income": "-5,948", "Interest Expense": "30.536", "Net Interest Income": "-30.536", "EBIT": "-6,961", "EBITDA": "-6,961", "Reconciled Cost of Revenue": "0", "Reconciled Depreciation": "0.58", "Net Income from Continuing Operation Net Minority Interest": "-6,991", "Total Unusual Items Excluding Goodwill": "-1,044", "Total Unusual Items": "-1,044", "Normalized EBITDA": "-5,917", "Tax Rate for Calcs": "0", "Tax Effect of Unusual Items": "0"}, "9/30/2020": {"Duration": "9/30/2020", "Total Revenue": "0", "Cost of Revenue": "0", "Gross Profit": "0", "Operating Expense": "828.892", "Operating Income": "-828.892", "Net Non Operating Interest Income Expense": "-30.536", "Other Income Expense": "-6,132", "Pretax Income": "-6,991", "Tax Provision": "-", "Net Income Common Stockholders": "-6,770", "Diluted NI Available to Com Stockholders": "-6,770", "Basic EPS": "-", "Diluted EPS": "-", "Basic Average Shares": "-", "Diluted Average Shares": "-", "Total Operating Income as Reported": "-828.892", "Total Expenses": "828.892", "Net Income from Continuing & Discontinued Operation": "-6,770", "Normalized Income": "-5,948", "Interest Expense": "30.536", "Net Interest Income": "-30.536", "EBIT": "-6,961", "EBITDA": "-", "Reconciled Cost of Revenue": "0", "Reconciled Depreciation": "-", "Net Income from Continuing Operation Net Minority Interest": "-6,991", "Total Unusual Items Excluding Goodwill": "-1,044", "Total Unusual Items": "-1,044", "Normalized EBITDA": "-5,917", "Tax Rate for Calcs": "0", "Tax Effect of Unusual Items": "0"}, "9/30/2019": {"Duration": "9/30/2019", "Total Revenue": "1,609", "Cost of Revenue": "856.165", "Gross Profit": "752.558", "Operating Expense": "545.278", "Operating Income": "207.28", "Net Non Operating Interest Income Expense": "-71.981", "Other Income Expense": "2,209", "Pretax Income": "2,344", "Tax Provision": "-", "Net Income Common Stockholders": "2,344", "Diluted NI Available to Com Stockholders": "2,344", "Basic EPS": "1.50", "Diluted EPS": "1.50", "Basic Average Shares": "1,559", "Diluted Average Shares": "5,000", "Total Operating Income as Reported": "207.28", "Total Expenses": "1,401", "Net Income from Continuing & Discontinued Operation": "2,344", "Normalized Income": "731.6434", "Interest Expense": "71.981", "Net Interest Income": "-71.981", "EBIT": "2,416", "EBITDA": "-", "Reconciled Cost of Revenue": "856.165", "Reconciled Depreciation": "0.58", "Net Income from Continuing Operation Net Minority Interest": "2,344", "Total Unusual Items Excluding Goodwill": "2,209", "Total Unusual Items": "2,209", "Normalized EBITDA": "207.86", "Tax Rate for Calcs": "0", "Tax Effect of Unusual Items": "596.3444"}, "9/30/2018": {"Duration": "9/30/2018", "Total Revenue": "665.017", "Cost of Revenue": "438.693", "Gross Profit": "226.324", "Operating Expense": "428.618", "Operating Income": "-202.294", "Net Non Operating Interest Income Expense": "-110.97", "Other Income Expense": "-3,656", "Pretax Income": "-3,969", "Tax Provision": "-", "Net Income Common Stockholders": "-3,969", "Diluted NI Available to Com Stockholders": "-3,969", "Basic EPS": "-2.93", "Diluted EPS": "-2.93", "Basic Average Shares": "1,354", "Diluted Average Shares": "1,354", "Total Operating Income as Reported": "-202.294", "Total Expenses": "867.311", "Net Income from Continuing & Discontinued Operation": "-3,969", "Normalized Income": "-313.264", "Interest Expense": "110.97", "Net Interest Income": "-110.97", "EBIT": "-3,858", "EBITDA": "-", "Reconciled Cost of Revenue": "438.693", "Reconciled Depreciation": "0.28", "Net Income from Continuing Operation Net Minority Interest": "-3,969", "Total Unusual Items Excluding Goodwill": "-3,656", "Total Unusual Items": "-3,656", "Normalized EBITDA": "-202.014", "Tax Rate for Calcs": "0", "Tax Effect of Unusual Items": "0"}}, "bs": {"9/30/2020": {"Duration": "9/30/2020", "Total Assets": "0.178", "Total Liabilities Net Minority Interest": "3,570", "Total Equity Gross Minority Interest": "-3,570", "Total Capitalization": "-3,455", "Preferred Stock Equity": "0.25", "Common Stock Equity": "-3,570", "Net Tangible Assets": "-3,570", "Working Capital": "-3,455", "Invested Capital": "-3,327", "Tangible Book Value": "-3,570", "Total Debt": "242.991", "Net Debt": "242.813", "Share Issued": "1,603", "Ordinary Shares Number": "1,603", "Preferred Shares Number": "-"}, "9/30/2019": {"Duration": "9/30/2019", "Total Assets": "215.192", "Total Liabilities Net Minority Interest": "2,451", "Total Equity Gross Minority Interest": "-2,236", "Total Capitalization": "-2,070", "Preferred Stock Equity": "0.05", "Common Stock Equity": "-2,236", "Net Tangible Assets": "-2,236", "Working Capital": "-2,073", "Invested Capital": "-2,015", "Tangible Book Value": "-2,236", "Total Debt": "221.297", "Net Debt": "213.333", "Share Issued": "1,602", "Ordinary Shares Number": "1,602", "Preferred Shares Number": "5"}, "9/30/2018": {"Duration": "9/30/2018", "Total Assets": "154.181", "Total Liabilities Net Minority Interest": "4,792", "Total Equity Gross Minority Interest": "-4,638", "Total Capitalization": "-4,472", "Preferred Stock Equity": "0.05", "Common Stock Equity": "-4,638", "Net Tangible Assets": "-4,638", "Working Capital": "-4,473", "Invested Capital": "-4,397", "Tangible Book Value": "-4,638", "Total Debt": "241.104", "Net Debt": "200.014", "Share Issued": "1,468", "Ordinary Shares Number": "1,468", "Preferred Shares Number": "5"}}, "cf": {"TTM": {"Duration": "TTM", "Operating Cash Flow": "-93.19", "Investing Cash Flow": "0.005", "Financing Cash Flow": "85.399", "End Cash Position": "0.178", "Income Tax Paid Supplemental Data": "0", "Interest Paid Supplemental Data": "6.955", "Capital Expenditure": "-", "Issuance of Debt": "24.287", "Repayment of Debt": "-7.2", "Free Cash Flow": "-93.19"}, "9/30/2020": {"Duration": "9/30/2020", "Operating Cash Flow": "-93.19", "Investing Cash Flow": "0.005", "Financing Cash Flow": "85.399", "End Cash Position": "0.178", "Income Tax Paid Supplemental Data": "0", "Interest Paid Supplemental Data": "6.955", "Capital Expenditure": "-", "Issuance of Debt": "24.287", "Repayment of Debt": "-7.2", "Free Cash Flow": "-93.19"}, "9/30/2019": {"Duration": "9/30/2019", "Operating Cash Flow": "-6.542", "Investing Cash Flow": "-2.284", "Financing Cash Flow": "-24.3", "End Cash Position": "7.964", "Income Tax Paid Supplemental Data": "0", "Interest Paid Supplemental Data": "10.099", "Capital Expenditure": "-2.284", "Issuance of Debt": "0", "Repayment of Debt": "-24.3", "Free Cash Flow": "-8.826"}, "9/30/2018": {"Duration": "9/30/2018", "Operating Cash Flow": "-123.966", "Investing Cash Flow": "0", "Financing Cash Flow": "142", "End Cash Position": "41.09", "Income Tax Paid Supplemental Data": "0", "Interest Paid Supplemental Data": "9.576", "Capital Expenditure": "-", "Issuance of Debt": "147", "Repayment of Debt": "-5", "Free Cash Flow": "-123.966"}}}}, {"IIVI": {"quote": {"05/08/2021": {"value": "63.64", "Market Cap": "6.683B", "Beta (5Y Monthly)": "1.50", "PE Ratio (TTM)": "27.14", "EPS (TTM)": "2.35", "Earnings Date": "May 06, 2021", "Forward Dividend & Yield": "N/A (N/A)", "Ex-Dividend Date": "N/A", "1y Target Est": "100.47"}}, "fin": {"TTM": {"Duration": "TTM", "Total Revenue": "2,887,984", "Cost of Revenue": "1,730,884", "Gross Profit": "1,157,100", "Operating Expense": "800,723", "Operating Income": "356,377", "Net Non Operating Interest Income Expense": "-86,850", "Other Income Expense": "-29,618", "Pretax Income": "239,909", "Tax Provision": "48,561", "Net Income Common Stockholders": "178,008", "Diluted NI Available to Com Stockholders": "184,140", "Basic EPS": "-", "Diluted EPS": "-", "Basic Average Shares": "-", "Diluted Average Shares": "-", "Total Expenses": "2,531,607", "Net Income from Continuing & Discontinued Operation": "191,348", "Normalized Income": "191,348", "Interest Expense": "86,850", "Net Interest Income": "-86,850", "EBIT": "326,759", "EBITDA": "570,427", "Reconciled Cost of Revenue": "1,730,884", "Reconciled Depreciation": "243,668", "Net Income from Continuing Operation Net Minority Interest": "191,348", "Normalized EBITDA": "570,427", "Tax Rate for Calcs": "0", "Tax Effect of Unusual Items": "0"}, "6/30/2020": {"Duration": "6/30/2020", "Total Revenue": "2,380,071", "Cost of Revenue": "1,560,521", "Gross Profit": "819,550", "Operating Expense": "780,071", "Operating Income": "39,479", "Net Non Operating Interest Income Expense": "-89,409", "Other Income Expense": "-13,998", "Pretax Income": "-63,928", "Tax Provision": "3,101", "Net Income Common Stockholders": "-67,029", "Diluted NI Available to Com Stockholders": "-67,029", "Basic EPS": "-0.79", "Diluted EPS": "-0.79", "Basic Average Shares": "84,828", "Diluted Average Shares": "84,828", "Total Expenses": "2,340,592", "Net Income from Continuing & Discontinued Operation": "-67,029", "Normalized Income": "-67,029", "Interest Expense": "89,409", "Net Interest Income": "-89,409", "EBIT": "25,481", "EBITDA": "-", "Reconciled Cost of Revenue": "1,560,521", "Reconciled Depreciation": "220,882", "Net Income from Continuing Operation Net Minority Interest": "-67,029", "Normalized EBITDA": "246,363", "Tax Rate for Calcs": "0", "Tax Effect of Unusual Items": "0"}, "6/30/2019": {"Duration": "6/30/2019", "Total Revenue": "1,362,496", "Cost of Revenue": "841,147", "Gross Profit": "521,349", "Operating Expense": "372,681", "Operating Income": "148,668", "Net Non Operating Interest Income Expense": "-22,417", "Other Income Expense": "2,562", "Pretax Income": "128,813", "Tax Provision": "21,296", "Net Income Common Stockholders": "107,517", "Diluted NI Available to Com Stockholders": "107,517", "Basic EPS": "1.69", "Diluted EPS": "1.63", "Basic Average Shares": "63,584", "Diluted Average Shares": "65,804", "Total Expenses": "1,213,828", "Net Income from Continuing & Discontinued Operation": "107,517", "Normalized Income": "107,517", "Interest Expense": "22,417", "Net Interest Income": "-22,417", "EBIT": "151,230", "EBITDA": "-", "Reconciled Cost of Revenue": "841,147", "Reconciled Depreciation": "92,365", "Net Income from Continuing Operation Net Minority Interest": "107,517", "Normalized EBITDA": "243,595", "Tax Rate for Calcs": "0", "Tax Effect of Unusual Items": "0"}, "6/30/2018": {"Duration": "6/30/2018", "Total Revenue": "1,158,794", "Cost of Revenue": "697,506", "Gross Profit": "461,288", "Operating Expense": "326,001", "Operating Income": "135,287", "Net Non Operating Interest Income Expense": "-18,352", "Other Income Expense": "5,259", "Pretax Income": "122,194", "Tax Provision": "34,192", "Net Income Common Stockholders": "88,002", "Diluted NI Available to Com Stockholders": "88,002", "Basic EPS": "1.41", "Diluted EPS": "1.35", "Basic Average Shares": "62,499", "Diluted Average Shares": "65,133", "Total Expenses": "1,023,507", "Net Income from Continuing & Discontinued Operation": "88,002", "Normalized Income": "88,002", "Interest Expense": "18,352", "Net Interest Income": "-18,352", "EBIT": "140,546", "EBITDA": "-", "Reconciled Cost of Revenue": "697,506", "Reconciled Depreciation": "80,770", "Net Income from Continuing Operation Net Minority Interest": "88,002", "Normalized EBITDA": "221,316", "Tax Rate for Calcs": "0", "Tax Effect of Unusual Items": "0"}}, "bs": {"6/30/2020": {"Duration": "6/30/2020", "Total Assets": "5,234,714", "Total Liabilities Net Minority Interest": "3,157,911", "Total Equity Gross Minority Interest": "2,076,803", "Total Capitalization": "4,262,895", "Common Stock Equity": "2,076,803", "Capital Lease Obligations": "119,335", "Net Tangible Assets": "79,426", "Working Capital": "1,116,076", "Invested Capital": "4,332,145", "Tangible Book Value": "79,426", "Total Debt": "2,374,677", "Net Debt": "1,762,296", "Share Issued": "105,916", "Ordinary Shares Number": "92,560", "Treasury Shares Number": "13,356"}, "6/30/2019": {"Duration": "6/30/2019", "Total Assets": "1,953,773", "Total Liabilities Net Minority Interest": "820,564", "Total Equity Gross Minority Interest": "1,133,209", "Total Capitalization": "1,576,372", "Common Stock Equity": "1,133,209", "Capital Lease Obligations": "-", "Net Tangible Assets": "674,107", "Working Capital": "542,348", "Invested Capital": "1,600,206", "Tangible Book Value": "674,107", "Total Debt": "466,997", "Net Debt": "262,125", "Share Issued": "76,315", "Ordinary Shares Number": "63,712", "Treasury Shares Number": "12,604"}, "6/30/2018": {"Duration": "6/30/2018", "Total Assets": "1,761,661", "Total Liabilities Net Minority Interest": "737,350", "Total Equity Gross Minority Interest": "1,024,311", "Total Capitalization": "1,443,324", "Common Stock Equity": "1,024,311", "Capital Lease Obligations": "-", "Net Tangible Assets": "628,564", "Working Capital": "525,370", "Invested Capital": "1,463,324", "Tangible Book Value": "628,564", "Total Debt": "439,013", "Net Debt": "191,975", "Share Issued": "75,693", "Ordinary Shares Number": "63,297", "Treasury Shares Number": "12,396"}}, "cf": {"TTM": {"Duration": "TTM", "Operating Cash Flow": "596,731", "Investing Cash Flow": "-175,051", "Financing Cash Flow": "14,387", "End Cash Position": "812,907", "Interest Paid Supplemental Data": "51,343", "Capital Expenditure": "-139,668", "Issuance of Debt": "-22", "Repayment of Debt": "-874,250", "Repurchase of Capital Stock": "1", "Free Cash Flow": "457,063"}, "6/30/2020": {"Duration": "6/30/2020", "Operating Cash Flow": "297,292", "Investing Cash Flow": "-1,179,290", "Financing Cash Flow": "1,173,625", "End Cash Position": "493,046", "Interest Paid Supplemental Data": "62,190", "Capital Expenditure": "-140,627", "Issuance of Debt": "1,954,382", "Repayment of Debt": "-698,050", "Repurchase of Capital Stock": "-1,625", "Free Cash Flow": "156,665"}, "6/30/2019": {"Duration": "6/30/2019", "Operating Cash Flow": "178,475", "Investing Cash Flow": "-223,976", "Financing Cash Flow": "4,877", "End Cash Position": "204,872", "Interest Paid Supplemental Data": "-", "Capital Expenditure": "-137,122", "Issuance of Debt": "150,000", "Repayment of Debt": "-135,000", "Repurchase of Capital Stock": "-1,616", "Free Cash Flow": "41,353"}, "6/30/2018": {"Duration": "6/30/2018", "Operating Cash Flow": "161,014", "Investing Cash Flow": "-284,950", "Financing Cash Flow": "96,969", "End Cash Position": "247,038", "Interest Paid Supplemental Data": "-", "Capital Expenditure": "-153,438", "Issuance of Debt": "445,000", "Repayment of Debt": "-292,000", "Repurchase of Capital Stock": "-49,875", "Free Cash Flow": "7,576"}}}}, {"TRMB": {"quote": {"05/08/2021": {"value": "79.33", "Market Cap": "19.939B", "Beta (5Y Monthly)": "1.52", "PE Ratio (TTM)": "45.33", "EPS (TTM)": "1.75", "Earnings Date": "Aug 03, 2021 - Aug 09, 2021", "Forward Dividend & Yield": "N/A (N/A)", "Ex-Dividend Date": "N/A", "1y Target Est": "87.33"}}, "fin": {"TTM": {"Duration": "TTM", "Total Revenue": "3,241,900", "Cost of Revenue": "1,434,700", "Gross Profit": "1,807,200", "Operating Expense": "1,320,400", "Operating Income": "486,800", "Net Non Operating Interest Income Expense": "-74,000", "Other Income Expense": "40,200", "Pretax Income": "453,000", "Tax Provision": "9,700", "Net Income Common Stockholders": "442,500", "Diluted NI Available to Com Stockholders": "442,500", "Basic EPS": "-", "Diluted EPS": "-", "Basic Average Shares": "-", "Diluted Average Shares": "-", "Total Operating Income as Reported": "462,400", "Total Expenses": "2,755,100", "Net Income from Continuing & Discontinued Operation": "442,500", "Normalized Income": "466,378", "Interest Expense": "74,000", "Net Interest Income": "-74,000", "EBIT": "527,000", "EBITDA": "720,400", "Reconciled Cost of Revenue": "1,303,600", "Reconciled Depreciation": "193,400", "Net Income from Continuing Operation Net Minority Interest": "442,500", "Total Unusual Items Excluding Goodwill": "-24,400", "Total Unusual Items": "-24,400", "Normalized EBITDA": "744,800", "Tax Rate for Calcs": "0", "Tax Effect of Unusual Items": "-522.4724"}, "12/31/2020": {"Duration": "12/31/2020", "Total Revenue": "3,147,700", "Cost of Revenue": "1,392,800", "Gross Profit": "1,754,900", "Operating Expense": "1,309,300", "Operating Income": "445,600", "Net Non Operating Interest Income Expense": "-77,600", "Other Income Expense": "27,000", "Pretax Income": "395,000", "Tax Provision": "4,400", "Net Income Common Stockholders": "389,900", "Diluted NI Available to Com Stockholders": "389,900", "Basic EPS": "-", "Diluted EPS": "-", "Basic Average Shares": "-", "Diluted Average Shares": "-", "Total Operating Income as Reported": "419,800", "Total Expenses": "2,702,100", "Net Income from Continuing & Discontinued Operation": "389,900", "Normalized Income": "415,416", "Interest Expense": "77,600", "Net Interest Income": "-77,600", "EBIT": "472,600", "EBITDA": "-", "Reconciled Cost of Revenue": "1,260,800", "Reconciled Depreciation": "197,500", "Net Income from Continuing Operation Net Minority Interest": "389,900", "Total Unusual Items Excluding Goodwill": "-25,800", "Total Unusual Items": "-25,800", "Normalized EBITDA": "695,900", "Tax Rate for Calcs": "0", "Tax Effect of Unusual Items": "-283.8"}, "12/31/2019": {"Duration": "12/31/2019", "Total Revenue": "3,264,300", "Cost of Revenue": "1,483,400", "Gross Profit": "1,780,900", "Operating Expense": "1,378,200", "Operating Income": "402,700", "Net Non Operating Interest Income Expense": "-82,400", "Other Income Expense": "24,500", "Pretax Income": "344,800", "Tax Provision": "-169,700", "Net Income Common Stockholders": "514,300", "Diluted NI Available to Com Stockholders": "514,300", "Basic EPS": "2.05", "Diluted EPS": "2.03", "Basic Average Shares": "250,800", "Diluted Average Shares": "252,900", "Total Operating Income as Reported": "375,900", "Total Expenses": "2,861,600", "Net Income from Continuing & Discontinued Operation": "514,300", "Normalized Income": "533,864", "Interest Expense": "82,400", "Net Interest Income": "-82,400", "EBIT": "427,200", "EBITDA": "-", "Reconciled Cost of Revenue": "1,349,900", "Reconciled Depreciation": "207,200", "Net Income from Continuing Operation Net Minority Interest": "514,300", "Total Unusual Items Excluding Goodwill": "-26,800", "Total Unusual Items": "-26,800", "Normalized EBITDA": "661,200", "Tax Rate for Calcs": "0", "Tax Effect of Unusual Items": "-7,236"}, "12/31/2018": {"Duration": "12/31/2018", "Total Revenue": "3,108,400", "Cost of Revenue": "1,427,400", "Gross Profit": "1,681,000", "Operating Expense": "1,352,100", "Operating Income": "328,900", "Net Non Operating Interest Income Expense": "-73,200", "Other Income Expense": "22,300", "Pretax Income": "278,000", "Tax Provision": "-5,300", "Net Income Common Stockholders": "282,800", "Diluted NI Available to Com Stockholders": "282,800", "Basic EPS": "1.13", "Diluted EPS": "1.12", "Basic Average Shares": "250,000", "Diluted Average Shares": "253,400", "Total Operating Income as Reported": "320,700", "Total Expenses": "2,779,500", "Net Income from Continuing & Discontinued Operation": "282,800", "Normalized Income": "288,421", "Interest Expense": "73,200", "Net Interest Income": "-73,200", "EBIT": "351,200", "EBITDA": "-", "Reconciled Cost of Revenue": "1,288,600", "Reconciled Depreciation": "215,200", "Net Income from Continuing Operation Net Minority Interest": "282,800", "Total Unusual Items Excluding Goodwill": "-7,700", "Total Unusual Items": "-7,700", "Normalized EBITDA": "574,100", "Tax Rate for Calcs": "0", "Tax Effect of Unusual Items": "-2,079"}}, "bs": {"12/31/2020": {"Duration": "12/31/2020", "Total Assets": "6,876,900", "Total Liabilities Net Minority Interest": "3,278,300", "Total Equity Gross Minority Interest": "3,598,600", "Total Capitalization": "4,888,300", "Common Stock Equity": "3,596,900", "Capital Lease Obligations": "109,200", "Net Tangible Assets": "-859,700", "Working Capital": "-29,900", "Invested Capital": "5,144,100", "Tangible Book Value": "-859,700", "Total Debt": "1,656,400", "Net Debt": "1,309,500", "Share Issued": "250,800", "Ordinary Shares Number": "250,800"}, "12/31/2019": {"Duration": "12/31/2019", "Total Assets": "6,640,700", "Total Liabilities Net Minority Interest": "3,520,300", "Total Equity Gross Minority Interest": "3,120,400", "Total Capitalization": "4,743,200", "Common Stock Equity": "3,119,000", "Capital Lease Obligations": "114,100", "Net Tangible Assets": "-1,240,300", "Working Capital": "21,500", "Invested Capital": "4,962,200", "Tangible Book Value": "-1,240,300", "Total Debt": "1,957,300", "Net Debt": "1,654,000", "Share Issued": "249,900", "Ordinary Shares Number": "249,900"}, "12/31/2018": {"Duration": "12/31/2018", "Total Assets": "5,776,400", "Total Liabilities Net Minority Interest": "3,101,600", "Total Equity Gross Minority Interest": "2,674,800", "Total Capitalization": "4,386,700", "Common Stock Equity": "2,674,400", "Capital Lease Obligations": "-", "Net Tangible Assets": "-1,609,900", "Working Capital": "33,900", "Invested Capital": "4,642,900", "Tangible Book Value": "-1,609,900", "Total Debt": "1,968,500", "Net Debt": "1,796,000", "Share Issued": "250,900", "Ordinary Shares Number": "250,900"}}, "cf": {"TTM": {"Duration": "TTM", "Operating Cash Flow": "744,500", "Investing Cash Flow": "-26,600", "Financing Cash Flow": "-686,800", "End Cash Position": "247,900", "Income Tax Paid Supplemental Data": "-", "Interest Paid Supplemental Data": "-", "Capital Expenditure": "-50,700", "Issuance of Capital Stock": "5,300", "Issuance of Debt": "697,100", "Repayment of Debt": "-1,301,500", "Repurchase of Capital Stock": "-71,600", "Free Cash Flow": "693,800"}, "12/31/2020": {"Duration": "12/31/2020", "Operating Cash Flow": "672,000", "Investing Cash Flow": "-231,800", "Financing Cash Flow": "-400,300", "End Cash Position": "237,700", "Income Tax Paid Supplemental Data": "59,000", "Interest Paid Supplemental Data": "71,800", "Capital Expenditure": "-56,800", "Issuance of Capital Stock": "10,000", "Issuance of Debt": "1,173,800", "Repayment of Debt": "-1,486,000", "Repurchase of Capital Stock": "-81,600", "Free Cash Flow": "615,200"}, "12/31/2019": {"Duration": "12/31/2019", "Operating Cash Flow": "585,000", "Investing Cash Flow": "-275,300", "Financing Cash Flow": "-292,600", "End Cash Position": "189,200", "Income Tax Paid Supplemental Data": "-", "Interest Paid Supplemental Data": "-", "Capital Expenditure": "-69,000", "Issuance of Capital Stock": "29,100", "Issuance of Debt": "1,195,400", "Repayment of Debt": "-1,322,900", "Repurchase of Capital Stock": "-179,800", "Free Cash Flow": "516,000"}, "12/31/2018": {"Duration": "12/31/2018", "Operating Cash Flow": "486,700", "Investing Cash Flow": "-1,649,600", "Financing Cash Flow": "989,400", "End Cash Position": "172,500", "Income Tax Paid Supplemental Data": "-", "Interest Paid Supplemental Data": "-", "Capital Expenditure": "-67,600", "Issuance of Capital Stock": "40,200", "Issuance of Debt": "2,976,400", "Repayment of Debt": "-1,925,100", "Repurchase of Capital Stock": "-93,000", "Free Cash Flow": "419,100"}}}}, {"LUNA": {"quote": {"05/08/2021": {"value": "11.52", "Market Cap": "358.561M", "Beta (5Y Monthly)": "1.03", "PE Ratio (TTM)": "108.68", "EPS (TTM)": "0.11", "Earnings Date": "May 17, 2021", "Forward Dividend & Yield": "N/A (N/A)", "Ex-Dividend Date": "N/A", "1y Target Est": "13.00"}}, "fin": {"TTM": {"Duration": "TTM", "Total Revenue": "82,681", "Cost of Revenue": "40,493", "Gross Profit": "42,188", "Operating Expense": "34,357", "Operating Income": "7,831", "Net Non Operating Interest Income Expense": "-25", "Other Income Expense": "-2,731", "Pretax Income": "5,075", "Tax Provision": "348", "Net Income Common Stockholders": "3,291", "Diluted NI Available to Com Stockholders": "3,291", "Basic EPS": "-", "Diluted EPS": "-", "Basic Average Shares": "-", "Diluted Average Shares": "-", "Total Operating Income as Reported": "4,983", "Total Expenses": "74,850", "Net Income from Continuing & Discontinued Operation": "3,291", "Normalized Income": "7,318", "Interest Income": "24", "Interest Expense": "47", "Net Interest Income": "-25", "EBIT": "5,122", "EBITDA": "8,092", "Reconciled Cost of Revenue": "40,493", "Reconciled Depreciation": "2,970", "Net Income from Continuing Operation Net Minority Interest": "4,727", "Total Unusual Items Excluding Goodwill": "-2,781", "Total Unusual Items": "-2,781", "Normalized EBITDA": "10,873", "Tax Rate for Calcs": "0", "Tax Effect of Unusual Items": "-190.4985"}, "12/31/2020": {"Duration": "12/31/2020", "Total Revenue": "82,681", "Cost of Revenue": "40,493", "Gross Profit": "42,188", "Operating Expense": "34,357", "Operating Income": "7,831", "Net Non Operating Interest Income Expense": "-25", "Other Income Expense": "-2,731", "Pretax Income": "5,075", "Tax Provision": "348", "Net Income Common Stockholders": "3,291", "Diluted NI Available to Com Stockholders": "3,291", "Basic EPS": "-", "Diluted EPS": "-", "Basic Average Shares": "-", "Diluted Average Shares": "-", "Total Operating Income as Reported": "4,983", "Total Expenses": "74,850", "Net Income from Continuing & Discontinued Operation": "3,291", "Normalized Income": "7,318", "Interest Income": "24", "Interest Expense": "47", "Net Interest Income": "-25", "EBIT": "5,122", "EBITDA": "-", "Reconciled Cost of Revenue": "40,493", "Reconciled Depreciation": "2,970", "Net Income from Continuing Operation Net Minority Interest": "4,727", "Total Unusual Items Excluding Goodwill": "-2,781", "Total Unusual Items": "-2,781", "Normalized EBITDA": "10,873", "Tax Rate for Calcs": "0", "Tax Effect of Unusual Items": "-190.4985"}, "12/31/2019": {"Duration": "12/31/2019", "Total Revenue": "70,516", "Cost of Revenue": "35,333", "Gross Profit": "35,182", "Operating Expense": "31,867", "Operating Income": "3,315", "Net Non Operating Interest Income Expense": "-15.878", "Other Income Expense": "389.052", "Pretax Income": "3,688", "Tax Provision": "-1,654", "Net Income Common Stockholders": "5,057", "Diluted NI Available to Com Stockholders": "5,057", "Basic EPS": "0.18", "Diluted EPS": "0.16", "Basic Average Shares": "28,689", "Diluted Average Shares": "31,841", "Total Operating Income as Reported": "3,315", "Total Expenses": "67,201", "Net Income from Continuing & Discontinued Operation": "5,343", "Normalized Income": "5,055", "Interest Income": "-", "Interest Expense": "10.193", "Net Interest Income": "-15.878", "EBIT": "3,698", "EBITDA": "-", "Reconciled Cost of Revenue": "35,333", "Reconciled Depreciation": "2,503", "Net Income from Continuing Operation Net Minority Interest": "5,343", "Total Unusual Items Excluding Goodwill": "393.556", "Total Unusual Items": "393.556", "Normalized EBITDA": "5,808", "Tax Rate for Calcs": "0", "Tax Effect of Unusual Items": "106.2601"}, "12/31/2018": {"Duration": "12/31/2018", "Total Revenue": "42,917", "Cost of Revenue": "23,479", "Gross Profit": "19,438", "Operating Expense": "18,560", "Operating Income": "877.535", "Net Non Operating Interest Income Expense": "-124.344", "Other Income Expense": "532.437", "Pretax Income": "1,286", "Tax Provision": "47.818", "Net Income Common Stockholders": "10,747", "Diluted NI Available to Com Stockholders": "10,747", "Basic EPS": "0.39", "Diluted EPS": "0.33", "Basic Average Shares": "27,596", "Diluted Average Shares": "32,452", "Total Operating Income as Reported": "877.535", "Total Expenses": "42,040", "Net Income from Continuing & Discontinued Operation": "11,004", "Normalized Income": "708.6744", "Interest Income": "0.026", "Interest Expense": "108.062", "Net Interest Income": "-124.344", "EBIT": "1,394", "EBITDA": "-", "Reconciled Cost of Revenue": "23,479", "Reconciled Depreciation": "1,219", "Net Income from Continuing Operation Net Minority Interest": "1,238", "Total Unusual Items Excluding Goodwill": "549.58", "Total Unusual Items": "549.58", "Normalized EBITDA": "2,063", "Tax Rate for Calcs": "0", "Tax Effect of Unusual Items": "20.4444"}}, "bs": {"12/31/2020": {"Duration": "12/31/2020", "Total Assets": "131,002", "Total Liabilities Net Minority Interest": "56,560", "Total Equity Gross Minority Interest": "74,442", "Total Capitalization": "90,259", "Preferred Stock Equity": "-", "Common Stock Equity": "74,442", "Capital Lease Obligations": "12,715", "Net Tangible Assets": "36,212", "Working Capital": "45,384", "Invested Capital": "94,426", "Tangible Book Value": "36,212", "Total Debt": "32,699", "Net Debt": "4,618", "Share Issued": "32,725", "Ordinary Shares Number": "31,025", "Preferred Shares Number": "-", "Treasury Shares Number": "1,700"}, "12/31/2019": {"Duration": "12/31/2019", "Total Assets": "86,524", "Total Liabilities Net Minority Interest": "19,056", "Total Equity Gross Minority Interest": "67,469", "Total Capitalization": "67,469", "Preferred Stock Equity": "-", "Common Stock Equity": "67,469", "Capital Lease Obligations": "1,334", "Net Tangible Assets": "46,732", "Working Capital": "41,072", "Invested Capital": "67,469", "Tangible Book Value": "46,732", "Total Debt": "1,334", "Net Debt": "-", "Share Issued": "31,789", "Ordinary Shares Number": "30,149", "Preferred Shares Number": "-", "Treasury Shares Number": "1,640"}, "12/31/2018": {"Duration": "12/31/2018", "Total Assets": "75,599", "Total Liabilities Net Minority Interest": "13,244", "Total Equity Gross Minority Interest": "62,354", "Total Capitalization": "62,354", "Preferred Stock Equity": "1.322", "Common Stock Equity": "62,353", "Capital Lease Obligations": "109.564", "Net Tangible Assets": "58,951", "Working Capital": "56,089", "Invested Capital": "62,972", "Tangible Book Value": "58,950", "Total Debt": "728.879", "Net Debt": "-", "Share Issued": "29,210", "Ordinary Shares Number": "27,956", "Preferred Shares Number": "1,322", "Treasury Shares Number": "1,253"}}, "cf": {"TTM": {"Duration": "TTM", "Operating Cash Flow": "2,856", "Investing Cash Flow": "-34,159", "Financing Cash Flow": "21,649", "End Cash Position": "15,366", "Income Tax Paid Supplemental Data": "1,244", "Interest Paid Supplemental Data": "4", "Capital Expenditure": "-1,060", "Issuance of Debt": "19,984", "Repayment of Debt": "-53", "Repurchase of Capital Stock": "-452", "Free Cash Flow": "1,796"}, "12/31/2020": {"Duration": "12/31/2020", "Operating Cash Flow": "2,856", "Investing Cash Flow": "-34,159", "Financing Cash Flow": "21,649", "End Cash Position": "15,366", "Income Tax Paid Supplemental Data": "1,244", "Interest Paid Supplemental Data": "4", "Capital Expenditure": "-1,060", "Issuance of Debt": "19,984", "Repayment of Debt": "-53", "Repurchase of Capital Stock": "-452", "Free Cash Flow": "1,796"}, "12/31/2019": {"Duration": "12/31/2019", "Operating Cash Flow": "4,798", "Investing Cash Flow": "-19,815", "Financing Cash Flow": "-2,438", "End Cash Position": "25,006", "Income Tax Paid Supplemental Data": "1,160", "Interest Paid Supplemental Data": "18.359", "Capital Expenditure": "-810.741", "Issuance of Debt": "-", "Repayment of Debt": "-665.047", "Repurchase of Capital Stock": "-2,220", "Free Cash Flow": "3,987"}, "12/31/2018": {"Duration": "12/31/2018", "Operating Cash Flow": "-3,309", "Investing Cash Flow": "10,037", "Financing Cash Flow": "-1,250", "End Cash Position": "42,460", "Income Tax Paid Supplemental Data": "1,846", "Interest Paid Supplemental Data": "117.616", "Capital Expenditure": "-761.656", "Issuance of Debt": "-", "Repayment of Debt": "-1,880", "Repurchase of Capital Stock": "-466.894", "Free Cash Flow": "-4,070"}}}}, {"MKSI": {"quote": {"05/08/2021": {"value": "183.34", "Market Cap": "10.149B", "Beta (5Y Monthly)": "1.56", "PE Ratio (TTM)": "25.18", "EPS (TTM)": "7.28", "Earnings Date": "Jul 27, 2021 - Aug 02, 2021", "Forward Dividend & Yield": "0.80 (0.44%)", "Ex-Dividend Date": "Feb 19, 2021", "1y Target Est": "230.90"}}, "fin": {"TTM": {"Duration": "TTM", "Total Revenue": "2,488,200", "Cost of Revenue": "1,356,200", "Gross Profit": "1,132,000", "Operating Expense": "591,000", "Operating Income": "541,000", "Net Non Operating Interest Income Expense": "-25,700", "Other Income Expense": "-26,200", "Pretax Income": "489,900", "Tax Provision": "86,600", "Net Income Common Stockholders": "403,300", "Diluted NI Available to Com Stockholders": "403,300", "Basic EPS": "-", "Diluted EPS": "-", "Basic Average Shares": "-", "Diluted Average Shares": "-", "Total Operating Income as Reported": "519,400", "Total Expenses": "1,947,200", "Net Income from Continuing & Discontinued Operation": "403,300", "Normalized Income": "421,082", "Interest Income": "900", "Interest Expense": "26,600", "Net Interest Income": "-25,700", "EBIT": "516,500", "EBITDA": "611,100", "Reconciled Cost of Revenue": "1,312,900", "Reconciled Depreciation": "94,600", "Net Income from Continuing Operation Net Minority Interest": "403,300", "Total Unusual Items Excluding Goodwill": "-21,600", "Total Unusual Items": "-21,600", "Normalized EBITDA": "632,700", "Tax Rate for Calcs": "0", "Tax Effect of Unusual Items": "-3,818"}, "12/31/2020": {"Duration": "12/31/2020", "Total Revenue": "2,330,000", "Cost of Revenue": "1,280,500", "Gross Profit": "1,049,500", "Operating Expense": "581,400", "Operating Income": "468,100", "Net Non Operating Interest Income Expense": "-27,700", "Other Income Expense": "-17,400", "Pretax Income": "423,000", "Tax Provision": "72,900", "Net Income Common Stockholders": "350,100", "Diluted NI Available to Com Stockholders": "350,100", "Basic EPS": "6.36", "Diluted EPS": "6.33", "Basic Average Shares": "55,100", "Diluted Average Shares": "55,300", "Total Operating Income as Reported": "453,800", "Total Expenses": "1,861,900", "Net Income from Continuing & Discontinued Operation": "350,100", "Normalized Income": "361,940", "Interest Income": "1,400", "Interest Expense": "29,100", "Net Interest Income": "-27,700", "EBIT": "452,100", "EBITDA": "-", "Reconciled Cost of Revenue": "1,236,500", "Reconciled Depreciation": "99,200", "Net Income from Continuing Operation Net Minority Interest": "350,100", "Total Unusual Items Excluding Goodwill": "-14,300", "Total Unusual Items": "-14,300", "Normalized EBITDA": "565,600", "Tax Rate for Calcs": "0", "Tax Effect of Unusual Items": "-2,460"}, "12/31/2019": {"Duration": "12/31/2019", "Total Revenue": "1,899,773", "Cost of Revenue": "1,069,342", "Gross Profit": "830,431", "Operating Expense": "561,809", "Operating Income": "268,622", "Net Non Operating Interest Income Expense": "-45,319", "Other Income Expense": "-45,467", "Pretax Income": "177,836", "Tax Provision": "37,450", "Net Income Common Stockholders": "140,386", "Diluted NI Available to Com Stockholders": "140,386", "Basic EPS": "2.57", "Diluted EPS": "2.55", "Basic Average Shares": "54,700", "Diluted Average Shares": "55,100", "Total Operating Income as Reported": "219,851", "Total Expenses": "1,631,151", "Net Income from Continuing & Discontinued Operation": "140,386", "Normalized Income": "173,630", "Interest Income": "5,453", "Interest Expense": "44,135", "Net Interest Income": "-45,319", "EBIT": "221,971", "EBITDA": "-", "Reconciled Cost of Revenue": "1,026,710", "Reconciled Depreciation": "110,034", "Net Income from Continuing Operation Net Minority Interest": "140,386", "Total Unusual Items Excluding Goodwill": "-42,134", "Total Unusual Items": "-42,134", "Normalized EBITDA": "374,139", "Tax Rate for Calcs": "0", "Tax Effect of Unusual Items": "-8,890"}, "12/31/2018": {"Duration": "12/31/2018", "Total Revenue": "2,075,108", "Cost of Revenue": "1,095,632", "Gross Profit": "979,476", "Operating Expense": "478,359", "Operating Income": "501,117", "Net Non Operating Interest Income Expense": "-11,545", "Other Income Expense": "-8,622", "Pretax Income": "480,950", "Tax Provision": "88,054", "Net Income Common Stockholders": "392,896", "Diluted NI Available to Com Stockholders": "392,896", "Basic EPS": "7.22", "Diluted EPS": "7.14", "Basic Average Shares": "54,406", "Diluted Average Shares": "54,992", "Total Operating Income as Reported": "494,059", "Total Expenses": "1,573,991", "Net Income from Continuing & Discontinued Operation": "392,896", "Normalized Income": "398,354", "Interest Income": "5,775", "Interest Expense": "16,942", "Net Interest Income": "-11,545", "EBIT": "497,892", "EBITDA": "-", "Reconciled Cost of Revenue": "1,059,300", "Reconciled Depreciation": "79,853", "Net Income from Continuing Operation Net Minority Interest": "392,896", "Total Unusual Items Excluding Goodwill": "-6,680", "Total Unusual Items": "-6,680", "Normalized EBITDA": "584,425", "Tax Rate for Calcs": "0", "Tax Effect of Unusual Items": "-1,222"}}, "bs": {"12/31/2020": {"Duration": "12/31/2020", "Total Assets": "3,903,800", "Total Liabilities Net Minority Interest": "1,542,900", "Total Equity Gross Minority Interest": "2,360,900", "Total Capitalization": "3,175,900", "Common Stock Equity": "2,360,900", "Capital Lease Obligations": "203,200", "Net Tangible Assets": "782,300", "Working Capital": "1,430,500", "Invested Capital": "3,190,400", "Tangible Book Value": "782,300", "Total Debt": "1,032,700", "Net Debt": "221,200", "Share Issued": "55,197", "Ordinary Shares Number": "55,197"}, "12/31/2019": {"Duration": "12/31/2019", "Total Assets": "3,416,320", "Total Liabilities Net Minority Interest": "1,392,976", "Total Equity Gross Minority Interest": "2,023,344", "Total Capitalization": "2,895,011", "Common Stock Equity": "2,023,344", "Capital Lease Obligations": "65,391", "Net Tangible Assets": "400,260", "Working Capital": "1,115,866", "Invested Capital": "2,907,110", "Tangible Book Value": "400,260", "Total Debt": "949,157", "Net Debt": "469,194", "Share Issued": "54,596", "Ordinary Shares Number": "54,596"}, "12/31/2018": {"Duration": "12/31/2018", "Total Assets": "2,614,246", "Total Liabilities Net Minority Interest": "741,059", "Total Equity Gross Minority Interest": "1,873,187", "Total Capitalization": "2,217,029", "Common Stock Equity": "1,873,187", "Capital Lease Obligations": "-", "Net Tangible Assets": "966,384", "Working Capital": "1,200,819", "Invested Capital": "2,221,015", "Tangible Book Value": "966,384", "Total Debt": "347,828", "Net Debt": "-", "Share Issued": "54,040", "Ordinary Shares Number": "54,040"}}, "cf": {"TTM": {"Duration": "TTM", "Operating Cash Flow": "565,200", "Investing Cash Flow": "-249,600", "Financing Cash Flow": "-63,500", "End Cash Position": "694,100", "Income Tax Paid Supplemental Data": "-", "Interest Paid Supplemental Data": "-", "Capital Expenditure": "-101,400", "Issuance of Debt": "15,400", "Repayment of Debt": "-29,200", "Repurchase of Capital Stock": "-", "Free Cash Flow": "463,800"}, "12/31/2020": {"Duration": "12/31/2020", "Operating Cash Flow": "513,200", "Investing Cash Flow": "-202,400", "Financing Cash Flow": "-121,500", "End Cash Position": "608,300", "Income Tax Paid Supplemental Data": "65,600", "Interest Paid Supplemental Data": "26,300", "Capital Expenditure": "-84,900", "Issuance of Debt": "27,000", "Repayment of Debt": "-83,800", "Repurchase of Capital Stock": "0", "Free Cash Flow": "428,300"}, "12/31/2019": {"Duration": "12/31/2019", "Operating Cash Flow": "244,509", "Investing Cash Flow": "-947,253", "Financing Cash Flow": "476,178", "End Cash Position": "414,572", "Income Tax Paid Supplemental Data": "35,512", "Interest Paid Supplemental Data": "39,899", "Capital Expenditure": "-63,904", "Issuance of Debt": "642,207", "Repayment of Debt": "-111,491", "Repurchase of Capital Stock": "0", "Free Cash Flow": "180,605"}, "12/31/2018": {"Duration": "12/31/2018", "Operating Cash Flow": "413,781", "Investing Cash Flow": "72,752", "Financing Cash Flow": "-178,006", "End Cash Position": "644,345", "Income Tax Paid Supplemental Data": "91,765", "Interest Paid Supplemental Data": "14,593", "Capital Expenditure": "-62,941", "Issuance of Debt": "67,669", "Repayment of Debt": "-117,166", "Repurchase of Capital Stock": "-75,000", "Free Cash Flow": "350,840"}}}}, {"ORFR": {"quote": {"05/08/2021": {"value": "", "Net Assets": "N/A", "Beta (5Y Monthly)": "N/A", "Yield": "N/A", "5y Average Return": "N/A", "Holdings Turnover": "N/A", "Last Dividend": "N/A", "Average for Category": "N/A", "Inception Date": "N/A"}}, "fin": {}, "bs": {}, "cf": {}}}, {"SMIT": {"quote": {"05/08/2021": {"value": "6.10", "Market Cap": "23.03M", "Beta (5Y Monthly)": "0.91", "PE Ratio (TTM)": "N/A", "EPS (TTM)": "-1.41", "Earnings Date": "Apr 22, 2021", "Forward Dividend & Yield": "N/A (N/A)", "Ex-Dividend Date": "May 23, 1994", "1y Target Est": "N/A"}}, "fin": {"TTM": {"Duration": "TTM", "Total Revenue": "6,173", "Cost of Revenue": "3,292", "Gross Profit": "2,881", "Operating Expense": "9,861", "Operating Income": "-6,981", "Net Non Operating Interest Income Expense": "-", "Other Income Expense": "1,169", "Pretax Income": "-5,747", "Tax Provision": "-407.27", "Net Income Common Stockholders": "-5,312", "Diluted NI Available to Com Stockholders": "-5,312", "Basic EPS": "-", "Diluted EPS": "-", "Basic Average Shares": "-", "Diluted Average Shares": "-", "Total Operating Income as Reported": "-7,106", "Total Expenses": "13,153", "Net Income from Continuing & Discontinued Operation": "-5,312", "Normalized Income": "-6,330", "Interest Income": "-", "Interest Expense": "-", "Net Interest Income": "-", "EBIT": "-6,655", "EBITDA": "-6,308", "Reconciled Cost of Revenue": "3,292", "Reconciled Depreciation": "347.789", "Net Income from Continuing Operation Net Minority Interest": "-5,339", "Total Unusual Items Excluding Goodwill": "1,066", "Total Unusual Items": "1,066", "Normalized EBITDA": "-7,373", "Tax Rate for Calcs": "0", "Tax Effect of Unusual Items": "75.5312"}, "5/31/2020": {"Duration": "5/31/2020", "Total Revenue": "4,190", "Cost of Revenue": "2,239", "Gross Profit": "1,951", "Operating Expense": "4,130", "Operating Income": "-2,180", "Net Non Operating Interest Income Expense": "64.694", "Other Income Expense": "258.286", "Pretax Income": "-1,857", "Tax Provision": "-14.638", "Net Income Common Stockholders": "3,881", "Diluted NI Available to Com Stockholders": "3,881", "Basic EPS": "0.98", "Diluted EPS": "0.98", "Basic Average Shares": "3,940", "Diluted Average Shares": "3,940", "Total Operating Income as Reported": "-2,180", "Total Expenses": "6,370", "Net Income from Continuing & Discontinued Operation": "3,881", "Normalized Income": "-1,846", "Interest Income": "67.129", "Interest Expense": "2.435", "Net Interest Income": "64.694", "EBIT": "-1,855", "EBITDA": "-", "Reconciled Cost of Revenue": "2,239", "Reconciled Depreciation": "161.137", "Net Income from Continuing Operation Net Minority Interest": "-1,842", "Total Unusual Items Excluding Goodwill": "3.7", "Total Unusual Items": "3.7", "Normalized EBITDA": "-1,697", "Tax Rate for Calcs": "0", "Tax Effect of Unusual Items": "0.0444"}, "5/31/2019": {"Duration": "5/31/2019", "Total Revenue": "13,810", "Cost of Revenue": "8,837", "Gross Profit": "4,973", "Operating Expense": "6,081", "Operating Income": "-1,107", "Net Non Operating Interest Income Expense": "-", "Other Income Expense": "-77.051", "Pretax Income": "-1,185", "Tax Provision": "26.439", "Net Income Common Stockholders": "-1,211", "Diluted NI Available to Com Stockholders": "-1,211", "Basic EPS": "-0.28", "Diluted EPS": "-0.28", "Basic Average Shares": "4,006", "Diluted Average Shares": "4,050", "Total Operating Income as Reported": "-1,107", "Total Expenses": "14,918", "Net Income from Continuing & Discontinued Operation": "-1,211", "Normalized Income": "-1,211", "Interest Income": "-", "Interest Expense": "-", "Net Interest Income": "-", "EBIT": "-1,107", "EBITDA": "-", "Reconciled Cost of Revenue": "8,837", "Reconciled Depreciation": "188.348", "Net Income from Continuing Operation Net Minority Interest": "-1,211", "Total Unusual Items Excluding Goodwill": "-", "Total Unusual Items": "-", "Normalized EBITDA": "-919.152", "Tax Rate for Calcs": "0", "Tax Effect of Unusual Items": "0"}, "5/31/2018": {"Duration": "5/31/2018", "Total Revenue": "13,888", "Cost of Revenue": "7,823", "Gross Profit": "6,065", "Operating Expense": "5,910", "Operating Income": "155.372", "Net Non Operating Interest Income Expense": "-", "Other Income Expense": "81.182", "Pretax Income": "236.554", "Tax Provision": "25.915", "Net Income Common Stockholders": "210.639", "Diluted NI Available to Com Stockholders": "210.639", "Basic EPS": "0.06", "Diluted EPS": "0.06", "Basic Average Shares": "3,423", "Diluted Average Shares": "3,460", "Total Operating Income as Reported": "155.372", "Total Expenses": "13,733", "Net Income from Continuing & Discontinued Operation": "210.639", "Normalized Income": "210.639", "Interest Income": "-", "Interest Expense": "-", "Net Interest Income": "-", "EBIT": "155.372", "EBITDA": "-", "Reconciled Cost of Revenue": "7,823", "Reconciled Depreciation": "205.239", "Net Income from Continuing Operation Net Minority Interest": "210.639", "Total Unusual Items Excluding Goodwill": "-", "Total Unusual Items": "-", "Normalized EBITDA": "360.611", "Tax Rate for Calcs": "0", "Tax Effect of Unusual Items": "0"}}, "bs": {"5/31/2020": {"Duration": "5/31/2020", "Total Assets": "13,201", "Total Liabilities Net Minority Interest": "1,308", "Total Equity Gross Minority Interest": "11,893", "Total Capitalization": "11,893", "Common Stock Equity": "11,893", "Net Tangible Assets": "11,606", "Working Capital": "10,953", "Invested Capital": "11,893", "Tangible Book Value": "11,606", "Share Issued": "3,785", "Ordinary Shares Number": "3,785"}, "5/31/2019": {"Duration": "5/31/2019", "Total Assets": "9,865", "Total Liabilities Net Minority Interest": "1,392", "Total Equity Gross Minority Interest": "8,473", "Total Capitalization": "8,473", "Common Stock Equity": "8,473", "Net Tangible Assets": "8,081", "Working Capital": "7,270", "Invested Capital": "8,473", "Tangible Book Value": "8,081", "Share Issued": "4,033", "Ordinary Shares Number": "4,033"}, "5/31/2018": {"Duration": "5/31/2018", "Total Assets": "11,286", "Total Liabilities Net Minority Interest": "1,770", "Total Equity Gross Minority Interest": "9,516", "Total Capitalization": "9,516", "Common Stock Equity": "9,516", "Net Tangible Assets": "9,019", "Working Capital": "8,248", "Invested Capital": "9,516", "Tangible Book Value": "9,019", "Share Issued": "3,995", "Ordinary Shares Number": "3,995"}}, "cf": {"TTM": {"Duration": "TTM", "Operating Cash Flow": "-6,031", "Investing Cash Flow": "-2,196", "Financing Cash Flow": "1,429", "End Cash Position": "4,166", "Income Tax Paid Supplemental Data": "80.6", "Interest Paid Supplemental Data": "0.616", "Capital Expenditure": "-515.047", "Issuance of Capital Stock": "-", "Issuance of Debt": "-", "Repayment of Debt": "-", "Repurchase of Capital Stock": "-317.774", "Free Cash Flow": "-6,546"}, "5/31/2020": {"Duration": "5/31/2020", "Operating Cash Flow": "28.741", "Investing Cash Flow": "10,390", "Financing Cash Flow": "-1,392", "End Cash Position": "10,567", "Income Tax Paid Supplemental Data": "4.289", "Interest Paid Supplemental Data": "2.435", "Capital Expenditure": "-32.982", "Issuance of Capital Stock": "-", "Issuance of Debt": "-", "Repayment of Debt": "-", "Repurchase of Capital Stock": "-1,351", "Free Cash Flow": "-4.241"}, "5/31/2019": {"Duration": "5/31/2019", "Operating Cash Flow": "-716.613", "Investing Cash Flow": "-6.473", "Financing Cash Flow": "52.122", "End Cash Position": "1,467", "Income Tax Paid Supplemental Data": "29.94", "Interest Paid Supplemental Data": "12.16", "Capital Expenditure": "-6.473", "Issuance of Capital Stock": "0", "Issuance of Debt": "-", "Repayment of Debt": "-", "Repurchase of Capital Stock": "-", "Free Cash Flow": "-723.086"}, "5/31/2018": {"Duration": "5/31/2018", "Operating Cash Flow": "-1,003", "Investing Cash Flow": "-6.967", "Financing Cash Flow": "2,386", "End Cash Position": "2,112", "Income Tax Paid Supplemental Data": "14.661", "Interest Paid Supplemental Data": "1.401", "Capital Expenditure": "-8.467", "Issuance of Capital Stock": "2,386", "Issuance of Debt": "-", "Repayment of Debt": "-", "Repurchase of Capital Stock": "-", "Free Cash Flow": "-1,011"}}}}, {"SOTK": {"quote": {"05/08/2021": {"value": "4.0900", "Market Cap": "63.199M", "Beta (5Y Monthly)": "-0.12", "PE Ratio (TTM)": "51.13", "EPS (TTM)": "0.0800", "Earnings Date": "Jan 15, 2021", "Forward Dividend & Yield": "N/A (N/A)", "Ex-Dividend Date": "N/A", "1y Target Est": "5.00"}}, "fin": {"TTM": {"Duration": "TTM", "Total Revenue": "16,250", "Cost of Revenue": "8,473", "Gross Profit": "7,777", "Operating Expense": "6,196", "Operating Income": "1,581", "Net Non Operating Interest Income Expense": "19.527", "Other Income Expense": "35.34", "Pretax Income": "1,636", "Tax Provision": "282.126", "Net Income Common Stockholders": "1,354", "Diluted NI Available to Com Stockholders": "1,354", "Basic EPS": "-", "Diluted EPS": "-", "Basic Average Shares": "-", "Diluted Average Shares": "-", "Total Operating Income as Reported": "1,581", "Total Expenses": "14,669", "Net Income from Continuing & Discontinued Operation": "1,354", "Normalized Income": "1,354", "Interest Income": "51.049", "Interest Expense": "31.522", "Net Interest Income": "19.527", "EBIT": "1,668", "EBITDA": "2,134", "Reconciled Cost of Revenue": "8,473", "Reconciled Depreciation": "466.571", "Net Income from Continuing Operation Net Minority Interest": "1,354", "Total Unusual Items Excluding Goodwill": "-", "Total Unusual Items": "-", "Normalized EBITDA": "2,134", "Tax Rate for Calcs": "0", "Tax Effect of Unusual Items": "0"}, "2/29/2020": {"Duration": "2/29/2020", "Total Revenue": "15,355", "Cost of Revenue": "8,041", "Gross Profit": "7,313", "Operating Expense": "6,198", "Operating Income": "1,115", "Net Non Operating Interest Income Expense": "68.554", "Other Income Expense": "29.401", "Pretax Income": "1,213", "Tax Provision": "106.005", "Net Income Common Stockholders": "1,107", "Diluted NI Available to Com Stockholders": "1,107", "Basic EPS": "0.07", "Diluted EPS": "0.07", "Basic Average Shares": "15,302", "Diluted Average Shares": "15,359", "Total Operating Income as Reported": "1,115", "Total Expenses": "14,239", "Net Income from Continuing & Discontinued Operation": "1,107", "Normalized Income": "1,107", "Interest Income": "101.592", "Interest Expense": "33.038", "Net Interest Income": "68.554", "EBIT": "1,246", "EBITDA": "-", "Reconciled Cost of Revenue": "8,041", "Reconciled Depreciation": "406.731", "Net Income from Continuing Operation Net Minority Interest": "1,107", "Total Unusual Items Excluding Goodwill": "-", "Total Unusual Items": "-", "Normalized EBITDA": "1,653", "Tax Rate for Calcs": "0", "Tax Effect of Unusual Items": "0"}, "2/28/2019": {"Duration": "2/28/2019", "Total Revenue": "11,610", "Cost of Revenue": "6,361", "Gross Profit": "5,248", "Operating Expense": "5,166", "Operating Income": "82.487", "Net Non Operating Interest Income Expense": "96.7", "Other Income Expense": "2.247", "Pretax Income": "181.434", "Tax Provision": "19.847", "Net Income Common Stockholders": "161.587", "Diluted NI Available to Com Stockholders": "161.587", "Basic EPS": "0.01", "Diluted EPS": "0.01", "Basic Average Shares": "15,108", "Diluted Average Shares": "15,219", "Total Operating Income as Reported": "82.487", "Total Expenses": "11,527", "Net Income from Continuing & Discontinued Operation": "161.587", "Normalized Income": "185.1748", "Interest Income": "136.677", "Interest Expense": "39.977", "Net Interest Income": "96.7", "EBIT": "221.411", "EBITDA": "-", "Reconciled Cost of Revenue": "6,361", "Reconciled Depreciation": "332.147", "Net Income from Continuing Operation Net Minority Interest": "161.587", "Total Unusual Items Excluding Goodwill": "-26.485", "Total Unusual Items": "-26.485", "Normalized EBITDA": "580.043", "Tax Rate for Calcs": "0", "Tax Effect of Unusual Items": "-2.8972"}}, "bs": {"2/29/2020": {"Duration": "2/29/2020", "Total Assets": "14,743", "Total Liabilities Net Minority Interest": "4,961", "Total Equity Gross Minority Interest": "9,782", "Total Capitalization": "10,320", "Common Stock Equity": "9,782", "Net Tangible Assets": "9,676", "Working Capital": "7,173", "Invested Capital": "10,490", "Tangible Book Value": "9,676", "Total Debt": "707.716", "Share Issued": "15,348", "Ordinary Shares Number": "15,348"}, "2/28/2019": {"Duration": "2/28/2019", "Total Assets": "12,200", "Total Liabilities Net Minority Interest": "3,616", "Total Equity Gross Minority Interest": "8,585", "Total Capitalization": "9,292", "Common Stock Equity": "8,585", "Net Tangible Assets": "8,462", "Working Capital": "6,424", "Invested Capital": "9,455", "Tangible Book Value": "8,462", "Total Debt": "870.531", "Share Issued": "15,198", "Ordinary Shares Number": "15,198"}}, "cf": {"TTM": {"Duration": "TTM", "Operating Cash Flow": "2,943", "Investing Cash Flow": "-42.656", "Financing Cash Flow": "833.712", "End Cash Position": "6,014", "Income Tax Paid Supplemental Data": "74.121", "Interest Paid Supplemental Data": "28.146", "Capital Expenditure": "-657.075", "Repayment of Debt": "-167.928", "Free Cash Flow": "2,286"}, "2/29/2020": {"Duration": "2/29/2020", "Operating Cash Flow": "3,254", "Investing Cash Flow": "-2,576", "Financing Cash Flow": "-162.815", "End Cash Position": "3,660", "Income Tax Paid Supplemental Data": "4.948", "Interest Paid Supplemental Data": "33.038", "Capital Expenditure": "-722.241", "Repayment of Debt": "-162.815", "Free Cash Flow": "2,532"}, "2/28/2019": {"Duration": "2/28/2019", "Operating Cash Flow": "-108.98", "Investing Cash Flow": "1,393", "Financing Cash Flow": "-156.12", "End Cash Position": "3,144", "Income Tax Paid Supplemental Data": "28.178", "Interest Paid Supplemental Data": "39.977", "Capital Expenditure": "-547.251", "Repayment of Debt": "-156.12", "Free Cash Flow": "-656.231"}}}}, {"TKOI": {"quote": {"05/08/2021": {"value": "0.0336", "Market Cap": "4.587M", "Beta (5Y Monthly)": "0.02", "PE Ratio (TTM)": "N/A", "EPS (TTM)": "-0.0230", "Earnings Date": "Mar 31, 2021", "Forward Dividend & Yield": "N/A (N/A)", "Ex-Dividend Date": "N/A", "1y Target Est": "N/A"}}, "fin": {"TTM": {"Duration": "TTM", "Total Revenue": "6,494", "Cost of Revenue": "3,609", "Gross Profit": "2,885", "Operating Expense": "5,991", "Operating Income": "-3,106", "Net Non Operating Interest Income Expense": "-21.645", "Other Income Expense": "-", "Pretax Income": "-3,127", "Tax Provision": "22.602", "Net Income Common Stockholders": "-3,150", "Diluted NI Available to Com Stockholders": "-3,150", "Basic EPS": "-", "Diluted EPS": "-", "Basic Average Shares": "-", "Diluted Average Shares": "-", "Total Operating Income as Reported": "-3,106", "Total Expenses": "9,599", "Net Income from Continuing & Discontinued Operation": "-3,150", "Normalized Income": "-3,150", "Interest Expense": "21.645", "Net Interest Income": "-21.645", "EBIT": "-3,106", "EBITDA": "-3,047", "Reconciled Cost of Revenue": "3,609", "Reconciled Depreciation": "58.853", "Net Income from Continuing Operation Net Minority Interest": "-3,150", "Total Unusual Items Excluding Goodwill": "0", "Total Unusual Items": "0", "Normalized EBITDA": "-3,047", "Tax Rate for Calcs": "0", "Tax Effect of Unusual Items": "0"}, "12/31/2020": {"Duration": "12/31/2020", "Total Revenue": "6,494", "Cost of Revenue": "3,609", "Gross Profit": "2,885", "Operating Expense": "5,991", "Operating Income": "-3,106", "Net Non Operating Interest Income Expense": "-21.645", "Other Income Expense": "-", "Pretax Income": "-3,127", "Tax Provision": "22.602", "Net Income Common Stockholders": "-3,150", "Diluted NI Available to Com Stockholders": "-3,150", "Basic EPS": "-", "Diluted EPS": "-", "Basic Average Shares": "-", "Diluted Average Shares": "-", "Total Operating Income as Reported": "-3,106", "Total Expenses": "9,599", "Net Income from Continuing & Discontinued Operation": "-3,150", "Normalized Income": "-3,150", "Interest Expense": "21.645", "Net Interest Income": "-21.645", "EBIT": "-3,106", "EBITDA": "-", "Reconciled Cost of Revenue": "3,609", "Reconciled Depreciation": "58.853", "Net Income from Continuing Operation Net Minority Interest": "-3,150", "Total Unusual Items Excluding Goodwill": "0", "Total Unusual Items": "0", "Normalized EBITDA": "-3,047", "Tax Rate for Calcs": "0", "Tax Effect of Unusual Items": "0"}, "12/31/2019": {"Duration": "12/31/2019", "Total Revenue": "11,982", "Cost of Revenue": "7,005", "Gross Profit": "4,977", "Operating Expense": "6,959", "Operating Income": "-1,981", "Net Non Operating Interest Income Expense": "-53.289", "Other Income Expense": "0.15", "Pretax Income": "-2,034", "Tax Provision": "-100.363", "Net Income Common Stockholders": "-1,934", "Diluted NI Available to Com Stockholders": "-1,934", "Basic EPS": "-0.01", "Diluted EPS": "-0.01", "Basic Average Shares": "135,214", "Diluted Average Shares": "135,214", "Total Operating Income as Reported": "-1,981", "Total Expenses": "13,964", "Net Income from Continuing & Discontinued Operation": "-1,934", "Normalized Income": "-1,934", "Interest Expense": "-", "Net Interest Income": "-53.289", "EBIT": "-1,981", "EBITDA": "-", "Reconciled Cost of Revenue": "7,005", "Reconciled Depreciation": "66.082", "Net Income from Continuing Operation Net Minority Interest": "-1,934", "Total Unusual Items Excluding Goodwill": "0.15", "Total Unusual Items": "0.15", "Normalized EBITDA": "-1,915", "Tax Rate for Calcs": "0", "Tax Effect of Unusual Items": "0.0074"}, "12/31/2018": {"Duration": "12/31/2018", "Total Revenue": "8,432", "Cost of Revenue": "4,662", "Gross Profit": "3,770", "Operating Expense": "6,791", "Operating Income": "-3,021", "Net Non Operating Interest Income Expense": "13.622", "Other Income Expense": "-", "Pretax Income": "-3,007", "Tax Provision": "9.623", "Net Income Common Stockholders": "-3,017", "Diluted NI Available to Com Stockholders": "-3,017", "Basic EPS": "-0.02", "Diluted EPS": "-0.02", "Basic Average Shares": "134,055", "Diluted Average Shares": "134,055", "Total Operating Income as Reported": "-3,021", "Total Expenses": "11,453", "Net Income from Continuing & Discontinued Operation": "-3,017", "Normalized Income": "-3,017", "Interest Expense": "-", "Net Interest Income": "13.622", "EBIT": "-3,021", "EBITDA": "-", "Reconciled Cost of Revenue": "4,662", "Reconciled Depreciation": "67.107", "Net Income from Continuing Operation Net Minority Interest": "-3,017", "Total Unusual Items Excluding Goodwill": "-", "Total Unusual Items": "-", "Normalized EBITDA": "-2,954", "Tax Rate for Calcs": "0", "Tax Effect of Unusual Items": "0"}}, "bs": {"12/31/2020": {"Duration": "12/31/2020", "Total Assets": "6,491", "Total Liabilities Net Minority Interest": "5,174", "Total Equity Gross Minority Interest": "1,317", "Total Capitalization": "1,317", "Preferred Stock Equity": "1,703", "Common Stock Equity": "-385.366", "Capital Lease Obligations": "834.64", "Net Tangible Assets": "1,317", "Working Capital": "1,702", "Invested Capital": "794.986", "Tangible Book Value": "-385.366", "Total Debt": "2,015", "Share Issued": "136,311", "Ordinary Shares Number": "136,311"}, "12/31/2019": {"Duration": "12/31/2019", "Total Assets": "8,606", "Total Liabilities Net Minority Interest": "4,164", "Total Equity Gross Minority Interest": "4,442", "Total Capitalization": "4,442", "Preferred Stock Equity": "1,703", "Common Stock Equity": "2,739", "Capital Lease Obligations": "982.15", "Net Tangible Assets": "4,442", "Working Capital": "4,187", "Invested Capital": "3,364", "Tangible Book Value": "2,739", "Total Debt": "1,606", "Share Issued": "135,990", "Ordinary Shares Number": "135,990"}, "12/31/2018": {"Duration": "12/31/2018", "Total Assets": "8,727", "Total Liabilities Net Minority Interest": "2,491", "Total Equity Gross Minority Interest": "6,237", "Total Capitalization": "6,237", "Preferred Stock Equity": "1,703", "Common Stock Equity": "4,534", "Capital Lease Obligations": "-", "Net Tangible Assets": "6,237", "Working Capital": "6,206", "Invested Capital": "4,656", "Tangible Book Value": "4,534", "Total Debt": "121.474", "Share Issued": "134,793", "Ordinary Shares Number": "134,793"}}, "cf": {"TTM": {"Duration": "TTM", "Operating Cash Flow": "-844.794", "Investing Cash Flow": "0", "Financing Cash Flow": "556.005", "End Cash Position": "3,012", "Income Tax Paid Supplemental Data": "11.262", "Interest Paid Supplemental Data": "29.082", "Capital Expenditure": "-", "Issuance of Debt": "6,748", "Repayment of Debt": "-6,192", "Free Cash Flow": "-844.794"}, "12/31/2020": {"Duration": "12/31/2020", "Operating Cash Flow": "-844.794", "Investing Cash Flow": "0", "Financing Cash Flow": "556.005", "End Cash Position": "3,012", "Income Tax Paid Supplemental Data": "11.262", "Interest Paid Supplemental Data": "29.082", "Capital Expenditure": "-", "Issuance of Debt": "6,748", "Repayment of Debt": "-6,192", "Free Cash Flow": "-844.794"}, "12/31/2019": {"Duration": "12/31/2019", "Operating Cash Flow": "-1,876", "Investing Cash Flow": "-5.318", "Financing Cash Flow": "502.873", "End Cash Position": "3,301", "Income Tax Paid Supplemental Data": "-", "Interest Paid Supplemental Data": "83.109", "Capital Expenditure": "-5.318", "Issuance of Debt": "11,739", "Repayment of Debt": "-11,236", "Free Cash Flow": "-1,881"}, "12/31/2018": {"Duration": "12/31/2018", "Operating Cash Flow": "-3,946", "Investing Cash Flow": "-10.225", "Financing Cash Flow": "-560.737", "End Cash Position": "4,679", "Income Tax Paid Supplemental Data": "12.41", "Interest Paid Supplemental Data": "32.662", "Capital Expenditure": "-10.225", "Issuance of Debt": "3,720", "Repayment of Debt": "-4,281", "Free Cash Flow": "-3,956"}}}}, {"CLIRF": {"quote": {"05/08/2021": {"value": "0.0266", "Market Cap": "2.678M", "Beta (5Y Monthly)": "N/A", "PE Ratio (TTM)": "N/A", "EPS (TTM)": "-0.0720", "Earnings Date": "N/A", "Forward Dividend & Yield": "N/A (N/A)", "Ex-Dividend Date": "N/A", "1y Target Est": "N/A"}}, "fin": {}, "bs": {}, "cf": {}}}, {"STRNY": {"quote": {"05/08/2021": {"value": "34.31", "Market Cap": "8.321B", "Beta (5Y Monthly)": "0.28", "PE Ratio (TTM)": "51.99", "EPS (TTM)": "0.66", "Earnings Date": "N/A", "Forward Dividend & Yield": "1.31 (3.81%)", "Ex-Dividend Date": "Dec 11, 2020", "1y Target Est": "N/A"}}, "fin": {"TTM": {"Duration": "TTM", "Total Revenue": "1,821,100", "Cost of Revenue": "131,000", "Gross Profit": "1,712,500", "Operating Expense": "1,182,000", "Operating Income": "508,100", "Net Non Operating Interest Income Expense": "-184,600", "Pretax Income": "256,500", "Tax Provision": "142,700", "Net Income Common Stockholders": "113,800", "Diluted NI Available to Com Stockholders": "113,800", "Basic EPS": "-", "Diluted EPS": "-", "Basic Average Shares": "-", "Diluted Average Shares": "-", "Rent Expense Supplemental": "9,300", "Total Expenses": "1,313,000", "Net Income from Continuing & Discontinued Operation": "113,800", "Normalized Income": "143,932", "Interest Income": "57,500", "Interest Expense": "241,900", "Net Interest Income": "-184,600", "EBIT": "498,400", "EBITDA": "878,100", "Reconciled Cost of Revenue": "131,000", "Reconciled Depreciation": "379,700", "Net Income from Continuing Operation Net Minority Interest": "113,800", "Total Unusual Items Excluding Goodwill": "-37,200", "Total Unusual Items": "-37,200", "Normalized EBITDA": "915,300", "Tax Rate for Calcs": "0", "Tax Effect of Unusual Items": "-7,068"}, "3/31/2020": {"Duration": "3/31/2020", "Total Revenue": "1,843,500", "Cost of Revenue": "131,000", "Gross Profit": "1,712,500", "Operating Expense": "1,143,700", "Operating Income": "568,800", "Net Non Operating Interest Income Expense": "-187,300", "Pretax Income": "310,700", "Tax Provision": "151,900", "Net Income Common Stockholders": "158,800", "Diluted NI Available to Com Stockholders": "158,800", "Basic EPS": "0.67", "Diluted EPS": "0.66", "Basic Average Shares": "238,000", "Diluted Average Shares": "239,400", "Rent Expense Supplemental": "9,300", "Total Expenses": "1,274,700", "Net Income from Continuing & Discontinued Operation": "158,800", "Normalized Income": "173,299", "Interest Income": "58,600", "Interest Expense": "245,700", "Net Interest Income": "-187,300", "EBIT": "556,400", "EBITDA": "-", "Reconciled Cost of Revenue": "131,000", "Reconciled Depreciation": "366,900", "Net Income from Continuing Operation Net Minority Interest": "158,800", "Total Unusual Items Excluding Goodwill": "-17,900", "Total Unusual Items": "-17,900", "Normalized EBITDA": "941,200", "Tax Rate for Calcs": "0", "Tax Effect of Unusual Items": "-3,401"}, "3/31/2019": {"Duration": "3/31/2019", "Total Revenue": "1,767,400", "Cost of Revenue": "128,500", "Gross Profit": "1,638,900", "Operating Expense": "1,039,700", "Operating Income": "599,200", "Net Non Operating Interest Income Expense": "-193,100", "Pretax Income": "384,700", "Tax Provision": "69,400", "Net Income Common Stockholders": "315,300", "Diluted NI Available to Com Stockholders": "315,300", "Basic EPS": "1.33", "Diluted EPS": "1.33", "Basic Average Shares": "236,300", "Diluted Average Shares": "236,700", "Rent Expense Supplemental": "10,700", "Total Expenses": "1,168,200", "Net Income from Continuing & Discontinued Operation": "315,300", "Normalized Income": "325,796", "Interest Income": "61,200", "Interest Expense": "253,500", "Net Interest Income": "-193,100", "EBIT": "638,200", "EBITDA": "-", "Reconciled Cost of Revenue": "128,500", "Reconciled Depreciation": "345,900", "Net Income from Continuing Operation Net Minority Interest": "315,300", "Total Unusual Items Excluding Goodwill": "-12,800", "Total Unusual Items": "-12,800", "Normalized EBITDA": "996,900", "Tax Rate for Calcs": "0", "Tax Effect of Unusual Items": "-2,304"}}, "bs": {"3/31/2020": {"Duration": "3/31/2020", "Total Assets": "10,801,700", "Total Liabilities Net Minority Interest": "9,558,000", "Total Equity Gross Minority Interest": "1,243,700", "Total Capitalization": "7,084,500", "Common Stock Equity": "1,243,700", "Capital Lease Obligations": "122,700", "Net Tangible Assets": "998,500", "Working Capital": "-465,900", "Invested Capital": "7,554,100", "Tangible Book Value": "998,500", "Total Debt": "6,433,100", "Net Debt": "6,283,600", "Share Issued": "241,537", "Ordinary Shares Number": "237,956", "Treasury Shares Number": "3,581"}, "3/31/2019": {"Duration": "3/31/2019", "Total Assets": "10,204,100", "Total Liabilities Net Minority Interest": "9,040,000", "Total Equity Gross Minority Interest": "1,164,100", "Total Capitalization": "6,913,200", "Common Stock Equity": "1,164,100", "Capital Lease Obligations": "112,200", "Net Tangible Assets": "949,000", "Working Capital": "-159,800", "Invested Capital": "7,106,100", "Tangible Book Value": "949,000", "Total Debt": "6,054,200", "Net Debt": "5,915,700", "Share Issued": "240,944", "Ordinary Shares Number": "237,169", "Treasury Shares Number": "3,775"}}, "cf": {"TTM": {"Duration": "TTM", "Operating Cash Flow": "904,400", "Investing Cash Flow": "-746,100", "Financing Cash Flow": "-158,900", "End Cash Position": "22,700", "Capital Expenditure": "-753,200", "Issuance of Capital Stock": "11,600", "Issuance of Debt": "549,000", "Repayment of Debt": "-288,300", "Repurchase of Capital Stock": "-", "Free Cash Flow": "151,200"}, "3/31/2020": {"Duration": "3/31/2020", "Operating Cash Flow": "894,200", "Investing Cash Flow": "-801,500", "Financing Cash Flow": "-83,700", "End Cash Position": "48,600", "Capital Expenditure": "-852,000", "Issuance of Capital Stock": "9,600", "Issuance of Debt": "330,100", "Repayment of Debt": "-3,000", "Repurchase of Capital Stock": "0", "Free Cash Flow": "42,200"}, "3/31/2019": {"Duration": "3/31/2019", "Operating Cash Flow": "805,000", "Investing Cash Flow": "-825,600", "Financing Cash Flow": "21,700", "End Cash Position": "39,600", "Capital Expenditure": "-817,200", "Issuance of Capital Stock": "11,100", "Issuance of Debt": "554,200", "Repayment of Debt": "-166,500", "Repurchase of Capital Stock": "-1,100", "Free Cash Flow": "-12,200"}}}}, {"LRAD": {"fin": {}, "bs": {}, "cf": {}}}, {"UNDT": {"fin": {}, "bs": {}, "cf": {}}}, {"FIT": {"fin": {}, "bs": {}, "cf": {}}}, {"PRCP": {"fin": {}, "bs": {}, "cf": {}}}, {"SRMC": {"fin": {}, "bs": {}, "cf": {}}}, {"RTEC": {"fin": {}, "bs": {}, "cf": {}}}]