[{"APDN": {"quote": {"05/12/2021": {"value": "6.30", "Market Cap": "47.08M", "Beta (5Y Monthly)": "0.99", "PE Ratio (TTM)": "N/A", "EPS (TTM)": "-3.24", "Earnings Date": "May 13, 2021", "Forward Dividend & Yield": "N/A (N/A)", "Ex-Dividend Date": "N/A", "1y Target Est": "18.33"}}, "fin": {"TTM": {"Duration": "TTM", "Total Revenue": "2,914", "Cost of Revenue": "731.431", "Gross Profit": "2,183", "Operating Expense": "15,079", "Operating Income": "-12,897", "Net Non Operating Interest Income Expense": "-92.177", "Other Income Expense": "-2,184", "Pretax Income": "-15,173", "Tax Provision": "0", "Net Income Common Stockholders": "-15,174", "Diluted NI Available to Com Stockholders": "-15,174", "Basic EPS": "-", "Diluted EPS": "-", "Basic Average Shares": "-", "Diluted Average Shares": "-", "Total Operating Income as Reported": "-12,897", "Total Expenses": "15,811", "Net Income from Continuing & Discontinued Operation": "-15,174", "Normalized Income": "-13,399", "Interest Expense": "-", "Net Interest Income": "-92.177", "EBIT": "-13,275", "EBITDA": "-12,967", "Reconciled Cost of Revenue": "731.431", "Reconciled Depreciation": "308.075", "Net Income from Continuing Operation Net Minority Interest": "-15,174", "Total Unusual Items Excluding Goodwill": "-1,775", "Total Unusual Items": "-1,775", "Normalized EBITDA": "-11,192", "Tax Rate for Calcs": "0", "Tax Effect of Unusual Items": "0"}, "9/30/2020": {"Duration": "9/30/2020", "Total Revenue": "1,931", "Cost of Revenue": "720.9", "Gross Profit": "1,211", "Operating Expense": "13,746", "Operating Income": "-12,535", "Net Non Operating Interest Income Expense": "-115.83", "Other Income Expense": "-378.075", "Pretax Income": "-13,029", "Tax Provision": "0", "Net Income Common Stockholders": "-13,030", "Diluted NI Available to Com Stockholders": "-13,030", "Basic EPS": "-3.32", "Diluted EPS": "-3.32", "Basic Average Shares": "3,919", "Diluted Average Shares": "3,919", "Total Operating Income as Reported": "-12,535", "Total Expenses": "14,466", "Net Income from Continuing & Discontinued Operation": "-13,027", "Normalized Income": "-13,027", "Interest Expense": "115.83", "Net Interest Income": "-115.83", "EBIT": "-12,913", "EBITDA": "-", "Reconciled Cost of Revenue": "720.9", "Reconciled Depreciation": "285.73", "Net Income from Continuing Operation Net Minority Interest": "-13,027", "Total Unusual Items Excluding Goodwill": "0", "Total Unusual Items": "0", "Normalized EBITDA": "-12,627", "Tax Rate for Calcs": "0", "Tax Effect of Unusual Items": "0"}, "9/30/2019": {"Duration": "9/30/2019", "Total Revenue": "5,389", "Cost of Revenue": "877.613", "Gross Profit": "4,511", "Operating Expense": "13,636", "Operating Income": "-9,124", "Net Non Operating Interest Income Expense": "-162.432", "Other Income Expense": "669.257", "Pretax Income": "-8,617", "Tax Provision": "15", "Net Income Common Stockholders": "-8,933", "Diluted NI Available to Com Stockholders": "-8,933", "Basic EPS": "-387.60", "Diluted EPS": "-387.60", "Basic Average Shares": "23.045", "Diluted Average Shares": "23.045", "Total Operating Income as Reported": "-9,124", "Total Expenses": "14,513", "Net Income from Continuing & Discontinued Operation": "-8,623", "Normalized Income": "-7,363", "Interest Expense": "-", "Net Interest Income": "-162.432", "EBIT": "-9,124", "EBITDA": "-", "Reconciled Cost of Revenue": "877.613", "Reconciled Depreciation": "390.424", "Net Income from Continuing Operation Net Minority Interest": "-8,623", "Total Unusual Items Excluding Goodwill": "-1,260", "Total Unusual Items": "-1,260", "Normalized EBITDA": "-7,473", "Tax Rate for Calcs": "0", "Tax Effect of Unusual Items": "0"}, "9/30/2018": {"Duration": "9/30/2018", "Total Revenue": "3,903", "Cost of Revenue": "1,207", "Gross Profit": "2,697", "Operating Expense": "14,343", "Operating Income": "-11,646", "Net Non Operating Interest Income Expense": "-9.615", "Other Income Expense": "-37.005", "Pretax Income": "-11,693", "Tax Provision": "0", "Net Income Common Stockholders": "-11,693", "Diluted NI Available to Com Stockholders": "-11,693", "Basic EPS": "-16.00", "Diluted EPS": "-16.00", "Basic Average Shares": "737.44", "Diluted Average Shares": "737.44", "Total Operating Income as Reported": "-11,646", "Total Expenses": "15,550", "Net Income from Continuing & Discontinued Operation": "-11,693", "Normalized Income": "-11,693", "Interest Expense": "9.615", "Net Interest Income": "-9.615", "EBIT": "-11,683", "EBITDA": "-", "Reconciled Cost of Revenue": "1,207", "Reconciled Depreciation": "547.796", "Net Income from Continuing Operation Net Minority Interest": "-11,693", "Total Unusual Items Excluding Goodwill": "-", "Total Unusual Items": "-", "Normalized EBITDA": "-11,136", "Tax Rate for Calcs": "0", "Tax Effect of Unusual Items": "0"}}, "bs": {"9/30/2020": {"Duration": "9/30/2020", "Total Assets": "11,341", "Total Liabilities Net Minority Interest": "5,632", "Total Equity Gross Minority Interest": "5,710", "Total Capitalization": "6,236", "Common Stock Equity": "5,718", "Net Tangible Assets": "4,828", "Working Capital": "4,812", "Invested Capital": "8,064", "Tangible Book Value": "4,828", "Total Debt": "2,346", "Net Debt": "-", "Share Issued": "5,143", "Ordinary Shares Number": "5,143"}, "9/30/2019": {"Duration": "9/30/2019", "Total Assets": "3,565", "Total Liabilities Net Minority Interest": "4,413", "Total Equity Gross Minority Interest": "-848.499", "Total Capitalization": "703.815", "Common Stock Equity": "-841.459", "Net Tangible Assets": "-1,862", "Working Capital": "-99.682", "Invested Capital": "703.815", "Tangible Book Value": "-1,862", "Total Debt": "1,545", "Net Debt": "986.286", "Share Issued": "1,200", "Ordinary Shares Number": "1,200"}, "9/30/2018": {"Duration": "9/30/2018", "Total Assets": "5,634", "Total Liabilities Net Minority Interest": "4,879", "Total Equity Gross Minority Interest": "754.503", "Total Capitalization": "2,341", "Common Stock Equity": "754.503", "Net Tangible Assets": "-395.086", "Working Capital": "1,180", "Invested Capital": "2,341", "Tangible Book Value": "-395.086", "Total Debt": "1,587", "Net Debt": "-", "Share Issued": "752.801", "Ordinary Shares Number": "752.801"}}, "cf": {"TTM": {"Duration": "TTM", "Operating Cash Flow": "-12,568", "Investing Cash Flow": "-1,393", "Financing Cash Flow": "9,539", "End Cash Position": "4,241", "Income Tax Paid Supplemental Data": "0", "Interest Paid Supplemental Data": "45.354", "Capital Expenditure": "-", "Issuance of Capital Stock": "-303.212", "Issuance of Debt": "-", "Repayment of Debt": "-1,666", "Free Cash Flow": "-13,961"}, "9/30/2020": {"Duration": "9/30/2020", "Operating Cash Flow": "-11,143", "Investing Cash Flow": "-1,064", "Financing Cash Flow": "19,435", "End Cash Position": "7,787", "Income Tax Paid Supplemental Data": "0", "Interest Paid Supplemental Data": "45.354", "Capital Expenditure": "-1,064", "Issuance of Capital Stock": "10,640", "Issuance of Debt": "846.789", "Repayment of Debt": "-107.802", "Free Cash Flow": "-12,207"}, "9/30/2019": {"Duration": "9/30/2019", "Operating Cash Flow": "-6,862", "Investing Cash Flow": "-67.438", "Financing Cash Flow": "5,829", "End Cash Position": "558.988", "Income Tax Paid Supplemental Data": "0", "Interest Paid Supplemental Data": "0", "Capital Expenditure": "-67.438", "Issuance of Capital Stock": "2,866", "Issuance of Debt": "1,985", "Repayment of Debt": "-", "Free Cash Flow": "-6,929"}, "9/30/2018": {"Duration": "9/30/2018", "Operating Cash Flow": "-6,917", "Investing Cash Flow": "-266.008", "Financing Cash Flow": "5,883", "End Cash Position": "1,660", "Income Tax Paid Supplemental Data": "0", "Interest Paid Supplemental Data": "0", "Capital Expenditure": "-266.008", "Issuance of Capital Stock": "4,233", "Issuance of Debt": "1,650", "Repayment of Debt": "-", "Free Cash Flow": "-7,183"}}}}, {"BRC": {"quote": {"05/12/2021": {"value": "53.49", "Market Cap": "2.783B", "Beta (5Y Monthly)": "0.84", "PE Ratio (TTM)": "26.77", "EPS (TTM)": "2.00", "Earnings Date": "May 20, 2021", "Forward Dividend & Yield": "0.88 (1.61%)", "Ex-Dividend Date": "Apr 08, 2021", "1y Target Est": "57.25"}}, "fin": {"TTM": {"Duration": "TTM", "Total Revenue": "1,060,752", "Cost of Revenue": "547,769", "Gross Profit": "512,983", "Operating Expense": "363,674", "Operating Income": "149,309", "Net Non Operating Interest Income Expense": "-975", "Other Income Expense": "-9,691", "Pretax Income": "138,643", "Tax Provision": "32,233", "Earnings from Equity Interest Net of Tax": "-751", "Net Income Common Stockholders": "104,821", "Diluted NI Available to Com Stockholders": "104,821", "Basic EPS": "-", "Diluted EPS": "-", "Basic Average Shares": "-", "Diluted Average Shares": "-", "Total Operating Income as Reported": "135,488", "Total Expenses": "911,443", "Net Income from Continuing & Discontinued Operation": "105,659", "Normalized Income": "102,489", "Interest Expense": "975", "Net Interest Income": "-975", "EBIT": "139,618", "EBITDA": "162,804", "Reconciled Cost of Revenue": "547,769", "Reconciled Depreciation": "23,186", "Net Income from Continuing Operation Net Minority Interest": "105,659", "Total Unusual Items Excluding Goodwill": "4,130", "Total Unusual Items": "4,130", "Normalized EBITDA": "158,674", "Tax Rate for Calcs": "0", "Tax Effect of Unusual Items": "960.1804"}, "7/31/2020": {"Duration": "7/31/2020", "Total Revenue": "1,081,299", "Cost of Revenue": "552,734", "Gross Profit": "528,565", "Operating Expense": "376,721", "Operating Income": "151,844", "Net Non Operating Interest Income Expense": "-2,166", "Other Income Expense": "-8,742", "Pretax Income": "140,936", "Tax Provision": "28,321", "Earnings from Equity Interest Net of Tax": "-246", "Net Income Common Stockholders": "111,531", "Diluted NI Available to Com Stockholders": "111,531", "Basic EPS": "2.13", "Diluted EPS": "2.11", "Basic Average Shares": "52,763", "Diluted Average Shares": "53,231", "Total Operating Income as Reported": "138,023", "Total Expenses": "929,455", "Net Income from Continuing & Discontinued Operation": "112,369", "Normalized Income": "119,354", "Interest Expense": "2,166", "Net Interest Income": "-2,166", "EBIT": "143,102", "EBITDA": "-", "Reconciled Cost of Revenue": "552,734", "Reconciled Depreciation": "23,437", "Net Income from Continuing Operation Net Minority Interest": "112,369", "Total Unusual Items Excluding Goodwill": "-8,742", "Total Unusual Items": "-8,742", "Normalized EBITDA": "175,281", "Tax Rate for Calcs": "0", "Tax Effect of Unusual Items": "-1,757"}, "7/31/2019": {"Duration": "7/31/2019", "Total Revenue": "1,160,645", "Cost of Revenue": "581,967", "Gross Profit": "578,678", "Operating Expense": "416,250", "Operating Income": "162,428", "Net Non Operating Interest Income Expense": "-2,830", "Other Income Expense": "5,046", "Pretax Income": "164,644", "Tax Provision": "33,386", "Earnings from Equity Interest Net of Tax": "-", "Net Income Common Stockholders": "131,258", "Diluted NI Available to Com Stockholders": "131,258", "Basic EPS": "2.50", "Diluted EPS": "2.46", "Basic Average Shares": "52,596", "Diluted Average Shares": "53,323", "Total Operating Income as Reported": "162,428", "Total Expenses": "998,217", "Net Income from Continuing & Discontinued Operation": "131,258", "Normalized Income": "127,236", "Interest Expense": "2,830", "Net Interest Income": "-2,830", "EBIT": "167,474", "EBITDA": "-", "Reconciled Cost of Revenue": "581,967", "Reconciled Depreciation": "23,799", "Net Income from Continuing Operation Net Minority Interest": "131,258", "Total Unusual Items Excluding Goodwill": "5,046", "Total Unusual Items": "5,046", "Normalized EBITDA": "186,227", "Tax Rate for Calcs": "0", "Tax Effect of Unusual Items": "1,024"}, "7/31/2018": {"Duration": "7/31/2018", "Total Revenue": "1,173,851", "Cost of Revenue": "585,560", "Gross Profit": "588,291", "Operating Expense": "435,595", "Operating Income": "152,696", "Net Non Operating Interest Income Expense": "-3,168", "Other Income Expense": "2,487", "Pretax Income": "152,015", "Tax Provision": "60,955", "Earnings from Equity Interest Net of Tax": "-", "Net Income Common Stockholders": "91,060", "Diluted NI Available to Com Stockholders": "91,060", "Basic EPS": "1.76", "Diluted EPS": "1.73", "Basic Average Shares": "51,677", "Diluted Average Shares": "52,524", "Total Operating Income as Reported": "152,696", "Total Expenses": "1,021,155", "Net Income from Continuing & Discontinued Operation": "91,060", "Normalized Income": "89,568", "Interest Expense": "3,168", "Net Interest Income": "-3,168", "EBIT": "155,183", "EBITDA": "-", "Reconciled Cost of Revenue": "585,560", "Reconciled Depreciation": "25,442", "Net Income from Continuing Operation Net Minority Interest": "91,060", "Total Unusual Items Excluding Goodwill": "2,487", "Total Unusual Items": "2,487", "Normalized EBITDA": "178,138", "Tax Rate for Calcs": "0", "Tax Effect of Unusual Items": "994.8"}}, "bs": {"7/31/2020": {"Duration": "7/31/2020", "Total Assets": "1,142,466", "Total Liabilities Net Minority Interest": "279,394", "Total Equity Gross Minority Interest": "863,072", "Total Capitalization": "863,072", "Common Stock Equity": "863,072", "Capital Lease Obligations": "47,286", "Net Tangible Assets": "424,704", "Working Capital": "323,560", "Invested Capital": "863,072", "Tangible Book Value": "424,704", "Total Debt": "47,286", "Share Issued": "54,800", "Ordinary Shares Number": "51,996", "Treasury Shares Number": "2,805"}, "7/31/2019": {"Duration": "7/31/2019", "Total Assets": "1,157,308", "Total Liabilities Net Minority Interest": "306,534", "Total Equity Gross Minority Interest": "850,774", "Total Capitalization": "850,774", "Common Stock Equity": "850,774", "Capital Lease Obligations": "-", "Net Tangible Assets": "403,664", "Working Capital": "331,334", "Invested Capital": "900,940", "Tangible Book Value": "403,664", "Total Debt": "50,166", "Share Issued": "54,800", "Ordinary Shares Number": "52,997", "Treasury Shares Number": "1,803"}, "7/31/2018": {"Duration": "7/31/2018", "Total Assets": "1,056,931", "Total Liabilities Net Minority Interest": "304,819", "Total Equity Gross Minority Interest": "752,112", "Total Capitalization": "804,730", "Common Stock Equity": "752,112", "Capital Lease Obligations": "-", "Net Tangible Assets": "289,709", "Working Capital": "280,412", "Invested Capital": "804,730", "Tangible Book Value": "289,709", "Total Debt": "52,618", "Share Issued": "54,800", "Ordinary Shares Number": "51,932", "Treasury Shares Number": "2,868"}}, "cf": {"TTM": {"Duration": "TTM", "Operating Cash Flow": "186,759", "Investing Cash Flow": "-36,005", "Financing Cash Flow": "-166,299", "End Cash Position": "274,258", "Income Tax Paid Supplemental Data": "-", "Interest Paid Supplemental Data": "-", "Capital Expenditure": "-28,688", "Issuance of Debt": "-", "Repayment of Debt": "-", "Repurchase of Capital Stock": "-68,107", "Free Cash Flow": "158,071"}, "7/31/2020": {"Duration": "7/31/2020", "Operating Cash Flow": "140,977", "Investing Cash Flow": "-36,119", "Financing Cash Flow": "-163,520", "End Cash Position": "217,643", "Income Tax Paid Supplemental Data": "29,600", "Interest Paid Supplemental Data": "2,401", "Capital Expenditure": "-27,277", "Issuance of Debt": "20,697", "Repayment of Debt": "-70,527", "Repurchase of Capital Stock": "-64,514", "Free Cash Flow": "113,700"}, "7/31/2019": {"Duration": "7/31/2019", "Operating Cash Flow": "162,211", "Investing Cash Flow": "-34,463", "Financing Cash Flow": "-27,628", "End Cash Position": "279,072", "Income Tax Paid Supplemental Data": "24,335", "Interest Paid Supplemental Data": "2,651", "Capital Expenditure": "-32,825", "Issuance of Debt": "13,637", "Repayment of Debt": "-13,568", "Repurchase of Capital Stock": "-3,182", "Free Cash Flow": "129,386"}, "7/31/2018": {"Duration": "7/31/2018", "Operating Cash Flow": "143,042", "Investing Cash Flow": "-2,905", "Financing Cash Flow": "-90,680", "End Cash Position": "181,427", "Income Tax Paid Supplemental Data": "33,267", "Interest Paid Supplemental Data": "2,976", "Capital Expenditure": "-21,777", "Issuance of Debt": "23,221", "Repayment of Debt": "-78,419", "Repurchase of Capital Stock": "-1,462", "Free Cash Flow": "121,265"}}}}, {"BKYI": {"quote": {"05/12/2021": {"value": "3.2100", "Market Cap": "25.095M", "Beta (5Y Monthly)": "0.98", "PE Ratio (TTM)": "N/A", "EPS (TTM)": "-2.0820", "Earnings Date": "Jun 08, 2021 - Jun 18, 2021", "Forward Dividend & Yield": "N/A (N/A)", "Ex-Dividend Date": "N/A", "1y Target Est": "6.00"}}, "fin": {"TTM": {"Duration": "TTM", "Total Revenue": "2,837", "Cost of Revenue": "794.826", "Gross Profit": "2,042", "Operating Expense": "6,904", "Operating Income": "-4,862", "Net Non Operating Interest Income Expense": "-4,313", "Other Income Expense": "-499.076", "Pretax Income": "-9,674", "Net Income Common Stockholders": "-9,787", "Diluted NI Available to Com Stockholders": "-9,787", "Basic EPS": "-", "Diluted EPS": "-", "Basic Average Shares": "-", "Diluted Average Shares": "-", "Total Operating Income as Reported": "-5,203", "Total Expenses": "7,699", "Net Income from Continuing & Discontinued Operation": "-9,674", "Normalized Income": "-9,175", "Interest Income": "30.649", "Interest Expense": "4,343", "Net Interest Income": "-4,313", "EBIT": "-5,331", "EBITDA": "-4,904", "Reconciled Cost of Revenue": "794.826", "Reconciled Depreciation": "426.906", "Net Income from Continuing Operation Net Minority Interest": "-9,674", "Total Unusual Items Excluding Goodwill": "-499.076", "Total Unusual Items": "-499.076", "Normalized EBITDA": "-4,405", "Tax Rate for Calcs": "0", "Tax Effect of Unusual Items": "0"}, "12/31/2020": {"Duration": "12/31/2020", "Total Revenue": "2,837", "Cost of Revenue": "794.826", "Gross Profit": "2,042", "Operating Expense": "6,904", "Operating Income": "-4,862", "Net Non Operating Interest Income Expense": "-4,313", "Other Income Expense": "-499.076", "Pretax Income": "-9,674", "Net Income Common Stockholders": "-9,787", "Diluted NI Available to Com Stockholders": "-9,787", "Basic EPS": "-", "Diluted EPS": "-", "Basic Average Shares": "-", "Diluted Average Shares": "-", "Total Operating Income as Reported": "-5,203", "Total Expenses": "7,699", "Net Income from Continuing & Discontinued Operation": "-9,674", "Normalized Income": "-9,175", "Interest Income": "30.649", "Interest Expense": "4,343", "Net Interest Income": "-4,313", "EBIT": "-5,331", "EBITDA": "-", "Reconciled Cost of Revenue": "794.826", "Reconciled Depreciation": "426.906", "Net Income from Continuing Operation Net Minority Interest": "-9,674", "Total Unusual Items Excluding Goodwill": "-499.076", "Total Unusual Items": "-499.076", "Normalized EBITDA": "-4,405", "Tax Rate for Calcs": "0", "Tax Effect of Unusual Items": "0"}, "12/31/2019": {"Duration": "12/31/2019", "Total Revenue": "2,268", "Cost of Revenue": "2,461", "Gross Profit": "-193.717", "Operating Expense": "6,368", "Operating Income": "-6,562", "Net Non Operating Interest Income Expense": "-1,069", "Other Income Expense": "-6,958", "Pretax Income": "-14,589", "Net Income Common Stockholders": "-14,589", "Diluted NI Available to Com Stockholders": "-14,589", "Basic EPS": "-8.24", "Diluted EPS": "-8.24", "Basic Average Shares": "1,778", "Diluted Average Shares": "1,778", "Total Operating Income as Reported": "-13,520", "Total Expenses": "8,830", "Net Income from Continuing & Discontinued Operation": "-14,589", "Normalized Income": "-7,631", "Interest Income": "0.154", "Interest Expense": "1,069", "Net Interest Income": "-1,069", "EBIT": "-13,520", "EBITDA": "-", "Reconciled Cost of Revenue": "2,461", "Reconciled Depreciation": "1,005", "Net Income from Continuing Operation Net Minority Interest": "-14,589", "Total Unusual Items Excluding Goodwill": "-6,958", "Total Unusual Items": "-6,958", "Normalized EBITDA": "-5,557", "Tax Rate for Calcs": "0", "Tax Effect of Unusual Items": "0"}, "12/31/2018": {"Duration": "12/31/2018", "Total Revenue": "4,045", "Cost of Revenue": "4,164", "Gross Profit": "-119.648", "Operating Expense": "6,749", "Operating Income": "-6,869", "Net Non Operating Interest Income Expense": "0.08", "Other Income Expense": "-", "Pretax Income": "-6,869", "Net Income Common Stockholders": "-8,496", "Diluted NI Available to Com Stockholders": "-8,496", "Basic EPS": "-5.84", "Diluted EPS": "-5.84", "Basic Average Shares": "1,451", "Diluted Average Shares": "1,451", "Total Operating Income as Reported": "-6,869", "Total Expenses": "10,913", "Net Income from Continuing & Discontinued Operation": "-6,869", "Normalized Income": "-6,869", "Interest Income": "0.08", "Interest Expense": "-", "Net Interest Income": "0.08", "EBIT": "-6,869", "EBITDA": "-", "Reconciled Cost of Revenue": "4,164", "Reconciled Depreciation": "1,613", "Net Income from Continuing Operation Net Minority Interest": "-6,869", "Total Unusual Items Excluding Goodwill": "-", "Total Unusual Items": "-", "Normalized EBITDA": "-5,256", "Tax Rate for Calcs": "0", "Tax Effect of Unusual Items": "0"}}, "bs": {"12/31/2020": {"Duration": "12/31/2020", "Total Assets": "22,521", "Total Liabilities Net Minority Interest": "2,185", "Total Equity Gross Minority Interest": "20,335", "Total Capitalization": "20,335", "Preferred Stock Equity": "-", "Common Stock Equity": "20,335", "Capital Lease Obligations": "498.472", "Net Tangible Assets": "17,500", "Working Capital": "17,066", "Invested Capital": "20,567", "Tangible Book Value": "17,500", "Total Debt": "730.472", "Net Debt": "-", "Share Issued": "7,815", "Ordinary Shares Number": "7,815"}, "12/31/2019": {"Duration": "12/31/2019", "Total Assets": "2,497", "Total Liabilities Net Minority Interest": "4,782", "Total Equity Gross Minority Interest": "-2,285", "Total Capitalization": "-2,285", "Preferred Stock Equity": "-", "Common Stock Equity": "-2,285", "Capital Lease Obligations": "561.026", "Net Tangible Assets": "-2,513", "Working Capital": "-3,025", "Invested Capital": "-29.719", "Tangible Book Value": "-2,513", "Total Debt": "2,816", "Net Debt": "2,176", "Share Issued": "1,812", "Ordinary Shares Number": "1,812"}, "12/31/2018": {"Duration": "12/31/2018", "Total Assets": "11,692", "Total Liabilities Net Minority Interest": "1,226", "Total Equity Gross Minority Interest": "10,466", "Total Capitalization": "10,466", "Preferred Stock Equity": "-", "Common Stock Equity": "10,466", "Capital Lease Obligations": "-", "Net Tangible Assets": "3,480", "Working Capital": "3,003", "Invested Capital": "10,466", "Tangible Book Value": "3,480", "Total Debt": "-", "Net Debt": "-", "Share Issued": "1,747", "Ordinary Shares Number": "1,747"}}, "cf": {"TTM": {"Duration": "TTM", "Operating Cash Flow": "-4,950", "Investing Cash Flow": "-2,230", "Financing Cash Flow": "24,094", "End Cash Position": "16,993", "Interest Paid Supplemental Data": "-", "Capital Expenditure": "-35.568", "Issuance of Capital Stock": "22,174", "Issuance of Debt": "3,958", "Repayment of Debt": "-4,948", "Free Cash Flow": "-4,986"}, "12/31/2020": {"Duration": "12/31/2020", "Operating Cash Flow": "-4,950", "Investing Cash Flow": "-2,230", "Financing Cash Flow": "24,094", "End Cash Position": "16,993", "Interest Paid Supplemental Data": "-", "Capital Expenditure": "-35.568", "Issuance of Capital Stock": "22,174", "Issuance of Debt": "3,958", "Repayment of Debt": "-4,948", "Free Cash Flow": "-4,986"}, "12/31/2019": {"Duration": "12/31/2019", "Operating Cash Flow": "-1,850", "Investing Cash Flow": "-543.31", "Financing Cash Flow": "2,149", "End Cash Position": "79.013", "Interest Paid Supplemental Data": "72.822", "Capital Expenditure": "-30.489", "Issuance of Capital Stock": "0", "Issuance of Debt": "3,217", "Repayment of Debt": "-707", "Free Cash Flow": "-1,881"}, "12/31/2018": {"Duration": "12/31/2018", "Operating Cash Flow": "-1,613", "Investing Cash Flow": "-82.458", "Financing Cash Flow": "1,731", "End Cash Position": "323.943", "Interest Paid Supplemental Data": "-", "Capital Expenditure": "-82.458", "Issuance of Capital Stock": "1,875", "Issuance of Debt": "-", "Repayment of Debt": "-", "Free Cash Flow": "-1,696"}}}}, {"CHKP": {"quote": {"05/12/2021": {"value": "117.72", "Market Cap": "15.926B", "Beta (5Y Monthly)": "0.65", "PE Ratio (TTM)": "19.38", "EPS (TTM)": "6.07", "Earnings Date": "Jul 20, 2021 - Jul 26, 2021", "Forward Dividend & Yield": "N/A (N/A)", "Ex-Dividend Date": "N/A", "1y Target Est": "131.41"}}, "bs": {"12/31/2020": {"Duration": "12/31/2020", "Total Assets": "5,839,200", "Total Liabilities Net Minority Interest": "2,373,000", "Total Equity Gross Minority Interest": "3,466,200", "Total Capitalization": "3,466,200", "Common Stock Equity": "3,466,200", "Net Tangible Assets": "2,425,500", "Working Capital": "734,800", "Invested Capital": "3,466,200", "Tangible Book Value": "2,425,500", "Share Issued": "261,252", "Ordinary Shares Number": "137,152", "Treasury Shares Number": "124,100"}, "12/31/2019": {"Duration": "12/31/2019", "Total Assets": "5,764,900", "Total Liabilities Net Minority Interest": "2,196,100", "Total Equity Gross Minority Interest": "3,568,800", "Total Capitalization": "3,568,800", "Common Stock Equity": "3,568,800", "Net Tangible Assets": "2,544,100", "Working Capital": "737,500", "Invested Capital": "3,568,800", "Tangible Book Value": "2,544,100", "Share Issued": "261,267", "Ordinary Shares Number": "145,467", "Treasury Shares Number": "115,800"}, "12/31/2018": {"Duration": "12/31/2018", "Total Assets": "5,828,213", "Total Liabilities Net Minority Interest": "2,055,824", "Total Equity Gross Minority Interest": "3,772,389", "Total Capitalization": "3,772,389", "Common Stock Equity": "3,772,389", "Net Tangible Assets": "2,780,850", "Working Capital": "990,037", "Invested Capital": "3,772,389", "Tangible Book Value": "2,780,850", "Share Issued": "261,224", "Ordinary Shares Number": "155,380", "Treasury Shares Number": "105,843"}}, "cf": {"TTM": {"Duration": "TTM", "Operating Cash Flow": "1,176,500", "Investing Cash Flow": "-93,600", "Financing Cash Flow": "-1,076,200", "Other Cash Adjustment Inside Change in Cash": "-", "End Cash Position": "3,988,500", "Income Tax Paid Supplemental Data": "87,300", "Capital Expenditure": "-14,700", "Issuance of Capital Stock": "227,000", "Repurchase of Capital Stock": "-1,297,600", "Free Cash Flow": "1,161,800"}, "12/31/2020": {"Duration": "12/31/2020", "Operating Cash Flow": "1,161,000", "Investing Cash Flow": "-98,200", "Financing Cash Flow": "-1,086,300", "Other Cash Adjustment Inside Change in Cash": "28,000", "End Cash Position": "255,700", "Income Tax Paid Supplemental Data": "90,800", "Capital Expenditure": "-19,300", "Issuance of Capital Stock": "216,800", "Repurchase of Capital Stock": "-1,297,700", "Free Cash Flow": "1,141,700"}, "12/31/2019": {"Duration": "12/31/2019", "Operating Cash Flow": "1,104,300", "Investing Cash Flow": "60,000", "Financing Cash Flow": "-1,188,700", "Other Cash Adjustment Inside Change in Cash": "59,500", "End Cash Position": "279,200", "Income Tax Paid Supplemental Data": "87,300", "Capital Expenditure": "-25,900", "Issuance of Capital Stock": "95,300", "Repurchase of Capital Stock": "-1,278,000", "Free Cash Flow": "1,078,400"}, "12/31/2018": {"Duration": "12/31/2018", "Operating Cash Flow": "1,143,081", "Investing Cash Flow": "-329,981", "Financing Cash Flow": "-754,988", "Other Cash Adjustment Inside Change in Cash": "-11,965", "End Cash Position": "303,687", "Income Tax Paid Supplemental Data": "67,940", "Capital Expenditure": "-17,149", "Issuance of Capital Stock": "353,501", "Repurchase of Capital Stock": "-1,103,865", "Free Cash Flow": "1,125,932"}}}}, {"CYRN": {"quote": {"05/12/2021": {"value": "0.5721", "Market Cap": "42.873M", "Beta (5Y Monthly)": "0.45", "PE Ratio (TTM)": "N/A", "EPS (TTM)": "-0.2860", "Earnings Date": "May 17, 2021", "Forward Dividend & Yield": "N/A (N/A)", "Ex-Dividend Date": "N/A", "1y Target Est": "1.50"}}, "fin": {"TTM": {"Duration": "TTM", "Total Revenue": "36,388", "Cost of Revenue": "14,786", "Gross Profit": "21,602", "Operating Expense": "37,344", "Operating Income": "-15,742", "Net Non Operating Interest Income Expense": "-1,322", "Other Income Expense": "-320", "Pretax Income": "-17,384", "Tax Provision": "-121", "Net Income Common Stockholders": "-17,263", "Diluted NI Available to Com Stockholders": "-17,263", "Basic EPS": "-", "Diluted EPS": "-", "Basic Average Shares": "-", "Diluted Average Shares": "-", "Total Operating Income as Reported": "-15,742", "Total Expenses": "52,130", "Net Income from Continuing & Discontinued Operation": "-17,263", "Normalized Income": "-16,940", "Interest Income": "2", "Interest Expense": "1,259", "Net Interest Income": "-1,322", "EBIT": "-16,125", "EBITDA": "-10,953", "Reconciled Cost of Revenue": "14,786", "Reconciled Depreciation": "5,172", "Net Income from Continuing Operation Net Minority Interest": "-17,263", "Total Unusual Items Excluding Goodwill": "-325", "Total Unusual Items": "-325", "Normalized EBITDA": "-10,628", "Tax Rate for Calcs": "0", "Tax Effect of Unusual Items": "-2.2621"}, "12/31/2020": {"Duration": "12/31/2020", "Total Revenue": "36,388", "Cost of Revenue": "14,786", "Gross Profit": "21,602", "Operating Expense": "37,344", "Operating Income": "-15,742", "Net Non Operating Interest Income Expense": "-1,322", "Other Income Expense": "-320", "Pretax Income": "-17,384", "Tax Provision": "-121", "Net Income Common Stockholders": "-17,263", "Diluted NI Available to Com Stockholders": "-17,263", "Basic EPS": "-", "Diluted EPS": "-", "Basic Average Shares": "-", "Diluted Average Shares": "-", "Total Operating Income as Reported": "-15,742", "Total Expenses": "52,130", "Net Income from Continuing & Discontinued Operation": "-17,263", "Normalized Income": "-16,940", "Interest Income": "2", "Interest Expense": "1,259", "Net Interest Income": "-1,322", "EBIT": "-16,125", "EBITDA": "-", "Reconciled Cost of Revenue": "14,786", "Reconciled Depreciation": "5,172", "Net Income from Continuing Operation Net Minority Interest": "-17,263", "Total Unusual Items Excluding Goodwill": "-325", "Total Unusual Items": "-325", "Normalized EBITDA": "-10,628", "Tax Rate for Calcs": "0", "Tax Effect of Unusual Items": "-2.2621"}, "12/31/2019": {"Duration": "12/31/2019", "Total Revenue": "38,391", "Cost of Revenue": "15,557", "Gross Profit": "22,834", "Operating Expense": "40,503", "Operating Income": "-17,669", "Net Non Operating Interest Income Expense": "-597", "Other Income Expense": "136", "Pretax Income": "-18,130", "Tax Provision": "-112", "Net Income Common Stockholders": "-18,018", "Diluted NI Available to Com Stockholders": "-18,018", "Basic EPS": "-0.33", "Diluted EPS": "-0.33", "Basic Average Shares": "55,167", "Diluted Average Shares": "55,167", "Total Operating Income as Reported": "-17,669", "Total Expenses": "56,060", "Net Income from Continuing & Discontinued Operation": "-18,018", "Normalized Income": "-17,889", "Interest Income": "32", "Interest Expense": "565", "Net Interest Income": "-597", "EBIT": "-17,565", "EBITDA": "-", "Reconciled Cost of Revenue": "15,557", "Reconciled Depreciation": "7,032", "Net Income from Continuing Operation Net Minority Interest": "-18,018", "Total Unusual Items Excluding Goodwill": "-130", "Total Unusual Items": "-130", "Normalized EBITDA": "-10,403", "Tax Rate for Calcs": "0", "Tax Effect of Unusual Items": "-0.8031"}, "12/31/2018": {"Duration": "12/31/2018", "Total Revenue": "35,900", "Cost of Revenue": "14,540", "Gross Profit": "21,360", "Operating Expense": "40,661", "Operating Income": "-19,301", "Net Non Operating Interest Income Expense": "-255", "Other Income Expense": "-11", "Pretax Income": "-19,567", "Tax Provision": "-153", "Net Income Common Stockholders": "-19,414", "Diluted NI Available to Com Stockholders": "-19,414", "Basic EPS": "-0.36", "Diluted EPS": "-0.36", "Basic Average Shares": "53,634", "Diluted Average Shares": "53,634", "Total Operating Income as Reported": "-19,301", "Total Expenses": "55,201", "Net Income from Continuing & Discontinued Operation": "-19,414", "Normalized Income": "-19,414", "Interest Income": "-", "Interest Expense": "255", "Net Interest Income": "-255", "EBIT": "-19,312", "EBITDA": "-", "Reconciled Cost of Revenue": "14,540", "Reconciled Depreciation": "6,021", "Net Income from Continuing Operation Net Minority Interest": "-19,414", "Total Unusual Items Excluding Goodwill": "-", "Total Unusual Items": "-", "Normalized EBITDA": "-13,291", "Tax Rate for Calcs": "0", "Tax Effect of Unusual Items": "0"}}, "bs": {"12/31/2020": {"Duration": "12/31/2020", "Total Assets": "58,943", "Total Liabilities Net Minority Interest": "46,906", "Total Equity Gross Minority Interest": "12,037", "Total Capitalization": "21,285", "Common Stock Equity": "12,037", "Capital Lease Obligations": "11,849", "Net Tangible Assets": "-17,236", "Working Capital": "-12,934", "Invested Capital": "31,285", "Tangible Book Value": "-17,236", "Total Debt": "31,097", "Net Debt": "9,952", "Share Issued": "61,272", "Ordinary Shares Number": "61,272", "Treasury Shares Number": "-"}, "12/31/2019": {"Duration": "12/31/2019", "Total Assets": "60,828", "Total Liabilities Net Minority Interest": "36,117", "Total Equity Gross Minority Interest": "24,711", "Total Capitalization": "34,711", "Common Stock Equity": "24,711", "Capital Lease Obligations": "9,120", "Net Tangible Assets": "-4,501", "Working Capital": "595", "Invested Capital": "34,711", "Tangible Book Value": "-4,501", "Total Debt": "19,120", "Net Debt": "-", "Share Issued": "59,372", "Ordinary Shares Number": "59,372", "Treasury Shares Number": "-"}, "12/31/2018": {"Duration": "12/31/2018", "Total Assets": "60,027", "Total Liabilities Net Minority Interest": "28,167", "Total Equity Gross Minority Interest": "31,860", "Total Capitalization": "41,860", "Common Stock Equity": "31,860", "Capital Lease Obligations": "-", "Net Tangible Assets": "2,539", "Working Capital": "7,658", "Invested Capital": "41,860", "Tangible Book Value": "2,539", "Total Debt": "10,000", "Net Debt": "-", "Share Issued": "54,406", "Ordinary Shares Number": "54,057", "Treasury Shares Number": "348.673"}}, "cf": {"TTM": {"Duration": "TTM", "Operating Cash Flow": "-8,410", "Investing Cash Flow": "-3,242", "Financing Cash Flow": "9,442", "End Cash Position": "9,914", "Income Tax Paid Supplemental Data": "-", "Interest Paid Supplemental Data": "288", "Capital Expenditure": "-3,248", "Issuance of Capital Stock": "0", "Issuance of Debt": "9,442", "Repayment of Debt": "-", "Free Cash Flow": "-11,658"}, "12/31/2020": {"Duration": "12/31/2020", "Operating Cash Flow": "-8,410", "Investing Cash Flow": "-3,242", "Financing Cash Flow": "9,442", "End Cash Position": "9,914", "Income Tax Paid Supplemental Data": "-", "Interest Paid Supplemental Data": "288", "Capital Expenditure": "-3,248", "Issuance of Capital Stock": "0", "Issuance of Debt": "9,442", "Repayment of Debt": "-", "Free Cash Flow": "-11,658"}, "12/31/2019": {"Duration": "12/31/2019", "Operating Cash Flow": "-6,882", "Investing Cash Flow": "-5,163", "Financing Cash Flow": "6,030", "End Cash Position": "12,127", "Income Tax Paid Supplemental Data": "0", "Interest Paid Supplemental Data": "769", "Capital Expenditure": "-5,166", "Issuance of Capital Stock": "7,967", "Issuance of Debt": "0", "Repayment of Debt": "-", "Free Cash Flow": "-12,048"}, "12/31/2018": {"Duration": "12/31/2018", "Operating Cash Flow": "-11,457", "Investing Cash Flow": "-5,303", "Financing Cash Flow": "10,789", "End Cash Position": "18,156", "Income Tax Paid Supplemental Data": "161", "Interest Paid Supplemental Data": "92", "Capital Expenditure": "-5,304", "Issuance of Capital Stock": "0", "Issuance of Debt": "10,000", "Repayment of Debt": "-", "Free Cash Flow": "-16,761"}}}}, {"VDSI": {"quote": {"05/12/2021": {"value": "", "Net Assets": "N/A", "Beta (5Y Monthly)": "N/A", "Yield": "N/A", "5y Average Return": "N/A", "Holdings Turnover": "N/A", "Last Dividend": "N/A", "Average for Category": "N/A", "Inception Date": "N/A"}}, "fin": {}, "bs": {}, "cf": {}}}, {"DTST": {"quote": {"05/12/2021": {"value": "0.2150", "Market Cap": "27.636M", "Beta (5Y Monthly)": "1.22", "PE Ratio (TTM)": "", "EPS (TTM)": "0.0000", "Earnings Date": "May 06, 2021", "Forward Dividend & Yield": "N/A (N/A)", "Ex-Dividend Date": "N/A", "1y Target Est": "N/A"}}, "fin": {"TTM": {"Duration": "TTM", "Total Revenue": "9,321", "Cost of Revenue": "5,425", "Gross Profit": "3,896", "Operating Expense": "3,897", "Operating Income": "-1.063", "Net Non Operating Interest Income Expense": "-175.578", "Other Income Expense": "350", "Pretax Income": "173.359", "Tax Provision": "-", "Net Income Common Stockholders": "55.339", "Diluted NI Available to Com Stockholders": "55.339", "Basic EPS": "-", "Diluted EPS": "-", "Basic Average Shares": "-", "Diluted Average Shares": "-", "Total Operating Income as Reported": "-1.063", "Total Expenses": "9,322", "Net Income from Continuing & Discontinued Operation": "200.016", "Normalized Income": "200.016", "Interest Income": "0.024", "Interest Expense": "175.602", "Net Interest Income": "-175.578", "EBIT": "348.961", "EBITDA": "1,382", "Reconciled Cost of Revenue": "5,425", "Reconciled Depreciation": "1,033", "Net Income from Continuing Operation Net Minority Interest": "200.016", "Total Unusual Items Excluding Goodwill": "-", "Total Unusual Items": "-", "Normalized EBITDA": "1,382", "Tax Rate for Calcs": "0", "Tax Effect of Unusual Items": "0"}, "12/31/2020": {"Duration": "12/31/2020", "Total Revenue": "9,321", "Cost of Revenue": "5,425", "Gross Profit": "3,896", "Operating Expense": "3,897", "Operating Income": "-1.063", "Net Non Operating Interest Income Expense": "-175.578", "Other Income Expense": "350", "Pretax Income": "173.359", "Tax Provision": "-", "Net Income Common Stockholders": "55.339", "Diluted NI Available to Com Stockholders": "55.339", "Basic EPS": "-", "Diluted EPS": "-", "Basic Average Shares": "-", "Diluted Average Shares": "-", "Total Operating Income as Reported": "-1.063", "Total Expenses": "9,322", "Net Income from Continuing & Discontinued Operation": "200.016", "Normalized Income": "200.016", "Interest Income": "0.024", "Interest Expense": "175.602", "Net Interest Income": "-175.578", "EBIT": "348.961", "EBITDA": "-", "Reconciled Cost of Revenue": "5,425", "Reconciled Depreciation": "1,033", "Net Income from Continuing Operation Net Minority Interest": "200.016", "Total Unusual Items Excluding Goodwill": "-", "Total Unusual Items": "-", "Normalized EBITDA": "1,382", "Tax Rate for Calcs": "0", "Tax Effect of Unusual Items": "0"}, "12/31/2019": {"Duration": "12/31/2019", "Total Revenue": "8,484", "Cost of Revenue": "4,746", "Gross Profit": "3,738", "Operating Expense": "3,531", "Operating Income": "206.524", "Net Non Operating Interest Income Expense": "-177.201", "Other Income Expense": "-", "Pretax Income": "29.323", "Tax Provision": "0", "Net Income Common Stockholders": "-54.452", "Diluted NI Available to Com Stockholders": "-54.452", "Basic EPS": "-0.00", "Diluted EPS": "-0.00", "Basic Average Shares": "128,157", "Diluted Average Shares": "128,157", "Total Operating Income as Reported": "206.524", "Total Expenses": "8,277", "Net Income from Continuing & Discontinued Operation": "69.86", "Normalized Income": "69.86", "Interest Income": "0.25", "Interest Expense": "177.451", "Net Interest Income": "-177.201", "EBIT": "206.774", "EBITDA": "-", "Reconciled Cost of Revenue": "4,746", "Reconciled Depreciation": "896.697", "Net Income from Continuing Operation Net Minority Interest": "69.86", "Total Unusual Items Excluding Goodwill": "-", "Total Unusual Items": "-", "Normalized EBITDA": "1,103", "Tax Rate for Calcs": "0", "Tax Effect of Unusual Items": "0"}, "12/31/2018": {"Duration": "12/31/2018", "Total Revenue": "8,887", "Cost of Revenue": "5,428", "Gross Profit": "3,459", "Operating Expense": "3,124", "Operating Income": "335.36", "Net Non Operating Interest Income Expense": "-98.788", "Other Income Expense": "0.099", "Pretax Income": "236.671", "Tax Provision": "0", "Net Income Common Stockholders": "146.781", "Diluted NI Available to Com Stockholders": "146.781", "Basic EPS": "0.00", "Diluted EPS": "0.00", "Basic Average Shares": "128,139", "Diluted Average Shares": "131,940", "Total Operating Income as Reported": "335.36", "Total Expenses": "8,552", "Net Income from Continuing & Discontinued Operation": "259.793", "Normalized Income": "259.793", "Interest Income": "-", "Interest Expense": "98.788", "Net Interest Income": "-98.788", "EBIT": "335.459", "EBITDA": "-", "Reconciled Cost of Revenue": "5,428", "Reconciled Depreciation": "602.532", "Net Income from Continuing Operation Net Minority Interest": "259.793", "Total Unusual Items Excluding Goodwill": "-", "Total Unusual Items": "-", "Normalized EBITDA": "937.991", "Tax Rate for Calcs": "0", "Tax Effect of Unusual Items": "0"}}, "bs": {"12/31/2020": {"Duration": "12/31/2020", "Total Assets": "7,752", "Total Liabilities Net Minority Interest": "5,831", "Total Equity Gross Minority Interest": "1,921", "Total Capitalization": "2,123", "Preferred Stock Equity": "1.402", "Common Stock Equity": "2,014", "Capital Lease Obligations": "2,792", "Net Tangible Assets": "-1,456", "Working Capital": "-2,666", "Invested Capital": "2,496", "Tangible Book Value": "-1,457", "Total Debt": "3,274", "Net Debt": "-", "Share Issued": "128,539", "Ordinary Shares Number": "128,539", "Preferred Shares Number": "1,402"}, "12/31/2019": {"Duration": "12/31/2019", "Total Assets": "7,343", "Total Liabilities Net Minority Interest": "5,615", "Total Equity Gross Minority Interest": "1,728", "Total Capitalization": "1,796", "Preferred Stock Equity": "1.402", "Common Stock Equity": "1,795", "Capital Lease Obligations": "2,879", "Net Tangible Assets": "-1,869", "Working Capital": "-2,572", "Invested Capital": "2,220", "Tangible Book Value": "-1,871", "Total Debt": "3,304", "Net Debt": "98.439", "Share Issued": "128,439", "Ordinary Shares Number": "128,439", "Preferred Shares Number": "1,402"}, "12/31/2018": {"Duration": "12/31/2018", "Total Assets": "6,144", "Total Liabilities Net Minority Interest": "4,368", "Total Equity Gross Minority Interest": "1,776", "Total Capitalization": "1,804", "Preferred Stock Equity": "1.402", "Common Stock Equity": "1,803", "Capital Lease Obligations": "1,728", "Net Tangible Assets": "-2,059", "Working Capital": "-2,202", "Invested Capital": "2,153", "Tangible Book Value": "-2,060", "Total Debt": "2,078", "Net Debt": "121.21", "Share Issued": "128,139", "Ordinary Shares Number": "128,139", "Preferred Shares Number": "1,402"}}, "cf": {"TTM": {"Duration": "TTM", "Operating Cash Flow": "1,111", "Investing Cash Flow": "-181.072", "Financing Cash Flow": "-362.57", "End Cash Position": "893.598", "Income Tax Paid Supplemental Data": "-", "Interest Paid Supplemental Data": "168.837", "Capital Expenditure": "-181.072", "Issuance of Debt": "481.977", "Repayment of Debt": "-849.947", "Free Cash Flow": "929.607"}, "12/31/2020": {"Duration": "12/31/2020", "Operating Cash Flow": "1,111", "Investing Cash Flow": "-181.072", "Financing Cash Flow": "-362.57", "End Cash Position": "893.598", "Income Tax Paid Supplemental Data": "-", "Interest Paid Supplemental Data": "168.837", "Capital Expenditure": "-181.072", "Issuance of Debt": "481.977", "Repayment of Debt": "-849.947", "Free Cash Flow": "929.607"}, "12/31/2019": {"Duration": "12/31/2019", "Operating Cash Flow": "799.666", "Investing Cash Flow": "-40.355", "Financing Cash Flow": "-661.54", "End Cash Position": "326.561", "Income Tax Paid Supplemental Data": "0", "Interest Paid Supplemental Data": "177.451", "Capital Expenditure": "-40.355", "Issuance of Debt": "75", "Repayment of Debt": "-741.94", "Free Cash Flow": "759.311"}, "12/31/2018": {"Duration": "12/31/2018", "Operating Cash Flow": "541.305", "Investing Cash Flow": "-69.783", "Financing Cash Flow": "-347.871", "End Cash Position": "228.79", "Income Tax Paid Supplemental Data": "5.604", "Interest Paid Supplemental Data": "98.788", "Capital Expenditure": "-69.783", "Issuance of Debt": "-", "Repayment of Debt": "-347.871", "Free Cash Flow": "471.522"}}}}, {"SPCB": {"quote": {"05/12/2021": {"value": "1.2700", "Market Cap": "25.398M", "Beta (5Y Monthly)": "0.42", "PE Ratio (TTM)": "N/A", "EPS (TTM)": "-0.7260", "Earnings Date": "Apr 30, 2021", "Forward Dividend & Yield": "N/A (N/A)", "Ex-Dividend Date": "N/A", "1y Target Est": "2.00"}}, "fin": {"TTM": {"Duration": "TTM", "Total Revenue": "11,770", "Cost of Revenue": "6,189", "Gross Profit": "5,581", "Operating Expense": "9,330", "Operating Income": "-3,749", "Net Non Operating Interest Income Expense": "-3,797", "Other Income Expense": "-1,531", "Pretax Income": "-7,862", "Tax Provision": "5", "Net Income Common Stockholders": "-7,867", "Diluted NI Available to Com Stockholders": "-7,867", "Basic EPS": "-", "Diluted EPS": "-", "Basic Average Shares": "-", "Diluted Average Shares": "-", "Total Operating Income as Reported": "-3,749", "Total Expenses": "15,519", "Net Income from Continuing & Discontinued Operation": "-7,867", "Normalized Income": "-7,624", "Interest Income": "188", "Interest Expense": "1,946", "Net Interest Income": "-3,797", "EBIT": "-4,050", "EBITDA": "-1,330", "Reconciled Cost of Revenue": "6,189", "Reconciled Depreciation": "2,720", "Net Income from Continuing Operation Net Minority Interest": "-7,867", "Total Unusual Items Excluding Goodwill": "-1,531", "Total Unusual Items": "-1,531", "Normalized EBITDA": "-1,014", "Tax Rate for Calcs": "0", "Tax Effect of Unusual Items": "-72.68"}, "12/31/2020": {"Duration": "12/31/2020", "Total Revenue": "11,770", "Cost of Revenue": "6,189", "Gross Profit": "5,581", "Operating Expense": "9,330", "Operating Income": "-3,749", "Net Non Operating Interest Income Expense": "-3,797", "Other Income Expense": "-316", "Pretax Income": "-7,862", "Tax Provision": "5", "Net Income Common Stockholders": "-7,867", "Diluted NI Available to Com Stockholders": "-7,867", "Basic EPS": "-", "Diluted EPS": "-", "Basic Average Shares": "-", "Diluted Average Shares": "-", "Total Operating Income as Reported": "-3,749", "Total Expenses": "15,519", "Net Income from Continuing & Discontinued Operation": "-7,867", "Normalized Income": "-7,624", "Interest Income": "15", "Interest Expense": "3,812", "Net Interest Income": "-3,797", "EBIT": "-4,050", "EBITDA": "-", "Reconciled Cost of Revenue": "6,189", "Reconciled Depreciation": "2,720", "Net Income from Continuing Operation Net Minority Interest": "-7,867", "Total Unusual Items Excluding Goodwill": "-316", "Total Unusual Items": "-316", "Normalized EBITDA": "-1,014", "Tax Rate for Calcs": "0", "Tax Effect of Unusual Items": "-72.68"}, "12/31/2019": {"Duration": "12/31/2019", "Total Revenue": "16,475", "Cost of Revenue": "10,127", "Gross Profit": "6,348", "Operating Expense": "14,521", "Operating Income": "-8,173", "Net Non Operating Interest Income Expense": "-1,758", "Other Income Expense": "-1,531", "Pretax Income": "-11,462", "Tax Provision": "43", "Net Income Common Stockholders": "-11,505", "Diluted NI Available to Com Stockholders": "-11,505", "Basic EPS": "-0.71", "Diluted EPS": "-0.71", "Basic Average Shares": "16,150", "Diluted Average Shares": "16,150", "Total Operating Income as Reported": "-8,173", "Total Expenses": "24,648", "Net Income from Continuing & Discontinued Operation": "-11,505", "Normalized Income": "-10,326", "Interest Income": "188", "Interest Expense": "1,946", "Net Interest Income": "-1,758", "EBIT": "-9,516", "EBITDA": "-", "Reconciled Cost of Revenue": "10,127", "Reconciled Depreciation": "3,128", "Net Income from Continuing Operation Net Minority Interest": "-11,505", "Total Unusual Items Excluding Goodwill": "-1,531", "Total Unusual Items": "-1,531", "Normalized EBITDA": "-4,857", "Tax Rate for Calcs": "0", "Tax Effect of Unusual Items": "-352.13"}, "12/31/2018": {"Duration": "12/31/2018", "Total Revenue": "21,882", "Cost of Revenue": "13,743", "Gross Profit": "8,139", "Operating Expense": "17,814", "Operating Income": "-9,675", "Net Non Operating Interest Income Expense": "-844", "Other Income Expense": "509", "Pretax Income": "-10,010", "Tax Provision": "5,730", "Net Income Common Stockholders": "-15,740", "Diluted NI Available to Com Stockholders": "-15,740", "Basic EPS": "-1.03", "Diluted EPS": "-1.03", "Basic Average Shares": "15,232", "Diluted Average Shares": "15,232", "Total Operating Income as Reported": "-9,675", "Total Expenses": "31,557", "Net Income from Continuing & Discontinued Operation": "-15,740", "Normalized Income": "-16,132", "Interest Income": "-", "Interest Expense": "844", "Net Interest Income": "-844", "EBIT": "-9,166", "EBITDA": "-", "Reconciled Cost of Revenue": "13,743", "Reconciled Depreciation": "3,692", "Net Income from Continuing Operation Net Minority Interest": "-15,740", "Total Unusual Items Excluding Goodwill": "509", "Total Unusual Items": "509", "Normalized EBITDA": "-5,983", "Tax Rate for Calcs": "0", "Tax Effect of Unusual Items": "117.07"}}, "bs": {"12/31/2020": {"Duration": "12/31/2020", "Total Assets": "40,344", "Total Liabilities Net Minority Interest": "35,425", "Total Equity Gross Minority Interest": "4,919", "Total Capitalization": "19,871", "Common Stock Equity": "4,919", "Net Tangible Assets": "-8,377", "Working Capital": "5,344", "Invested Capital": "27,075", "Tangible Book Value": "-8,377", "Total Debt": "22,156", "Net Debt": "19,019", "Share Issued": "19,999", "Ordinary Shares Number": "19,999"}, "12/31/2019": {"Duration": "12/31/2019", "Total Assets": "40,004", "Total Liabilities Net Minority Interest": "31,672", "Total Equity Gross Minority Interest": "8,332", "Total Capitalization": "22,519", "Common Stock Equity": "8,332", "Net Tangible Assets": "-6,759", "Working Capital": "8,834", "Invested Capital": "22,964", "Tangible Book Value": "-6,759", "Total Debt": "14,632", "Net Debt": "14,522", "Share Issued": "16,214", "Ordinary Shares Number": "16,214"}, "12/31/2018": {"Duration": "12/31/2018", "Total Assets": "44,349", "Total Liabilities Net Minority Interest": "24,799", "Total Equity Gross Minority Interest": "19,550", "Total Capitalization": "29,174", "Common Stock Equity": "19,550", "Net Tangible Assets": "2,454", "Working Capital": "12,121", "Invested Capital": "29,174", "Tangible Book Value": "2,454", "Total Debt": "9,624", "Net Debt": "7,985", "Share Issued": "16,126", "Ordinary Shares Number": "16,126"}}, "cf": {"TTM": {"Duration": "TTM", "Operating Cash Flow": "-6,514", "Investing Cash Flow": "-1,571", "Financing Cash Flow": "10,827", "End Cash Position": "3,952", "Capital Expenditure": "-1,402", "Issuance of Capital Stock": "58", "Repurchase of Capital Stock": "-", "Free Cash Flow": "-7,916"}, "12/31/2020": {"Duration": "12/31/2020", "Operating Cash Flow": "-6,514", "Investing Cash Flow": "-1,571", "Financing Cash Flow": "10,827", "End Cash Position": "3,952", "Capital Expenditure": "-1,402", "Issuance of Capital Stock": "-", "Repurchase of Capital Stock": "-", "Free Cash Flow": "-7,916"}, "12/31/2019": {"Duration": "12/31/2019", "Operating Cash Flow": "-7,660", "Investing Cash Flow": "-1,175", "Financing Cash Flow": "7,244", "End Cash Position": "1,210", "Capital Expenditure": "-1,174", "Issuance of Capital Stock": "58", "Repurchase of Capital Stock": "-", "Free Cash Flow": "-8,834"}, "12/31/2018": {"Duration": "12/31/2018", "Operating Cash Flow": "-6,416", "Investing Cash Flow": "-1,519", "Financing Cash Flow": "8,636", "End Cash Position": "2,801", "Capital Expenditure": "-1,477", "Issuance of Capital Stock": "-", "Repurchase of Capital Stock": "0", "Free Cash Flow": "-7,893"}}}}, {"IVDA": {"quote": {"05/12/2021": {"value": "0.7400", "Market Cap": "23.163M", "Beta (5Y Monthly)": "-3.84", "PE Ratio (TTM)": "N/A", "EPS (TTM)": "-0.1110", "Earnings Date": "N/A", "Forward Dividend & Yield": "N/A (N/A)", "Ex-Dividend Date": "N/A", "1y Target Est": "N/A"}}, "fin": {}, "bs": {}, "cf": {}}}, {"VII": {"quote": {"05/12/2021": {"value": "9.78", "Market Cap": "281.175M", "Beta (5Y Monthly)": "N/A", "PE Ratio (TTM)": "N/A", "EPS (TTM)": "N/A", "Earnings Date": "N/A", "Forward Dividend & Yield": "N/A (N/A)", "Ex-Dividend Date": "N/A", "1y Target Est": "N/A"}}, "fin": {}, "bs": {}, "cf": {}}}, {"VLDI": {"quote": {"05/08/2021": {"value": "0.0100", "Market Cap": "6.883M", "Beta (5Y Monthly)": "-1.43", "PE Ratio (TTM)": "N/A", "EPS (TTM)": "-0.0010", "Earnings Date": "Jun 29, 2020 - Jun 30, 2020", "Forward Dividend & Yield": "N/A (N/A)", "Ex-Dividend Date": "N/A", "1y Target Est": "N/A"}}, "fin": {"TTM": {"Duration": "TTM", "Total Revenue": "0", "Operating Expense": "442.942", "Operating Income": "-442.942", "Net Non Operating Interest Income Expense": "-195.658", "Other Income Expense": "38.528", "Pretax Income": "-600.072", "Net Income Common Stockholders": "-600.074", "Diluted NI Available to Com Stockholders": "-600.074", "Basic EPS": "-", "Diluted EPS": "-", "Basic Average Shares": "-", "Diluted Average Shares": "-", "Total Operating Income as Reported": "-442.944", "Total Expenses": "442.942", "Net Income from Continuing & Discontinued Operation": "-600.074", "Normalized Income": "-600.074", "Interest Expense": "195.658", "Net Interest Income": "-195.658", "EBIT": "-404.414", "EBITDA": "-404.414", "Reconciled Depreciation": "-", "Net Income from Continuing Operation Net Minority Interest": "-600.074", "Total Unusual Items Excluding Goodwill": "-", "Total Unusual Items": "-", "Normalized EBITDA": "-404.414", "Tax Rate for Calcs": "0", "Tax Effect of Unusual Items": "0"}, "12/31/2018": {"Duration": "12/31/2018", "Total Revenue": "0", "Operating Expense": "333.95", "Operating Income": "-333.95", "Net Non Operating Interest Income Expense": "-344.762", "Other Income Expense": "165.318", "Pretax Income": "-513.394", "Net Income Common Stockholders": "-513.396", "Diluted NI Available to Com Stockholders": "-513.396", "Basic EPS": "-0.00", "Diluted EPS": "-0.00", "Basic Average Shares": "663,150", "Diluted Average Shares": "663,150", "Total Operating Income as Reported": "-333.952", "Total Expenses": "333.95", "Net Income from Continuing & Discontinued Operation": "-513.396", "Normalized Income": "-513.396", "Interest Expense": "344.762", "Net Interest Income": "-344.762", "EBIT": "-168.632", "EBITDA": "-", "Reconciled Depreciation": "-", "Net Income from Continuing Operation Net Minority Interest": "-513.396", "Total Unusual Items Excluding Goodwill": "-", "Total Unusual Items": "-", "Normalized EBITDA": "-168.632", "Tax Rate for Calcs": "0", "Tax Effect of Unusual Items": "0"}}, "bs": {"12/31/2018": {"Duration": "12/31/2018", "Total Assets": "1.828", "Total Liabilities Net Minority Interest": "4,907", "Total Equity Gross Minority Interest": "-4,905", "Total Capitalization": "-4,905", "Preferred Stock Equity": "0.009", "Common Stock Equity": "-4,905", "Net Tangible Assets": "-4,905", "Working Capital": "-4,905", "Invested Capital": "-3,497", "Tangible Book Value": "-4,905", "Total Debt": "1,408", "Net Debt": "1,408", "Share Issued": "688,294", "Ordinary Shares Number": "688,287", "Treasury Shares Number": "7"}}, "cf": {"TTM": {"Duration": "TTM", "Operating Cash Flow": "-652.827", "Investing Cash Flow": "-", "Financing Cash Flow": "654.277", "End Cash Position": "-", "Issuance of Capital Stock": "-", "Issuance of Debt": "714.735", "Repayment of Debt": "-60.458", "Free Cash Flow": "-652.827"}, "12/31/2018": {"Duration": "12/31/2018", "Operating Cash Flow": "-173.068", "Investing Cash Flow": "0", "Financing Cash Flow": "173.068", "End Cash Position": "0", "Issuance of Capital Stock": "-", "Issuance of Debt": "197.568", "Repayment of Debt": "-24.5", "Free Cash Flow": "-173.068"}}}}, {"BFDI": {"quote": {"05/08/2021": {"value": "", "Net Assets": "N/A", "Beta (5Y Monthly)": "N/A", "Yield": "N/A", "5y Average Return": "N/A", "Holdings Turnover": "N/A", "Last Dividend": "N/A", "Average for Category": "N/A", "Inception Date": "N/A"}}, "fin": {}, "bs": {}, "cf": {}}}, {"INTZ": {"quote": {"05/08/2021": {"value": "10.18", "Market Cap": "179.321M", "Beta (5Y Monthly)": "N/A", "PE Ratio (TTM)": "N/A", "EPS (TTM)": "-0.64", "Earnings Date": "May 04, 2021", "Forward Dividend & Yield": "N/A (N/A)", "Ex-Dividend Date": "N/A", "1y Target Est": "19.25"}}, "fin": {"TTM": {"Duration": "TTM", "Total Revenue": "6,619", "Cost of Revenue": "2,709", "Gross Profit": "3,910", "Operating Expense": "10,433", "Operating Income": "-6,523", "Net Non Operating Interest Income Expense": "5", "Other Income Expense": "-1,092", "Pretax Income": "-6,518", "Tax Provision": "0", "Net Income Common Stockholders": "-6,597", "Diluted NI Available to Com Stockholders": "-6,597", "Basic EPS": "-", "Diluted EPS": "-", "Basic Average Shares": "-", "Diluted Average Shares": "-", "Total Operating Income as Reported": "-6,523", "Total Expenses": "13,142", "Net Income from Continuing & Discontinued Operation": "-6,518", "Normalized Income": "-6,518", "Interest Income": "11", "Interest Expense": "6", "Net Interest Income": "5", "EBIT": "-6,512", "EBITDA": "-6,281", "Reconciled Cost of Revenue": "2,709", "Reconciled Depreciation": "231", "Net Income from Continuing Operation Net Minority Interest": "-6,518", "Total Unusual Items Excluding Goodwill": "-1,092", "Total Unusual Items": "-1,092", "Normalized EBITDA": "-6,281", "Tax Rate for Calcs": "0", "Tax Effect of Unusual Items": "0"}, "12/31/2020": {"Duration": "12/31/2020", "Total Revenue": "6,619", "Cost of Revenue": "2,709", "Gross Profit": "3,910", "Operating Expense": "10,433", "Operating Income": "-6,523", "Net Non Operating Interest Income Expense": "5", "Other Income Expense": "-1,092", "Pretax Income": "-6,518", "Tax Provision": "0", "Net Income Common Stockholders": "-6,597", "Diluted NI Available to Com Stockholders": "-6,597", "Basic EPS": "-", "Diluted EPS": "-", "Basic Average Shares": "-", "Diluted Average Shares": "-", "Total Operating Income as Reported": "-6,523", "Total Expenses": "13,142", "Net Income from Continuing & Discontinued Operation": "-6,518", "Normalized Income": "-6,518", "Interest Income": "11", "Interest Expense": "6", "Net Interest Income": "5", "EBIT": "-6,512", "EBITDA": "-", "Reconciled Cost of Revenue": "2,709", "Reconciled Depreciation": "231", "Net Income from Continuing Operation Net Minority Interest": "-6,518", "Total Unusual Items Excluding Goodwill": "-1,092", "Total Unusual Items": "-1,092", "Normalized EBITDA": "-6,281", "Tax Rate for Calcs": "0", "Tax Effect of Unusual Items": "0"}, "12/31/2019": {"Duration": "12/31/2019", "Total Revenue": "13,643", "Cost of Revenue": "5,342", "Gross Profit": "8,301", "Operating Expense": "3,794", "Operating Income": "4,507", "Net Non Operating Interest Income Expense": "-42", "Other Income Expense": "-", "Pretax Income": "4,465", "Tax Provision": "0", "Net Income Common Stockholders": "4,326", "Diluted NI Available to Com Stockholders": "4,326", "Basic EPS": "0.32", "Diluted EPS": "0.28", "Basic Average Shares": "13,502", "Diluted Average Shares": "15,352", "Total Operating Income as Reported": "4,507", "Total Expenses": "9,136", "Net Income from Continuing & Discontinued Operation": "4,465", "Normalized Income": "4,465", "Interest Income": "4", "Interest Expense": "46", "Net Interest Income": "-42", "EBIT": "4,511", "EBITDA": "-", "Reconciled Cost of Revenue": "5,342", "Reconciled Depreciation": "184", "Net Income from Continuing Operation Net Minority Interest": "4,465", "Total Unusual Items Excluding Goodwill": "-", "Total Unusual Items": "-", "Normalized EBITDA": "4,695", "Tax Rate for Calcs": "0", "Tax Effect of Unusual Items": "0"}, "12/31/2018": {"Duration": "12/31/2018", "Total Revenue": "10,276", "Cost of Revenue": "3,847", "Gross Profit": "6,429", "Operating Expense": "3,953", "Operating Income": "2,476", "Net Non Operating Interest Income Expense": "-189", "Other Income Expense": "-", "Pretax Income": "2,287", "Tax Provision": "0", "Net Income Common Stockholders": "2,148", "Diluted NI Available to Com Stockholders": "2,148", "Basic EPS": "0.16", "Diluted EPS": "0.14", "Basic Average Shares": "13,049", "Diluted Average Shares": "15,063", "Total Operating Income as Reported": "2,476", "Total Expenses": "7,800", "Net Income from Continuing & Discontinued Operation": "2,287", "Normalized Income": "2,287", "Interest Income": "-", "Interest Expense": "-", "Net Interest Income": "-189", "EBIT": "2,476", "EBITDA": "-", "Reconciled Cost of Revenue": "3,847", "Reconciled Depreciation": "133", "Net Income from Continuing Operation Net Minority Interest": "2,287", "Total Unusual Items Excluding Goodwill": "-", "Total Unusual Items": "-", "Normalized EBITDA": "2,609", "Tax Rate for Calcs": "0", "Tax Effect of Unusual Items": "0"}}, "bs": {"12/31/2020": {"Duration": "12/31/2020", "Total Assets": "19,882", "Total Liabilities Net Minority Interest": "4,221", "Total Equity Gross Minority Interest": "15,661", "Total Capitalization": "15,873", "Preferred Stock Equity": "-", "Common Stock Equity": "15,661", "Capital Lease Obligations": "2,375", "Net Tangible Assets": "15,661", "Working Capital": "16,165", "Invested Capital": "16,294", "Tangible Book Value": "15,661", "Total Debt": "3,008", "Net Debt": "-", "Share Issued": "17,428", "Ordinary Shares Number": "17,418", "Preferred Shares Number": "-", "Treasury Shares Number": "10"}, "12/31/2019": {"Duration": "12/31/2019", "Total Assets": "6,835", "Total Liabilities Net Minority Interest": "3,279", "Total Equity Gross Minority Interest": "3,556", "Total Capitalization": "3,556", "Preferred Stock Equity": "1,843", "Common Stock Equity": "1,713", "Capital Lease Obligations": "1,663", "Net Tangible Assets": "3,556", "Working Capital": "3,109", "Invested Capital": "1,713", "Tangible Book Value": "1,713", "Total Debt": "1,663", "Net Debt": "-", "Share Issued": "13,552", "Ordinary Shares Number": "13,542", "Preferred Shares Number": "949", "Treasury Shares Number": "10"}, "12/31/2018": {"Duration": "12/31/2018", "Total Assets": "4,069", "Total Liabilities Net Minority Interest": "5,131", "Total Equity Gross Minority Interest": "-1,062", "Total Capitalization": "753", "Preferred Stock Equity": "1,843", "Common Stock Equity": "-2,905", "Capital Lease Obligations": "122", "Net Tangible Assets": "-1,062", "Working Capital": "458", "Invested Capital": "-1,090", "Tangible Book Value": "-2,905", "Total Debt": "1,937", "Net Debt": "163", "Share Issued": "13,259", "Ordinary Shares Number": "13,249", "Preferred Shares Number": "949", "Treasury Shares Number": "10"}}, "cf": {"TTM": {"Duration": "TTM", "Operating Cash Flow": "-5,177", "Investing Cash Flow": "-320", "Financing Cash Flow": "18,867", "End Cash Position": "16,704", "Income Tax Paid Supplemental Data": "0", "Interest Paid Supplemental Data": "2", "Capital Expenditure": "-320", "Issuance of Capital Stock": "18,171", "Issuance of Debt": "629", "Repayment of Debt": "-43", "Free Cash Flow": "-5,497"}, "12/31/2020": {"Duration": "12/31/2020", "Operating Cash Flow": "-5,177", "Investing Cash Flow": "-320", "Financing Cash Flow": "18,867", "End Cash Position": "16,704", "Income Tax Paid Supplemental Data": "0", "Interest Paid Supplemental Data": "2", "Capital Expenditure": "-320", "Issuance of Capital Stock": "18,171", "Issuance of Debt": "629", "Repayment of Debt": "-43", "Free Cash Flow": "-5,497"}, "12/31/2019": {"Duration": "12/31/2019", "Operating Cash Flow": "4,290", "Investing Cash Flow": "-260", "Financing Cash Flow": "-2,348", "End Cash Position": "3,334", "Income Tax Paid Supplemental Data": "0", "Interest Paid Supplemental Data": "4", "Capital Expenditure": "-260", "Issuance of Capital Stock": "-", "Issuance of Debt": "0", "Repayment of Debt": "-1,873", "Free Cash Flow": "4,030"}, "12/31/2018": {"Duration": "12/31/2018", "Operating Cash Flow": "2,578", "Investing Cash Flow": "-202", "Financing Cash Flow": "-948", "End Cash Position": "1,652", "Income Tax Paid Supplemental Data": "0", "Interest Paid Supplemental Data": "3", "Capital Expenditure": "-202", "Issuance of Capital Stock": "-", "Issuance of Debt": "150", "Repayment of Debt": "-1,266", "Free Cash Flow": "2,376"}}}}, {"SYMC": {"fin": {}, "bs": {}, "cf": {}}}, {"CELO": {"fin": {}, "bs": {}, "cf": {}}}]