[{"ADI": {"quote": {"05/12/2021": {"value": "146.05", "Market Cap": "53.877B", "Beta (5Y Monthly)": "1.25", "PE Ratio (TTM)": "38.73", "EPS (TTM)": "3.77", "Earnings Date": "May 18, 2021 - May 24, 2021", "Forward Dividend & Yield": "2.76 (1.83%)", "Ex-Dividend Date": "Feb 25, 2021", "1y Target Est": "182.32"}}, "fin": {"TTM": {"Duration": "TTM", "Total Revenue": "5,857,949", "Cost of Revenue": "1,970,242", "Gross Profit": "3,887,707", "Operating Expense": "2,157,392", "Operating Income": "1,730,315", "Net Non Operating Interest Income Expense": "-184,397", "Other Income Expense": "-23,900", "Pretax Income": "1,522,018", "Tax Provision": "116,612", "Net Income Common Stockholders": "1,405,406", "Diluted NI Available to Com Stockholders": "1,405,406", "Basic EPS": "-", "Diluted EPS": "-", "Basic Average Shares": "-", "Diluted Average Shares": "-", "Total Operating Income as Reported": "1,688,676", "Total Expenses": "4,127,634", "Net Income from Continuing & Discontinued Operation": "1,405,406", "Normalized Income": "1,443,855", "Interest Income": "2,574", "Interest Expense": "186,971", "Net Interest Income": "-184,397", "EBIT": "1,708,989", "EBITDA": "2,517,333", "Reconciled Cost of Revenue": "1,591,776", "Reconciled Depreciation": "808,344", "Net Income from Continuing Operation Net Minority Interest": "1,405,406", "Total Unusual Items Excluding Goodwill": "-41,639", "Total Unusual Items": "-41,639", "Normalized EBITDA": "2,558,972", "Tax Rate for Calcs": "0", "Tax Effect of Unusual Items": "-3,190"}, "10/31/2020": {"Duration": "10/31/2020", "Total Revenue": "5,603,056", "Cost of Revenue": "1,912,578", "Gross Profit": "3,690,478", "Operating Expense": "2,139,897", "Operating Income": "1,550,581", "Net Non Operating Interest Income Expense": "-189,000", "Other Income Expense": "-49,964", "Pretax Income": "1,311,617", "Tax Provision": "90,856", "Net Income Common Stockholders": "1,220,761", "Diluted NI Available to Com Stockholders": "1,220,761", "Basic EPS": "3.31", "Diluted EPS": "3.28", "Basic Average Shares": "368,633", "Diluted Average Shares": "371,973", "Total Operating Income as Reported": "1,498,244", "Total Expenses": "4,052,475", "Net Income from Continuing & Discontinued Operation": "1,220,761", "Normalized Income": "1,269,487", "Interest Income": "4,305", "Interest Expense": "193,305", "Net Interest Income": "-189,000", "EBIT": "1,504,922", "EBITDA": "-", "Reconciled Cost of Revenue": "1,531,110", "Reconciled Depreciation": "810,923", "Net Income from Continuing Operation Net Minority Interest": "1,220,761", "Total Unusual Items Excluding Goodwill": "-52,337", "Total Unusual Items": "-52,337", "Normalized EBITDA": "2,368,182", "Tax Rate for Calcs": "0", "Tax Effect of Unusual Items": "-3,611"}, "10/31/2019": {"Duration": "10/31/2019", "Total Revenue": "5,991,065", "Cost of Revenue": "1,977,315", "Gross Profit": "4,013,750", "Operating Expense": "2,207,483", "Operating Income": "1,806,267", "Net Non Operating Interest Income Expense": "-218,846", "Other Income Expense": "-101,693", "Pretax Income": "1,485,728", "Tax Provision": "122,717", "Net Income Common Stockholders": "1,359,782", "Diluted NI Available to Com Stockholders": "1,359,782", "Basic EPS": "3.68", "Diluted EPS": "3.65", "Basic Average Shares": "369,133", "Diluted Average Shares": "372,871", "Total Operating Income as Reported": "1,710,608", "Total Expenses": "4,184,798", "Net Income from Continuing & Discontinued Operation": "1,363,011", "Normalized Income": "1,450,730", "Interest Income": "10,229", "Interest Expense": "229,075", "Net Interest Income": "-218,846", "EBIT": "1,714,803", "EBITDA": "-", "Reconciled Cost of Revenue": "1,595,105", "Reconciled Depreciation": "811,251", "Net Income from Continuing Operation Net Minority Interest": "1,363,011", "Total Unusual Items Excluding Goodwill": "-95,659", "Total Unusual Items": "-95,659", "Normalized EBITDA": "2,621,713", "Tax Rate for Calcs": "0", "Tax Effect of Unusual Items": "-7,940"}, "10/31/2018": {"Duration": "10/31/2018", "Total Revenue": "6,200,942", "Cost of Revenue": "1,967,640", "Gross Profit": "4,233,302", "Operating Expense": "2,290,249", "Operating Income": "1,943,053", "Net Non Operating Interest Income Expense": "-244,206", "Other Income Expense": "-60,330", "Pretax Income": "1,638,517", "Tax Provision": "143,085", "Net Income Common Stockholders": "1,489,523", "Diluted NI Available to Com Stockholders": "1,489,523", "Basic EPS": "4.02", "Diluted EPS": "3.97", "Basic Average Shares": "370,430", "Diluted Average Shares": "374,938", "Total Operating Income as Reported": "1,881,735", "Total Expenses": "4,257,889", "Net Income from Continuing & Discontinued Operation": "1,495,432", "Normalized Income": "1,551,415", "Interest Income": "9,383", "Interest Expense": "253,589", "Net Interest Income": "-244,206", "EBIT": "1,892,106", "EBITDA": "-", "Reconciled Cost of Revenue": "1,597,479", "Reconciled Depreciation": "799,063", "Net Income from Continuing Operation Net Minority Interest": "1,495,432", "Total Unusual Items Excluding Goodwill": "-61,318", "Total Unusual Items": "-61,318", "Normalized EBITDA": "2,752,487", "Tax Rate for Calcs": "0", "Tax Effect of Unusual Items": "-5,335"}}, "bs": {"10/31/2020": {"Duration": "10/31/2020", "Total Assets": "21,468,603", "Total Liabilities Net Minority Interest": "9,470,658", "Total Equity Gross Minority Interest": "11,997,945", "Total Capitalization": "17,143,047", "Common Stock Equity": "11,997,945", "Net Tangible Assets": "-3,930,760", "Working Capital": "1,152,702", "Invested Capital": "17,143,047", "Tangible Book Value": "-3,930,760", "Total Debt": "5,145,102", "Net Debt": "4,089,242", "Share Issued": "369,485", "Ordinary Shares Number": "369,485"}, "10/31/2019": {"Duration": "10/31/2019", "Total Assets": "21,392,641", "Total Liabilities Net Minority Interest": "9,683,453", "Total Equity Gross Minority Interest": "11,709,188", "Total Capitalization": "16,901,440", "Common Stock Equity": "11,709,188", "Net Tangible Assets": "-4,764,916", "Working Capital": "476,494", "Invested Capital": "17,201,107", "Tangible Book Value": "-4,764,916", "Total Debt": "5,491,919", "Net Debt": "4,843,597", "Share Issued": "368,302", "Ordinary Shares Number": "368,302"}, "10/31/2018": {"Duration": "10/31/2018", "Total Assets": "20,449,779", "Total Liabilities Net Minority Interest": "9,461,239", "Total Equity Gross Minority Interest": "10,988,540", "Total Capitalization": "17,254,214", "Common Stock Equity": "10,988,540", "Net Tangible Assets": "-6,042,256", "Working Capital": "705,988", "Invested Capital": "17,321,214", "Tangible Book Value": "-6,042,256", "Total Debt": "6,332,674", "Net Debt": "5,516,083", "Share Issued": "370,160", "Ordinary Shares Number": "370,160"}}, "cf": {"TTM": {"Duration": "TTM", "Operating Cash Flow": "2,086,780", "Investing Cash Flow": "-200,862", "Financing Cash Flow": "-1,494,859", "End Cash Position": "1,045,467", "Income Tax Paid Supplemental Data": "-", "Interest Paid Supplemental Data": "-", "Capital Expenditure": "-178,241", "Issuance of Debt": "-", "Repayment of Debt": "-", "Repurchase of Capital Stock": "-295,514", "Free Cash Flow": "1,908,539"}, "10/31/2020": {"Duration": "10/31/2020", "Operating Cash Flow": "2,008,487", "Investing Cash Flow": "-180,523", "Financing Cash Flow": "-1,420,608", "End Cash Position": "1,055,860", "Income Tax Paid Supplemental Data": "-", "Interest Paid Supplemental Data": "-", "Capital Expenditure": "-165,692", "Issuance of Debt": "745,646", "Repayment of Debt": "-1,100,000", "Repurchase of Capital Stock": "-244,487", "Free Cash Flow": "1,842,795"}, "10/31/2019": {"Duration": "10/31/2019", "Operating Cash Flow": "2,253,100", "Investing Cash Flow": "-293,186", "Financing Cash Flow": "-2,126,794", "End Cash Position": "648,322", "Income Tax Paid Supplemental Data": "-", "Interest Paid Supplemental Data": "-", "Capital Expenditure": "-275,372", "Issuance of Debt": "1,325,000", "Repayment of Debt": "-2,175,000", "Repurchase of Capital Stock": "-613,005", "Free Cash Flow": "1,977,728"}, "10/31/2018": {"Duration": "10/31/2018", "Operating Cash Flow": "2,442,361", "Investing Cash Flow": "-313,998", "Financing Cash Flow": "-2,358,042", "End Cash Position": "816,591", "Income Tax Paid Supplemental Data": "211,473", "Interest Paid Supplemental Data": "233,436", "Capital Expenditure": "-254,876", "Issuance of Debt": "743,778", "Repayment of Debt": "-2,275,000", "Repurchase of Capital Stock": "-225,977", "Free Cash Flow": "2,187,485"}}}}, {"AMKR": {"quote": {"05/12/2021": {"value": "18.06", "Market Cap": "4.41B", "Beta (5Y Monthly)": "1.57", "PE Ratio (TTM)": "11.09", "EPS (TTM)": "1.63", "Earnings Date": "Jul 26, 2021 - Jul 30, 2021", "Forward Dividend & Yield": "0.16 (0.84%)", "Ex-Dividend Date": "Feb 22, 2021", "1y Target Est": "21.50"}}, "fin": {"TTM": {"Duration": "TTM", "Total Revenue": "5,224,123", "Cost of Revenue": "4,246,683", "Gross Profit": "977,440", "Operating Expense": "459,820", "Operating Income": "517,620", "Net Non Operating Interest Income Expense": "-56,326", "Other Income Expense": "-12,269", "Pretax Income": "449,025", "Tax Provision": "53,004", "Net Income Common Stockholders": "394,058", "Diluted NI Available to Com Stockholders": "394,058", "Basic EPS": "-", "Diluted EPS": "-", "Basic Average Shares": "-", "Diluted Average Shares": "-", "Total Operating Income as Reported": "517,620", "Total Expenses": "4,706,503", "Net Income from Continuing & Discontinued Operation": "394,058", "Normalized Income": "405,585", "Interest Income": "3,470", "Interest Expense": "59,796", "Net Interest Income": "-56,326", "EBIT": "508,821", "EBITDA": "1,030,950", "Reconciled Cost of Revenue": "4,246,683", "Reconciled Depreciation": "522,129", "Net Income from Continuing Operation Net Minority Interest": "394,058", "Total Unusual Items Excluding Goodwill": "-13,070", "Total Unusual Items": "-13,070", "Normalized EBITDA": "1,044,020", "Tax Rate for Calcs": "0", "Tax Effect of Unusual Items": "-1,543"}, "12/31/2020": {"Duration": "12/31/2020", "Total Revenue": "5,050,589", "Cost of Revenue": "4,149,775", "Gross Profit": "900,814", "Operating Expense": "443,569", "Operating Income": "457,245", "Net Non Operating Interest Income Expense": "-58,719", "Other Income Expense": "-11,844", "Pretax Income": "386,682", "Tax Provision": "46,183", "Net Income Common Stockholders": "338,138", "Diluted NI Available to Com Stockholders": "338,138", "Basic EPS": "1.40", "Diluted EPS": "1.40", "Basic Average Shares": "241,509", "Diluted Average Shares": "242,248", "Total Operating Income as Reported": "457,245", "Total Expenses": "4,593,344", "Net Income from Continuing & Discontinued Operation": "338,138", "Normalized Income": "349,283", "Interest Income": "5,449", "Interest Expense": "64,168", "Net Interest Income": "-58,719", "EBIT": "450,850", "EBITDA": "-", "Reconciled Cost of Revenue": "4,149,775", "Reconciled Depreciation": "510,396", "Net Income from Continuing Operation Net Minority Interest": "338,138", "Total Unusual Items Excluding Goodwill": "-12,650", "Total Unusual Items": "-12,650", "Normalized EBITDA": "973,896", "Tax Rate for Calcs": "0", "Tax Effect of Unusual Items": "-1,505"}, "12/31/2019": {"Duration": "12/31/2019", "Total Revenue": "4,052,650", "Cost of Revenue": "3,403,211", "Gross Profit": "649,439", "Operating Expense": "419,571", "Operating Income": "229,868", "Net Non Operating Interest Income Expense": "-64,932", "Other Income Expense": "-5,126", "Pretax Income": "159,810", "Tax Provision": "37,182", "Net Income Common Stockholders": "120,888", "Diluted NI Available to Com Stockholders": "120,888", "Basic EPS": "0.50", "Diluted EPS": "0.50", "Basic Average Shares": "239,725", "Diluted Average Shares": "240,122", "Total Operating Income as Reported": "233,170", "Total Expenses": "3,822,782", "Net Income from Continuing & Discontinued Operation": "120,888", "Normalized Income": "126,394", "Interest Income": "6,655", "Interest Expense": "71,587", "Net Interest Income": "-64,932", "EBIT": "231,397", "EBITDA": "-", "Reconciled Cost of Revenue": "3,403,211", "Reconciled Depreciation": "524,177", "Net Income from Continuing Operation Net Minority Interest": "120,888", "Total Unusual Items Excluding Goodwill": "-7,178", "Total Unusual Items": "-7,178", "Normalized EBITDA": "762,752", "Tax Rate for Calcs": "0", "Tax Effect of Unusual Items": "-1,672"}, "12/31/2018": {"Duration": "12/31/2018", "Total Revenue": "4,316,466", "Cost of Revenue": "3,605,901", "Gross Profit": "710,565", "Operating Expense": "452,421", "Operating Income": "258,144", "Net Non Operating Interest Income Expense": "-74,813", "Other Income Expense": "2,484", "Pretax Income": "185,815", "Tax Provision": "56,250", "Net Income Common Stockholders": "127,092", "Diluted NI Available to Com Stockholders": "127,092", "Basic EPS": "0.53", "Diluted EPS": "0.53", "Basic Average Shares": "239,329", "Diluted Average Shares": "239,741", "Total Operating Income as Reported": "258,144", "Total Expenses": "4,058,322", "Net Income from Continuing & Discontinued Operation": "127,092", "Normalized Income": "129,157", "Interest Income": "4,133", "Interest Expense": "78,946", "Net Interest Income": "-74,813", "EBIT": "264,761", "EBITDA": "-", "Reconciled Cost of Revenue": "3,605,901", "Reconciled Depreciation": "571,961", "Net Income from Continuing Operation Net Minority Interest": "127,092", "Total Unusual Items Excluding Goodwill": "-2,963", "Total Unusual Items": "-2,963", "Normalized EBITDA": "839,685", "Tax Rate for Calcs": "0", "Tax Effect of Unusual Items": "-897.789"}}, "bs": {"12/31/2020": {"Duration": "12/31/2020", "Total Assets": "5,022,311", "Total Liabilities Net Minority Interest": "2,668,352", "Total Equity Gross Minority Interest": "2,353,959", "Total Capitalization": "3,331,038", "Common Stock Equity": "2,325,699", "Capital Lease Obligations": "146,802", "Net Tangible Assets": "2,298,374", "Working Capital": "816,945", "Invested Capital": "3,480,045", "Tangible Book Value": "2,298,374", "Total Debt": "1,301,148", "Net Debt": "456,344", "Share Issued": "288,923", "Ordinary Shares Number": "242,829", "Treasury Shares Number": "46,094"}, "12/31/2019": {"Duration": "12/31/2019", "Total Assets": "4,695,615", "Total Liabilities Net Minority Interest": "2,705,376", "Total Equity Gross Minority Interest": "1,990,239", "Total Capitalization": "3,269,494", "Common Stock Equity": "1,963,739", "Capital Lease Obligations": "141,200", "Net Tangible Assets": "1,937,763", "Working Capital": "941,730", "Invested Capital": "3,413,973", "Tangible Book Value": "1,937,763", "Total Debt": "1,591,434", "Net Debt": "555,286", "Share Issued": "286,877", "Ordinary Shares Number": "240,805", "Treasury Shares Number": "46,072"}, "12/31/2018": {"Duration": "12/31/2018", "Total Assets": "4,495,447", "Total Liabilities Net Minority Interest": "2,639,547", "Total Equity Gross Minority Interest": "1,855,900", "Total Capitalization": "3,048,272", "Common Stock Equity": "1,830,540", "Capital Lease Obligations": "-", "Net Tangible Assets": "1,777,975", "Working Capital": "512,785", "Invested Capital": "3,162,851", "Tangible Book Value": "1,777,975", "Total Debt": "1,332,311", "Net Debt": "650,742", "Share Issued": "285,352", "Ordinary Shares Number": "239,385", "Treasury Shares Number": "45,967"}}, "cf": {"TTM": {"Duration": "TTM", "Operating Cash Flow": "850,232", "Investing Cash Flow": "-698,485", "Financing Cash Flow": "-438,258", "End Cash Position": "658,813", "Income Tax Paid Supplemental Data": "-", "Interest Paid Supplemental Data": "-", "Capital Expenditure": "-607,484", "Issuance of Capital Stock": "-", "Issuance of Debt": "544,395", "Repayment of Debt": "-984,321", "Free Cash Flow": "242,748"}, "12/31/2020": {"Duration": "12/31/2020", "Operating Cash Flow": "770,033", "Investing Cash Flow": "-638,705", "Financing Cash Flow": "-333,719", "End Cash Position": "702,197", "Income Tax Paid Supplemental Data": "43,404", "Interest Paid Supplemental Data": "61,295", "Capital Expenditure": "-553,021", "Issuance of Capital Stock": "17,611", "Issuance of Debt": "729,802", "Repayment of Debt": "-1,077,718", "Free Cash Flow": "217,012"}, "12/31/2019": {"Duration": "12/31/2019", "Operating Cash Flow": "563,850", "Investing Cash Flow": "-462,489", "Financing Cash Flow": "108,250", "End Cash Position": "898,532", "Income Tax Paid Supplemental Data": "44,495", "Interest Paid Supplemental Data": "65,992", "Capital Expenditure": "-472,433", "Issuance of Capital Stock": "11,405", "Issuance of Debt": "1,299,709", "Repayment of Debt": "-1,194,836", "Free Cash Flow": "91,417"}, "12/31/2018": {"Duration": "12/31/2018", "Operating Cash Flow": "663,410", "Investing Cash Flow": "-537,383", "Financing Cash Flow": "-40,623", "End Cash Position": "688,051", "Income Tax Paid Supplemental Data": "63,080", "Interest Paid Supplemental Data": "77,575", "Capital Expenditure": "-547,122", "Issuance of Capital Stock": "1,050", "Issuance of Debt": "619,567", "Repayment of Debt": "-661,299", "Free Cash Flow": "116,288"}}}}, {"AAOI": {"quote": {"05/12/2021": {"value": "7.13", "Market Cap": "191.527M", "Beta (5Y Monthly)": "1.76", "PE Ratio (TTM)": "N/A", "EPS (TTM)": "-2.44", "Earnings Date": "Aug 04, 2021 - Aug 09, 2021", "Forward Dividend & Yield": "N/A (N/A)", "Ex-Dividend Date": "N/A", "1y Target Est": "15.69"}}, "fin": {"TTM": {"Duration": "TTM", "Total Revenue": "234,623", "Cost of Revenue": "184,082", "Gross Profit": "50,541", "Operating Expense": "96,675", "Operating Income": "-46,134", "Net Non Operating Interest Income Expense": "-5,380", "Other Income Expense": "290", "Pretax Income": "-51,224", "Tax Provision": "7,228", "Net Income Common Stockholders": "-58,452", "Diluted NI Available to Com Stockholders": "-58,452", "Basic EPS": "-", "Diluted EPS": "-", "Basic Average Shares": "-", "Diluted Average Shares": "-", "Total Operating Income as Reported": "-48,842", "Total Expenses": "280,757", "Net Income from Continuing & Discontinued Operation": "-58,452", "Normalized Income": "-58,442", "Interest Income": "255", "Interest Expense": "5,635", "Net Interest Income": "-5,380", "EBIT": "-45,589", "EBITDA": "-20,856", "Reconciled Cost of Revenue": "184,082", "Reconciled Depreciation": "24,733", "Net Income from Continuing Operation Net Minority Interest": "-58,452", "Total Unusual Items Excluding Goodwill": "-14", "Total Unusual Items": "-14", "Normalized EBITDA": "-20,842", "Tax Rate for Calcs": "0", "Tax Effect of Unusual Items": "-3.78"}, "12/31/2020": {"Duration": "12/31/2020", "Total Revenue": "234,623", "Cost of Revenue": "184,082", "Gross Profit": "50,541", "Operating Expense": "96,675", "Operating Income": "-46,134", "Net Non Operating Interest Income Expense": "-5,380", "Other Income Expense": "290", "Pretax Income": "-51,224", "Tax Provision": "7,228", "Net Income Common Stockholders": "-58,452", "Diluted NI Available to Com Stockholders": "-58,452", "Basic EPS": "-", "Diluted EPS": "-", "Basic Average Shares": "-", "Diluted Average Shares": "-", "Total Operating Income as Reported": "-48,842", "Total Expenses": "280,757", "Net Income from Continuing & Discontinued Operation": "-58,452", "Normalized Income": "-58,442", "Interest Income": "255", "Interest Expense": "5,635", "Net Interest Income": "-5,380", "EBIT": "-45,589", "EBITDA": "-", "Reconciled Cost of Revenue": "184,082", "Reconciled Depreciation": "24,733", "Net Income from Continuing Operation Net Minority Interest": "-58,452", "Total Unusual Items Excluding Goodwill": "-14", "Total Unusual Items": "-14", "Normalized EBITDA": "-20,842", "Tax Rate for Calcs": "0", "Tax Effect of Unusual Items": "-3.78"}, "12/31/2019": {"Duration": "12/31/2019", "Total Revenue": "190,872", "Cost of Revenue": "144,671", "Gross Profit": "46,201", "Operating Expense": "93,334", "Operating Income": "-47,133", "Net Non Operating Interest Income Expense": "-4,480", "Other Income Expense": "226", "Pretax Income": "-51,387", "Tax Provision": "14,662", "Net Income Common Stockholders": "-66,049", "Diluted NI Available to Com Stockholders": "-66,049", "Basic EPS": "-3.31", "Diluted EPS": "-3.31", "Basic Average Shares": "19,982", "Diluted Average Shares": "19,982", "Total Operating Income as Reported": "-48,747", "Total Expenses": "238,005", "Net Income from Continuing & Discontinued Operation": "-66,049", "Normalized Income": "-66,054", "Interest Income": "925", "Interest Expense": "5,405", "Net Interest Income": "-4,480", "EBIT": "-45,982", "EBITDA": "-", "Reconciled Cost of Revenue": "144,671", "Reconciled Depreciation": "24,014", "Net Income from Continuing Operation Net Minority Interest": "-66,049", "Total Unusual Items Excluding Goodwill": "7", "Total Unusual Items": "7", "Normalized EBITDA": "-21,975", "Tax Rate for Calcs": "0", "Tax Effect of Unusual Items": "1.995"}, "12/31/2018": {"Duration": "12/31/2018", "Total Revenue": "267,465", "Cost of Revenue": "179,692", "Gross Profit": "87,773", "Operating Expense": "97,607", "Operating Income": "-9,834", "Net Non Operating Interest Income Expense": "-824", "Other Income Expense": "880", "Pretax Income": "-9,778", "Tax Provision": "-7,632", "Net Income Common Stockholders": "-2,146", "Diluted NI Available to Com Stockholders": "-2,146", "Basic EPS": "-0.11", "Diluted EPS": "-0.11", "Basic Average Shares": "19,647", "Diluted Average Shares": "19,647", "Total Operating Income as Reported": "-10,768", "Total Expenses": "277,299", "Net Income from Continuing & Discontinued Operation": "-2,146", "Normalized Income": "-2,625", "Interest Income": "282", "Interest Expense": "1,106", "Net Interest Income": "-824", "EBIT": "-8,672", "EBITDA": "-", "Reconciled Cost of Revenue": "179,692", "Reconciled Depreciation": "29,698", "Net Income from Continuing Operation Net Minority Interest": "-2,146", "Total Unusual Items Excluding Goodwill": "656", "Total Unusual Items": "656", "Normalized EBITDA": "20,370", "Tax Rate for Calcs": "0", "Tax Effect of Unusual Items": "177.12"}}, "bs": {"12/31/2020": {"Duration": "12/31/2020", "Total Assets": "480,805", "Total Liabilities Net Minority Interest": "202,914", "Total Equity Gross Minority Interest": "277,891", "Total Capitalization": "369,649", "Common Stock Equity": "277,891", "Capital Lease Obligations": "9,038", "Net Tangible Assets": "268,038", "Working Capital": "106,021", "Invested Capital": "423,774", "Tangible Book Value": "268,038", "Total Debt": "154,921", "Net Debt": "102,458", "Share Issued": "25,110", "Ordinary Shares Number": "25,110"}, "12/31/2019": {"Duration": "12/31/2019", "Total Assets": "466,825", "Total Liabilities Net Minority Interest": "193,031", "Total Equity Gross Minority Interest": "273,794", "Total Capitalization": "367,387", "Common Stock Equity": "273,794", "Capital Lease Obligations": "9,065", "Net Tangible Assets": "264,115", "Working Capital": "101,449", "Invested Capital": "407,068", "Tangible Book Value": "264,115", "Total Debt": "142,339", "Net Debt": "73,297", "Share Issued": "20,140", "Ordinary Shares Number": "20,140"}, "12/31/2018": {"Duration": "12/31/2018", "Total Assets": "466,840", "Total Liabilities Net Minority Interest": "137,746", "Total Equity Gross Minority Interest": "329,094", "Total Capitalization": "389,422", "Common Stock Equity": "329,094", "Capital Lease Obligations": "-", "Net Tangible Assets": "319,303", "Working Capital": "116,857", "Invested Capital": "417,639", "Tangible Book Value": "319,303", "Total Debt": "88,545", "Net Debt": "32,899", "Share Issued": "19,810", "Ordinary Shares Number": "19,810"}}, "cf": {"TTM": {"Duration": "TTM", "Operating Cash Flow": "-44,009", "Investing Cash Flow": "-19,347", "Financing Cash Flow": "47,441", "End Cash Position": "50,114", "Income Tax Paid Supplemental Data": "-", "Interest Paid Supplemental Data": "4,971", "Capital Expenditure": "-19,563", "Issuance of Capital Stock": "39,203", "Issuance of Debt": "141,917", "Repayment of Debt": "-132,612", "Free Cash Flow": "-63,572"}, "12/31/2020": {"Duration": "12/31/2020", "Operating Cash Flow": "-44,009", "Investing Cash Flow": "-19,347", "Financing Cash Flow": "47,441", "End Cash Position": "50,114", "Income Tax Paid Supplemental Data": "-", "Interest Paid Supplemental Data": "4,971", "Capital Expenditure": "-19,563", "Issuance of Capital Stock": "39,203", "Issuance of Debt": "141,917", "Repayment of Debt": "-132,612", "Free Cash Flow": "-63,572"}, "12/31/2019": {"Duration": "12/31/2019", "Operating Cash Flow": "-1,754", "Investing Cash Flow": "-32,116", "Financing Cash Flow": "42,596", "End Cash Position": "67,028", "Income Tax Paid Supplemental Data": "-", "Interest Paid Supplemental Data": "3,172", "Capital Expenditure": "-32,117", "Issuance of Capital Stock": "-", "Issuance of Debt": "187,095", "Repayment of Debt": "-143,616", "Free Cash Flow": "-33,871"}, "12/31/2018": {"Duration": "12/31/2018", "Operating Cash Flow": "14,029", "Investing Cash Flow": "-76,514", "Financing Cash Flow": "34,803", "End Cash Position": "58,004", "Income Tax Paid Supplemental Data": "8,470", "Interest Paid Supplemental Data": "848", "Capital Expenditure": "-77,247", "Issuance of Capital Stock": "0", "Issuance of Debt": "207,522", "Repayment of Debt": "-168,702", "Free Cash Flow": "-63,218"}}}}, {"AXTI": {"quote": {"05/12/2021": {"value": "8.71", "Market Cap": "367.443M", "Beta (5Y Monthly)": "2.29", "PE Ratio (TTM)": "54.44", "EPS (TTM)": "0.16", "Earnings Date": "Jul 20, 2021 - Jul 26, 2021", "Forward Dividend & Yield": "N/A (N/A)", "Ex-Dividend Date": "N/A", "1y Target Est": "15.88"}}, "fin": {"TTM": {"Duration": "TTM", "Total Revenue": "105,988", "Cost of Revenue": "69,699", "Gross Profit": "36,289", "Operating Expense": "24,354", "Operating Income": "11,935", "Net Non Operating Interest Income Expense": "-200", "Other Income Expense": "-735", "Pretax Income": "11,000", "Tax Provision": "2,411", "Net Income Common Stockholders": "6,708", "Diluted NI Available to Com Stockholders": "6,708", "Basic EPS": "-", "Diluted EPS": "-", "Basic Average Shares": "-", "Diluted Average Shares": "-", "Total Operating Income as Reported": "8,135", "Total Expenses": "94,053", "Net Income from Continuing & Discontinued Operation": "6,841", "Normalized Income": "7,162", "Interest Income": "-", "Net Interest Income": "-200", "EBIT": "12,935", "EBITDA": "12,935", "Reconciled Cost of Revenue": "69,699", "Reconciled Depreciation": "-", "Net Income from Continuing Operation Net Minority Interest": "6,841", "Total Unusual Items Excluding Goodwill": "-411", "Total Unusual Items": "-411", "Normalized EBITDA": "13,346", "Tax Rate for Calcs": "0", "Tax Effect of Unusual Items": "-90.0837"}, "12/31/2020": {"Duration": "12/31/2020", "Total Revenue": "95,361", "Cost of Revenue": "65,086", "Gross Profit": "30,275", "Operating Expense": "22,535", "Operating Income": "7,740", "Net Non Operating Interest Income Expense": "-179", "Other Income Expense": "-489", "Pretax Income": "7,072", "Tax Provision": "2,031", "Net Income Common Stockholders": "3,061", "Diluted NI Available to Com Stockholders": "3,061", "Basic EPS": "0.08", "Diluted EPS": "0.07", "Basic Average Shares": "40,152", "Diluted Average Shares": "41,025", "Total Operating Income as Reported": "3,940", "Total Expenses": "87,621", "Net Income from Continuing & Discontinued Operation": "3,238", "Normalized Income": "3,531", "Interest Income": "-", "Net Interest Income": "-179", "EBIT": "7,740", "EBITDA": "-", "Reconciled Cost of Revenue": "65,086", "Reconciled Depreciation": "4,333", "Net Income from Continuing Operation Net Minority Interest": "3,238", "Total Unusual Items Excluding Goodwill": "-411", "Total Unusual Items": "-411", "Normalized EBITDA": "12,484", "Tax Rate for Calcs": "0", "Tax Effect of Unusual Items": "-117.957"}, "12/31/2019": {"Duration": "12/31/2019", "Total Revenue": "83,256", "Cost of Revenue": "58,431", "Gross Profit": "24,825", "Operating Expense": "24,331", "Operating Income": "494", "Net Non Operating Interest Income Expense": "217", "Other Income Expense": "-1,737", "Pretax Income": "-1,026", "Tax Provision": "562", "Net Income Common Stockholders": "-2,777", "Diluted NI Available to Com Stockholders": "-2,777", "Basic EPS": "-0.07", "Diluted EPS": "-0.07", "Basic Average Shares": "39,487", "Diluted Average Shares": "39,487", "Total Operating Income as Reported": "-314", "Total Expenses": "82,762", "Net Income from Continuing & Discontinued Operation": "-2,600", "Normalized Income": "-2,834", "Interest Income": "217", "Net Interest Income": "217", "EBIT": "494", "EBITDA": "-", "Reconciled Cost of Revenue": "58,431", "Reconciled Depreciation": "5,531", "Net Income from Continuing Operation Net Minority Interest": "-2,600", "Total Unusual Items Excluding Goodwill": "321", "Total Unusual Items": "321", "Normalized EBITDA": "5,704", "Tax Rate for Calcs": "0", "Tax Effect of Unusual Items": "86.67"}, "12/31/2018": {"Duration": "12/31/2018", "Total Revenue": "102,397", "Cost of Revenue": "65,350", "Gross Profit": "37,047", "Operating Expense": "24,900", "Operating Income": "12,147", "Net Non Operating Interest Income Expense": "528", "Other Income Expense": "-728", "Pretax Income": "11,947", "Tax Provision": "938", "Net Income Common Stockholders": "9,477", "Diluted NI Available to Com Stockholders": "9,477", "Basic EPS": "0.24", "Diluted EPS": "0.24", "Basic Average Shares": "39,049", "Diluted Average Shares": "40,265", "Total Operating Income as Reported": "12,147", "Total Expenses": "90,250", "Net Income from Continuing & Discontinued Operation": "9,654", "Normalized Income": "9,502", "Interest Income": "528", "Net Interest Income": "528", "EBIT": "12,147", "EBITDA": "-", "Reconciled Cost of Revenue": "65,350", "Reconciled Depreciation": "4,871", "Net Income from Continuing Operation Net Minority Interest": "9,654", "Total Unusual Items Excluding Goodwill": "165", "Total Unusual Items": "165", "Normalized EBITDA": "16,853", "Tax Rate for Calcs": "0", "Tax Effect of Unusual Items": "13.035"}}, "bs": {"12/31/2020": {"Duration": "12/31/2020", "Total Assets": "298,862", "Total Liabilities Net Minority Interest": "90,893", "Total Equity Gross Minority Interest": "207,969", "Total Capitalization": "192,619", "Preferred Stock Equity": "3,532", "Common Stock Equity": "189,087", "Capital Lease Obligations": "2,819", "Net Tangible Assets": "190,937", "Working Capital": "125,443", "Invested Capital": "199,498", "Tangible Book Value": "187,405", "Total Debt": "13,230", "Share Issued": "41,967", "Ordinary Shares Number": "41,967", "Preferred Shares Number": "883"}, "12/31/2019": {"Duration": "12/31/2019", "Total Assets": "223,349", "Total Liabilities Net Minority Interest": "30,587", "Total Equity Gross Minority Interest": "192,762", "Total Capitalization": "187,885", "Preferred Stock Equity": "3,532", "Common Stock Equity": "184,353", "Capital Lease Obligations": "3,014", "Net Tangible Assets": "186,761", "Working Capital": "85,679", "Invested Capital": "190,100", "Tangible Book Value": "183,229", "Total Debt": "8,761", "Share Issued": "40,632", "Ordinary Shares Number": "40,632", "Preferred Shares Number": "883"}, "12/31/2018": {"Duration": "12/31/2018", "Total Assets": "223,524", "Total Liabilities Net Minority Interest": "28,992", "Total Equity Gross Minority Interest": "194,532", "Total Capitalization": "190,835", "Preferred Stock Equity": "3,532", "Common Stock Equity": "187,303", "Capital Lease Obligations": "-", "Net Tangible Assets": "189,787", "Working Capital": "99,831", "Invested Capital": "187,303", "Tangible Book Value": "186,255", "Total Debt": "-", "Share Issued": "39,985", "Ordinary Shares Number": "39,985", "Preferred Shares Number": "883"}}, "cf": {"TTM": {"Duration": "TTM", "Operating Cash Flow": "-", "Investing Cash Flow": "-", "Financing Cash Flow": "-", "End Cash Position": "-", "Income Tax Paid Supplemental Data": "-", "Capital Expenditure": "-", "Issuance of Capital Stock": "-", "Issuance of Debt": "-", "Repayment of Debt": "-", "Repurchase of Capital Stock": "-", "Free Cash Flow": "-"}, "12/31/2020": {"Duration": "12/31/2020", "Operating Cash Flow": "5,865", "Investing Cash Flow": "-16,422", "Financing Cash Flow": "52,662", "End Cash Position": "72,602", "Income Tax Paid Supplemental Data": "1,959", "Capital Expenditure": "-19,855", "Issuance of Capital Stock": "47,563", "Issuance of Debt": "10,401", "Repayment of Debt": "-5,996", "Repurchase of Capital Stock": "-", "Free Cash Flow": "-13,990"}, "12/31/2019": {"Duration": "12/31/2019", "Operating Cash Flow": "12,658", "Investing Cash Flow": "-8,328", "Financing Cash Flow": "6,186", "End Cash Position": "26,892", "Income Tax Paid Supplemental Data": "749", "Capital Expenditure": "-21,792", "Issuance of Capital Stock": "366", "Issuance of Debt": "5,814", "Repayment of Debt": "-", "Repurchase of Capital Stock": "-", "Free Cash Flow": "-9,134"}, "12/31/2018": {"Duration": "12/31/2018", "Operating Cash Flow": "3,218", "Investing Cash Flow": "-30,827", "Financing Cash Flow": "213", "End Cash Position": "16,526", "Income Tax Paid Supplemental Data": "1,134", "Capital Expenditure": "-40,539", "Issuance of Capital Stock": "628", "Issuance of Debt": "-", "Repayment of Debt": "-", "Repurchase of Capital Stock": "-", "Free Cash Flow": "-37,321"}}}}, {"TSM": {"quote": {"05/12/2021": {"value": "108.21", "Market Cap": "511.016B", "Beta (5Y Monthly)": "1.01", "PE Ratio (TTM)": "28.82", "EPS (TTM)": "3.76", "Earnings Date": "N/A", "Forward Dividend & Yield": "1.75 (1.55%)", "Ex-Dividend Date": "Mar 17, 2021", "1y Target Est": "135.22"}}, "fin": {"TTM": {"Duration": "TTM", "Total Revenue": "1,339,238,500", "Cost of Revenue": "628,108,400", "Gross Profit": "711,130,100", "Operating Expense": "144,346,400", "Operating Income": "566,783,700", "Net Non Operating Interest Income Expense": "6,936,900", "Other Income Expense": "11,025,700", "Pretax Income": "584,746,300", "Tax Provision": "73,738,300", "Net Income Common Stockholders": "510,744,000", "Average Dilution Earnings": "-", "Diluted NI Available to Com Stockholders": "510,744,000", "Basic EPS": "-", "Diluted EPS": "-", "Basic Average Shares": "-", "Diluted Average Shares": "-", "Total Operating Income as Reported": "566,783,700", "Total Expenses": "772,454,800", "Net Income from Continuing & Discontinued Operation": "510,744,000", "Normalized Income": "505,171,247", "Interest Income": "9,018,400", "Interest Expense": "2,081,500", "Net Interest Income": "6,936,900", "EBIT": "586,827,800", "EBITDA": "918,552,400", "Reconciled Cost of Revenue": "628,108,400", "Reconciled Depreciation": "331,724,600", "Net Income from Continuing Operation Net Minority Interest": "510,744,000", "Total Unusual Items Excluding Goodwill": "6,376,900", "Total Unusual Items": "6,376,900", "Normalized EBITDA": "912,175,500", "Tax Rate for Calcs": "0", "Tax Effect of Unusual Items": "804,147"}, "12/31/2020": {"Duration": "12/31/2020", "Total Revenue": "1,339,238,500", "Cost of Revenue": "628,108,400", "Gross Profit": "711,130,100", "Operating Expense": "144,346,400", "Operating Income": "566,783,700", "Net Non Operating Interest Income Expense": "6,936,900", "Other Income Expense": "11,025,700", "Pretax Income": "584,746,300", "Tax Provision": "73,738,300", "Net Income Common Stockholders": "510,744,000", "Average Dilution Earnings": "-", "Diluted NI Available to Com Stockholders": "510,744,000", "Basic EPS": "-", "Diluted EPS": "-", "Basic Average Shares": "-", "Diluted Average Shares": "-", "Total Operating Income as Reported": "566,783,700", "Total Expenses": "772,454,800", "Net Income from Continuing & Discontinued Operation": "510,744,000", "Normalized Income": "505,171,247", "Interest Income": "9,018,400", "Interest Expense": "2,081,500", "Net Interest Income": "6,936,900", "EBIT": "586,827,800", "EBITDA": "-", "Reconciled Cost of Revenue": "628,108,400", "Reconciled Depreciation": "331,724,600", "Net Income from Continuing Operation Net Minority Interest": "510,744,000", "Total Unusual Items Excluding Goodwill": "6,376,900", "Total Unusual Items": "6,376,900", "Normalized EBITDA": "912,175,500", "Tax Rate for Calcs": "0", "Tax Effect of Unusual Items": "804,147"}, "12/31/2019": {"Duration": "12/31/2019", "Total Revenue": "1,069,988,800", "Cost of Revenue": "577,286,900", "Gross Profit": "492,701,900", "Operating Expense": "119,352,200", "Operating Income": "373,349,700", "Net Non Operating Interest Income Expense": "12,938,500", "Other Income Expense": "3,573,900", "Pretax Income": "389,862,100", "Tax Provision": "35,835,100", "Net Income Common Stockholders": "353,948,000", "Average Dilution Earnings": "-", "Diluted NI Available to Com Stockholders": "353,948,000", "Basic EPS": "66.60", "Diluted EPS": "66.60", "Basic Average Shares": "5,186,076", "Diluted Average Shares": "5,186,076", "Total Operating Income as Reported": "372,701,100", "Total Expenses": "696,639,100", "Net Income from Continuing & Discontinued Operation": "353,948,000", "Normalized Income": "353,904,594", "Interest Income": "16,189,400", "Interest Expense": "3,250,900", "Net Interest Income": "12,938,500", "EBIT": "393,113,000", "EBITDA": "-", "Reconciled Cost of Revenue": "577,286,900", "Reconciled Depreciation": "286,884,200", "Net Income from Continuing Operation Net Minority Interest": "353,948,000", "Total Unusual Items Excluding Goodwill": "47,800", "Total Unusual Items": "47,800", "Normalized EBITDA": "679,949,400", "Tax Rate for Calcs": "0", "Tax Effect of Unusual Items": "4,394"}, "12/31/2018": {"Duration": "12/31/2018", "Total Revenue": "1,031,361,800", "Cost of Revenue": "533,487,500", "Gross Profit": "497,874,300", "Operating Expense": "112,821,700", "Operating Income": "385,052,600", "Net Non Operating Interest Income Expense": "11,643,300", "Other Income Expense": "847,300", "Pretax Income": "397,543,100", "Tax Provision": "34,436,900", "Net Income Common Stockholders": "363,052,700", "Average Dilution Earnings": "-", "Diluted NI Available to Com Stockholders": "363,052,700", "Basic EPS": "67.70", "Diluted EPS": "67.70", "Basic Average Shares": "5,186,076", "Diluted Average Shares": "5,186,076", "Total Operating Income as Reported": "383,623,500", "Total Expenses": "646,309,200", "Net Income from Continuing & Discontinued Operation": "363,052,700", "Normalized Income": "364,984,855", "Interest Income": "14,694,400", "Interest Expense": "3,051,100", "Net Interest Income": "11,643,300", "EBIT": "400,594,200", "EBITDA": "-", "Reconciled Cost of Revenue": "533,487,500", "Reconciled Depreciation": "292,546,300", "Net Income from Continuing Operation Net Minority Interest": "363,052,700", "Total Unusual Items Excluding Goodwill": "-2,115,400", "Total Unusual Items": "-2,115,400", "Normalized EBITDA": "695,255,900", "Tax Rate for Calcs": "0", "Tax Effect of Unusual Items": "-183,245"}}, "bs": {"12/31/2020": {"Duration": "12/31/2020", "Total Assets": "2,760,600,500", "Total Liabilities Net Minority Interest": "924,836,700", "Total Equity Gross Minority Interest": "1,835,763,800", "Total Capitalization": "2,090,884,000", "Common Stock Equity": "1,834,811,300", "Capital Lease Obligations": "20,560,600", "Net Tangible Assets": "1,809,043,200", "Working Capital": "460,286,900", "Invested Capital": "2,182,043,000", "Tangible Book Value": "1,809,043,200", "Total Debt": "367,792,300", "Share Issued": "25,930,380", "Ordinary Shares Number": "25,930,380"}, "12/31/2019": {"Duration": "12/31/2019", "Total Assets": "2,264,725,000", "Total Liabilities Net Minority Interest": "650,337,700", "Total Equity Gross Minority Interest": "1,614,387,300", "Total Capitalization": "1,638,805,600", "Common Stock Equity": "1,613,705,600", "Capital Lease Obligations": "15,041,800", "Net Tangible Assets": "1,593,052,600", "Working Capital": "224,250,100", "Invested Capital": "1,789,127,900", "Tangible Book Value": "1,593,052,600", "Total Debt": "190,464,100", "Share Issued": "25,930,380", "Ordinary Shares Number": "25,930,380"}, "12/31/2018": {"Duration": "12/31/2018", "Total Assets": "2,090,031,200", "Total Liabilities Net Minority Interest": "428,926,100", "Total Equity Gross Minority Interest": "1,661,105,100", "Total Capitalization": "1,717,328,800", "Common Stock Equity": "1,660,428,800", "Capital Lease Obligations": "-", "Net Tangible Assets": "1,643,426,700", "Working Capital": "594,842,600", "Invested Capital": "1,840,983,500", "Tangible Book Value": "1,643,426,700", "Total Debt": "180,554,700", "Share Issued": "25,930,380", "Ordinary Shares Number": "25,930,380"}}, "cf": {"TTM": {"Duration": "TTM", "Operating Cash Flow": "822,666,200", "Investing Cash Flow": "-505,781,700", "Financing Cash Flow": "-88,615,100", "End Cash Position": "660,170,600", "Capital Expenditure": "-516,781,100", "Issuance of Debt": "246,211,000", "Repayment of Debt": "-73,487,300", "Free Cash Flow": "305,885,100"}, "12/31/2020": {"Duration": "12/31/2020", "Operating Cash Flow": "822,666,200", "Investing Cash Flow": "-505,781,700", "Financing Cash Flow": "-88,615,100", "End Cash Position": "660,170,600", "Capital Expenditure": "-516,781,100", "Issuance of Debt": "246,211,000", "Repayment of Debt": "-73,487,300", "Free Cash Flow": "305,885,100"}, "12/31/2019": {"Duration": "12/31/2019", "Operating Cash Flow": "615,138,700", "Investing Cash Flow": "-458,801,600", "Financing Cash Flow": "-269,638,200", "End Cash Position": "455,399,300", "Capital Expenditure": "-469,752,100", "Issuance of Debt": "31,804,300", "Repayment of Debt": "-37,830,600", "Free Cash Flow": "145,386,600"}, "12/31/2018": {"Duration": "12/31/2018", "Operating Cash Flow": "573,954,300", "Investing Cash Flow": "-314,268,900", "Financing Cash Flow": "-245,124,800", "End Cash Position": "577,814,600", "Capital Expenditure": "-322,682,200", "Issuance of Debt": "23,923,000", "Repayment of Debt": "-58,024,900", "Free Cash Flow": "251,272,100"}}}}, {"MSCC": {"quote": {"03/28/2021": {"value": "", "Net Assets": "N/A", "Beta (5Y Monthly)": "N/A", "Yield": "N/A", "5y Average Return": "N/A", "Holdings Turnover": "N/A", "Last Dividend": "N/A", "Average for Category": "N/A", "Inception Date": "N/A"}}}}, {"EMKR": {"quote": {"03/28/2021": {"value": "5.83", "Market Cap": "212.433M", "Beta (5Y Monthly)": "1.34", "PE Ratio (TTM)": "N/A", "EPS (TTM)": "-0.11", "Earnings Date": "Feb 04, 2021", "Forward Dividend & Yield": "N/A (N/A)", "Ex-Dividend Date": "Jul 14, 2016", "1y Target Est": "8.67"}}}}, {"SQNS": {"quote": {"03/28/2021": {"value": "5.97", "Market Cap": "199.896M", "Beta (5Y Monthly)": "0.89", "PE Ratio (TTM)": "N/A", "EPS (TTM)": "-1.96", "Earnings Date": "Feb 09, 2021", "Forward Dividend & Yield": "N/A (N/A)", "Ex-Dividend Date": "N/A", "1y Target Est": "12.60"}}}}, {"SMTC": {"quote": {"03/28/2021": {"value": "68.02", "Market Cap": "4.438B", "Beta (5Y Monthly)": "1.73", "PE Ratio (TTM)": "74.75", "EPS (TTM)": "0.91", "Earnings Date": "May 25, 2021 - May 31, 2021", "Forward Dividend & Yield": "N/A (N/A)", "Ex-Dividend Date": "Sep 05, 1980", "1y Target Est": "83.67"}}}}, {"QUIK": {"quote": {"03/28/2021": {"value": "7.30", "Market Cap": "82.273M", "Beta (5Y Monthly)": "2.34", "PE Ratio (TTM)": "N/A", "EPS (TTM)": "-1.14", "Earnings Date": "Feb 17, 2021", "Forward Dividend & Yield": "N/A (N/A)", "Ex-Dividend Date": "N/A", "1y Target Est": "7.67"}}}}, {"CCMP": {"quote": {"05/12/2021": {"value": "144.36", "Market Cap": "4.223B", "Beta (5Y Monthly)": "1.17", "PE Ratio (TTM)": "N/A", "EPS (TTM)": "-1.62", "Earnings Date": "Aug 03, 2021 - Aug 09, 2021", "Forward Dividend & Yield": "1.84 (1.20%)", "Ex-Dividend Date": "Mar 22, 2021", "1y Target Est": "186.60"}}, "fin": {"TTM": {"Duration": "TTM", "Total Revenue": "1,120,990", "Cost of Revenue": "638,167", "Gross Profit": "482,823", "Operating Expense": "270,480", "Operating Income": "212,343", "Net Non Operating Interest Income Expense": "-39,820", "Other Income Expense": "-9,530", "Pretax Income": "162,993", "Tax Provision": "27,184", "Net Income Common Stockholders": "135,809", "Diluted NI Available to Com Stockholders": "135,809", "Basic EPS": "-", "Diluted EPS": "-", "Basic Average Shares": "-", "Diluted Average Shares": "-", "Total Operating Income as Reported": "202,682", "Total Expenses": "908,647", "Net Income from Continuing & Discontinued Operation": "135,809", "Normalized Income": "143,859", "Interest Income": "378", "Interest Expense": "40,198", "Net Interest Income": "-39,820", "EBIT": "203,191", "EBITDA": "331,177", "Reconciled Cost of Revenue": "638,167", "Reconciled Depreciation": "127,986", "Net Income from Continuing Operation Net Minority Interest": "135,809", "Total Unusual Items Excluding Goodwill": "-9,661", "Total Unusual Items": "-9,661", "Normalized EBITDA": "340,838", "Tax Rate for Calcs": "0", "Tax Effect of Unusual Items": "-1,611"}, "9/30/2020": {"Duration": "9/30/2020", "Total Revenue": "1,116,270", "Cost of Revenue": "627,669", "Gross Profit": "488,601", "Operating Expense": "269,382", "Operating Income": "219,219", "Net Non Operating Interest Income Expense": "-41,840", "Other Income Expense": "-4,032", "Pretax Income": "173,347", "Tax Provision": "30,519", "Net Income Common Stockholders": "142,828", "Diluted NI Available to Com Stockholders": "142,828", "Basic EPS": "4.90", "Diluted EPS": "4.83", "Basic Average Shares": "29,136", "Diluted Average Shares": "29,580", "Total Operating Income as Reported": "216,905", "Total Expenses": "897,051", "Net Income from Continuing & Discontinued Operation": "142,828", "Normalized Income": "144,735", "Interest Income": "670", "Interest Expense": "42,510", "Net Interest Income": "-41,840", "EBIT": "215,857", "EBITDA": "-", "Reconciled Cost of Revenue": "627,669", "Reconciled Depreciation": "127,737", "Net Income from Continuing Operation Net Minority Interest": "142,828", "Total Unusual Items Excluding Goodwill": "-2,314", "Total Unusual Items": "-2,314", "Normalized EBITDA": "345,908", "Tax Rate for Calcs": "0", "Tax Effect of Unusual Items": "-407.264"}, "9/30/2019": {"Duration": "9/30/2019", "Total Revenue": "1,037,696", "Cost of Revenue": "595,043", "Gross Profit": "442,653", "Operating Expense": "264,785", "Operating Income": "177,868", "Net Non Operating Interest Income Expense": "-43,335", "Other Income Expense": "-71,427", "Pretax Income": "63,106", "Tax Provision": "23,891", "Net Income Common Stockholders": "39,215", "Diluted NI Available to Com Stockholders": "39,215", "Basic EPS": "1.37", "Diluted EPS": "1.35", "Basic Average Shares": "28,571", "Diluted Average Shares": "29,094", "Total Operating Income as Reported": "110,496", "Total Expenses": "859,828", "Net Income from Continuing & Discontinued Operation": "39,215", "Normalized Income": "81,053", "Interest Income": "2,346", "Interest Expense": "45,681", "Net Interest Income": "-43,335", "EBIT": "108,787", "EBITDA": "-", "Reconciled Cost of Revenue": "595,043", "Reconciled Depreciation": "98,592", "Net Income from Continuing Operation Net Minority Interest": "39,215", "Total Unusual Items Excluding Goodwill": "-67,372", "Total Unusual Items": "-67,372", "Normalized EBITDA": "274,751", "Tax Rate for Calcs": "0", "Tax Effect of Unusual Items": "-25,534"}, "9/30/2018": {"Duration": "9/30/2018", "Total Revenue": "590,123", "Cost of Revenue": "276,018", "Gross Profit": "314,105", "Operating Expense": "153,987", "Operating Income": "160,118", "Net Non Operating Interest Income Expense": "1,504", "Other Income Expense": "89", "Pretax Income": "161,711", "Tax Provision": "51,668", "Net Income Common Stockholders": "109,920", "Diluted NI Available to Com Stockholders": "109,920", "Basic EPS": "4.31", "Diluted EPS": "4.19", "Basic Average Shares": "25,478", "Diluted Average Shares": "26,210", "Total Operating Income as Reported": "160,118", "Total Expenses": "430,005", "Net Income from Continuing & Discontinued Operation": "110,043", "Normalized Income": "110,043", "Interest Income": "4,409", "Interest Expense": "2,905", "Net Interest Income": "1,504", "EBIT": "164,616", "EBITDA": "-", "Reconciled Cost of Revenue": "276,018", "Reconciled Depreciation": "25,876", "Net Income from Continuing Operation Net Minority Interest": "110,043", "Total Unusual Items Excluding Goodwill": "-", "Total Unusual Items": "-", "Normalized EBITDA": "190,492", "Tax Rate for Calcs": "0", "Tax Effect of Unusual Items": "0"}}, "bs": {"9/30/2020": {"Duration": "9/30/2020", "Total Assets": "2,376,467", "Total Liabilities Net Minority Interest": "1,302,154", "Total Equity Gross Minority Interest": "1,074,313", "Total Capitalization": "1,985,077", "Common Stock Equity": "1,074,313", "Capital Lease Obligations": "6,513", "Net Tangible Assets": "-315,298", "Working Capital": "395,723", "Invested Capital": "1,995,727", "Tangible Book Value": "-315,298", "Total Debt": "927,927", "Net Debt": "664,060", "Share Issued": "39,914", "Ordinary Shares Number": "29,080", "Treasury Shares Number": "10,834"}, "9/30/2019": {"Duration": "9/30/2019", "Total Assets": "2,261,766", "Total Liabilities Net Minority Interest": "1,281,389", "Total Equity Gross Minority Interest": "980,377", "Total Capitalization": "1,908,840", "Common Stock Equity": "980,377", "Capital Lease Obligations": "-", "Net Tangible Assets": "-483,738", "Working Capital": "337,096", "Invested Capital": "1,922,153", "Tangible Book Value": "-483,738", "Total Debt": "941,776", "Net Debt": "753,281", "Share Issued": "39,592", "Ordinary Shares Number": "29,101", "Treasury Shares Number": "10,491"}, "9/30/2018": {"Duration": "9/30/2018", "Total Assets": "780,973", "Total Liabilities Net Minority Interest": "114,281", "Total Equity Gross Minority Interest": "666,692", "Total Capitalization": "666,692", "Common Stock Equity": "666,692", "Capital Lease Obligations": "-", "Net Tangible Assets": "530,407", "Working Capital": "421,627", "Invested Capital": "666,692", "Tangible Book Value": "530,407", "Total Debt": "1,487", "Net Debt": "-", "Share Issued": "35,862", "Ordinary Shares Number": "25,506", "Treasury Shares Number": "10,356"}}, "cf": {"TTM": {"Duration": "TTM", "Operating Cash Flow": "293,198", "Investing Cash Flow": "-110,368", "Financing Cash Flow": "-103,756", "End Cash Position": "273,402", "Income Tax Paid Supplemental Data": "-", "Interest Paid Supplemental Data": "-", "Capital Expenditure": "-111,765", "Issuance of Capital Stock": "18,002", "Issuance of Debt": "0", "Repayment of Debt": "-170,650", "Repurchase of Capital Stock": "-49,762", "Free Cash Flow": "181,433"}, "9/30/2020": {"Duration": "9/30/2020", "Operating Cash Flow": "287,284", "Investing Cash Flow": "-124,252", "Financing Cash Flow": "-97,656", "End Cash Position": "257,354", "Income Tax Paid Supplemental Data": "44,535", "Interest Paid Supplemental Data": "45,281", "Capital Expenditure": "-125,839", "Issuance of Capital Stock": "14,427", "Issuance of Debt": "150,000", "Repayment of Debt": "-173,313", "Repurchase of Capital Stock": "-38,238", "Free Cash Flow": "161,445"}, "9/30/2019": {"Duration": "9/30/2019", "Operating Cash Flow": "174,981", "Investing Cash Flow": "-1,232,976", "Financing Cash Flow": "894,432", "End Cash Position": "188,495", "Income Tax Paid Supplemental Data": "35,432", "Interest Paid Supplemental Data": "39,181", "Capital Expenditure": "-55,972", "Issuance of Capital Stock": "17,210", "Issuance of Debt": "1,062,337", "Repayment of Debt": "-105,326", "Repurchase of Capital Stock": "-14,720", "Free Cash Flow": "119,009"}, "9/30/2018": {"Duration": "9/30/2018", "Operating Cash Flow": "168,865", "Investing Cash Flow": "-22,751", "Financing Cash Flow": "-197,562", "End Cash Position": "352,921", "Income Tax Paid Supplemental Data": "20,345", "Interest Paid Supplemental Data": "2,464", "Capital Expenditure": "-21,308", "Issuance of Capital Stock": "23,031", "Issuance of Debt": "-", "Repayment of Debt": "-145,575", "Repurchase of Capital Stock": "-44,288", "Free Cash Flow": "147,557"}}}}, {"INTT": {"quote": {"05/12/2021": {"value": "12.10", "Market Cap": "129.595M", "Beta (5Y Monthly)": "N/A", "PE Ratio (TTM)": "51.49", "EPS (TTM)": "0.23", "Earnings Date": "Aug 04, 2021 - Aug 09, 2021", "Forward Dividend & Yield": "N/A (N/A)", "Ex-Dividend Date": "Dec 06, 2012", "1y Target Est": "15.75"}}, "fin": {"TTM": {"Duration": "TTM", "Total Revenue": "53,823", "Cost of Revenue": "29,719", "Gross Profit": "24,104", "Operating Expense": "24,036", "Operating Income": "68", "Other Income Expense": "-1,299", "Pretax Income": "-1,231", "Tax Provision": "-336", "Net Income Common Stockholders": "-895", "Diluted NI Available to Com Stockholders": "-895", "Basic EPS": "-", "Diluted EPS": "-", "Basic Average Shares": "-", "Diluted Average Shares": "-", "Total Operating Income as Reported": "-1,217", "Total Expenses": "53,755", "Net Income from Continuing & Discontinued Operation": "-895", "Normalized Income": "43.05", "EBIT": "68", "EBITDA": "3,242", "Reconciled Cost of Revenue": "29,719", "Reconciled Depreciation": "3,174", "Net Income from Continuing Operation Net Minority Interest": "-895", "Total Unusual Items Excluding Goodwill": "-1,285", "Total Unusual Items": "-1,285", "Normalized EBITDA": "4,527", "Tax Rate for Calcs": "0", "Tax Effect of Unusual Items": "-346.95"}, "12/31/2020": {"Duration": "12/31/2020", "Total Revenue": "53,823", "Cost of Revenue": "29,719", "Gross Profit": "24,104", "Operating Expense": "24,036", "Operating Income": "68", "Other Income Expense": "-1,299", "Pretax Income": "-1,231", "Tax Provision": "-336", "Net Income Common Stockholders": "-895", "Diluted NI Available to Com Stockholders": "-895", "Basic EPS": "-", "Diluted EPS": "-", "Basic Average Shares": "-", "Diluted Average Shares": "-", "Total Operating Income as Reported": "-1,217", "Total Expenses": "53,755", "Net Income from Continuing & Discontinued Operation": "-895", "Normalized Income": "43.05", "EBIT": "68", "EBITDA": "-", "Reconciled Cost of Revenue": "29,719", "Reconciled Depreciation": "3,174", "Net Income from Continuing Operation Net Minority Interest": "-895", "Total Unusual Items Excluding Goodwill": "-1,285", "Total Unusual Items": "-1,285", "Normalized EBITDA": "4,527", "Tax Rate for Calcs": "0", "Tax Effect of Unusual Items": "-346.95"}, "12/31/2019": {"Duration": "12/31/2019", "Total Revenue": "60,660", "Cost of Revenue": "31,435", "Gross Profit": "29,225", "Operating Expense": "26,676", "Operating Income": "2,549", "Other Income Expense": "55", "Pretax Income": "2,604", "Tax Provision": "282", "Net Income Common Stockholders": "2,322", "Diluted NI Available to Com Stockholders": "2,322", "Basic EPS": "0.22", "Diluted EPS": "0.22", "Basic Average Shares": "10,373", "Diluted Average Shares": "10,392", "Total Operating Income as Reported": "2,549", "Total Expenses": "58,111", "Net Income from Continuing & Discontinued Operation": "2,322", "Normalized Income": "2,322", "EBIT": "2,549", "EBITDA": "-", "Reconciled Cost of Revenue": "31,435", "Reconciled Depreciation": "3,193", "Net Income from Continuing Operation Net Minority Interest": "2,322", "Total Unusual Items Excluding Goodwill": "0", "Total Unusual Items": "0", "Normalized EBITDA": "5,742", "Tax Rate for Calcs": "0", "Tax Effect of Unusual Items": "0"}, "12/31/2018": {"Duration": "12/31/2018", "Total Revenue": "78,563", "Cost of Revenue": "39,162", "Gross Profit": "39,401", "Operating Expense": "27,320", "Operating Income": "12,081", "Other Income Expense": "-7,038", "Pretax Income": "5,043", "Tax Provision": "2,006", "Net Income Common Stockholders": "3,037", "Diluted NI Available to Com Stockholders": "3,037", "Basic EPS": "0.29", "Diluted EPS": "0.29", "Basic Average Shares": "10,348", "Diluted Average Shares": "10,382", "Total Operating Income as Reported": "5,180", "Total Expenses": "66,482", "Net Income from Continuing & Discontinued Operation": "3,037", "Normalized Income": "7,178", "EBIT": "12,081", "EBITDA": "-", "Reconciled Cost of Revenue": "39,162", "Reconciled Depreciation": "1,871", "Net Income from Continuing Operation Net Minority Interest": "3,037", "Total Unusual Items Excluding Goodwill": "-6,901", "Total Unusual Items": "-6,901", "Normalized EBITDA": "20,853", "Tax Rate for Calcs": "0", "Tax Effect of Unusual Items": "-2,760"}}, "bs": {"12/31/2020": {"Duration": "12/31/2020", "Total Assets": "62,030", "Total Liabilities Net Minority Interest": "17,278", "Total Equity Gross Minority Interest": "44,752", "Total Capitalization": "44,752", "Common Stock Equity": "44,752", "Capital Lease Obligations": "7,265", "Net Tangible Assets": "18,593", "Working Capital": "18,108", "Invested Capital": "44,752", "Tangible Book Value": "18,593", "Total Debt": "7,265", "Share Issued": "10,562", "Ordinary Shares Number": "10,529", "Treasury Shares Number": "33.077"}, "12/31/2019": {"Duration": "12/31/2019", "Total Assets": "59,715", "Total Liabilities Net Minority Interest": "14,881", "Total Equity Gross Minority Interest": "44,834", "Total Capitalization": "44,834", "Common Stock Equity": "44,834", "Capital Lease Obligations": "5,096", "Net Tangible Assets": "17,442", "Working Capital": "16,534", "Invested Capital": "44,834", "Tangible Book Value": "17,442", "Total Debt": "5,096", "Share Issued": "10,414", "Ordinary Shares Number": "10,381", "Treasury Shares Number": "33.077"}, "12/31/2018": {"Duration": "12/31/2018", "Total Assets": "67,187", "Total Liabilities Net Minority Interest": "24,307", "Total Equity Gross Minority Interest": "42,880", "Total Capitalization": "42,880", "Common Stock Equity": "42,880", "Capital Lease Obligations": "-", "Net Tangible Assets": "14,231", "Working Capital": "14,203", "Invested Capital": "42,880", "Tangible Book Value": "14,231", "Total Debt": "-", "Share Issued": "10,523", "Ordinary Shares Number": "10,490", "Treasury Shares Number": "33.077"}}, "cf": {"TTM": {"Duration": "TTM", "Operating Cash Flow": "3,248", "Investing Cash Flow": "-648", "Financing Cash Flow": "-74", "End Cash Position": "10,277", "Income Tax Paid Supplemental Data": "54", "Capital Expenditure": "-658", "Issuance of Debt": "2,800", "Repayment of Debt": "-5,629", "Repurchase of Capital Stock": "-74", "Free Cash Flow": "2,590"}, "12/31/2020": {"Duration": "12/31/2020", "Operating Cash Flow": "3,248", "Investing Cash Flow": "-648", "Financing Cash Flow": "-74", "End Cash Position": "10,277", "Income Tax Paid Supplemental Data": "54", "Capital Expenditure": "-658", "Issuance of Debt": "2,800", "Repayment of Debt": "-5,629", "Repurchase of Capital Stock": "-74", "Free Cash Flow": "2,590"}, "12/31/2019": {"Duration": "12/31/2019", "Operating Cash Flow": "-8,405", "Investing Cash Flow": "-620", "Financing Cash Flow": "-1,142", "End Cash Position": "7,612", "Income Tax Paid Supplemental Data": "595", "Capital Expenditure": "-620", "Issuance of Debt": "-", "Repayment of Debt": "-", "Repurchase of Capital Stock": "-1,142", "Free Cash Flow": "-9,025"}, "12/31/2018": {"Duration": "12/31/2018", "Operating Cash Flow": "10,960", "Investing Cash Flow": "-6,335", "Financing Cash Flow": "0", "End Cash Position": "17,861", "Income Tax Paid Supplemental Data": "2,855", "Capital Expenditure": "-2,212", "Issuance of Debt": "-", "Repayment of Debt": "-", "Repurchase of Capital Stock": "0", "Free Cash Flow": "8,748"}}}}, {"DIOD": {"quote": {"05/12/2021": {"value": "69.17", "Market Cap": "3.086B", "Beta (5Y Monthly)": "1.06", "PE Ratio (TTM)": "29.65", "EPS (TTM)": "2.33", "Earnings Date": "Aug 04, 2021 - Aug 09, 2021", "Forward Dividend & Yield": "N/A (N/A)", "Ex-Dividend Date": "N/A", "1y Target Est": "93.00"}}, "fin": {"TTM": {"Duration": "TTM", "Total Revenue": "1,229,215", "Cost of Revenue": "798,094", "Gross Profit": "431,121", "Operating Expense": "296,683", "Operating Income": "134,438", "Net Non Operating Interest Income Expense": "-10,596", "Other Income Expense": "-3,501", "Pretax Income": "120,341", "Tax Provision": "21,112", "Net Income Common Stockholders": "98,088", "Diluted NI Available to Com Stockholders": "98,088", "Basic EPS": "-", "Diluted EPS": "-", "Basic Average Shares": "-", "Diluted Average Shares": "-", "Total Operating Income as Reported": "134,332", "Total Expenses": "1,094,777", "Net Income from Continuing & Discontinued Operation": "98,088", "Normalized Income": "106,272", "Interest Income": "1,066", "Interest Expense": "11,662", "Net Interest Income": "-10,596", "EBIT": "132,003", "EBITDA": "240,010", "Reconciled Cost of Revenue": "706,348", "Reconciled Depreciation": "108,007", "Net Income from Continuing Operation Net Minority Interest": "98,088", "Total Unusual Items Excluding Goodwill": "-9,920", "Total Unusual Items": "-9,920", "Normalized EBITDA": "249,930", "Tax Rate for Calcs": "0", "Tax Effect of Unusual Items": "-1,736"}, "12/31/2020": {"Duration": "12/31/2020", "Total Revenue": "1,229,215", "Cost of Revenue": "798,094", "Gross Profit": "431,121", "Operating Expense": "296,683", "Operating Income": "134,438", "Net Non Operating Interest Income Expense": "-10,596", "Other Income Expense": "-3,501", "Pretax Income": "120,341", "Tax Provision": "21,112", "Net Income Common Stockholders": "98,088", "Diluted NI Available to Com Stockholders": "98,088", "Basic EPS": "-", "Diluted EPS": "-", "Basic Average Shares": "-", "Diluted Average Shares": "-", "Total Operating Income as Reported": "134,332", "Total Expenses": "1,094,777", "Net Income from Continuing & Discontinued Operation": "98,088", "Normalized Income": "106,272", "Interest Income": "1,066", "Interest Expense": "11,662", "Net Interest Income": "-10,596", "EBIT": "132,003", "EBITDA": "-", "Reconciled Cost of Revenue": "706,348", "Reconciled Depreciation": "108,007", "Net Income from Continuing Operation Net Minority Interest": "98,088", "Total Unusual Items Excluding Goodwill": "-9,920", "Total Unusual Items": "-9,920", "Normalized EBITDA": "249,930", "Tax Rate for Calcs": "0", "Tax Effect of Unusual Items": "-1,736"}, "12/31/2019": {"Duration": "12/31/2019", "Total Revenue": "1,249,130", "Cost of Revenue": "783,323", "Gross Profit": "465,807", "Operating Expense": "289,628", "Operating Income": "176,179", "Net Non Operating Interest Income Expense": "-5,704", "Other Income Expense": "27,771", "Pretax Income": "198,246", "Tax Provision": "44,131", "Net Income Common Stockholders": "153,250", "Diluted NI Available to Com Stockholders": "153,250", "Basic EPS": "3.02", "Diluted EPS": "2.96", "Basic Average Shares": "50,787", "Diluted Average Shares": "51,860", "Total Operating Income as Reported": "200,608", "Total Expenses": "1,072,951", "Net Income from Continuing & Discontinued Operation": "153,250", "Normalized Income": "137,172", "Interest Income": "2,189", "Interest Expense": "7,893", "Net Interest Income": "-5,704", "EBIT": "206,139", "EBITDA": "-", "Reconciled Cost of Revenue": "691,780", "Reconciled Depreciation": "109,584", "Net Income from Continuing Operation Net Minority Interest": "153,250", "Total Unusual Items Excluding Goodwill": "20,692", "Total Unusual Items": "20,692", "Normalized EBITDA": "295,031", "Tax Rate for Calcs": "0", "Tax Effect of Unusual Items": "4,614"}, "12/31/2018": {"Duration": "12/31/2018", "Total Revenue": "1,213,989", "Cost of Revenue": "778,713", "Gross Profit": "435,276", "Operating Expense": "280,198", "Operating Income": "155,078", "Net Non Operating Interest Income Expense": "-7,923", "Other Income Expense": "2,807", "Pretax Income": "149,962", "Tax Provision": "44,556", "Net Income Common Stockholders": "104,021", "Diluted NI Available to Com Stockholders": "104,021", "Basic EPS": "2.09", "Diluted EPS": "2.04", "Basic Average Shares": "49,841", "Diluted Average Shares": "50,935", "Total Operating Income as Reported": "154,482", "Total Expenses": "1,058,911", "Net Income from Continuing & Discontinued Operation": "104,021", "Normalized Income": "107,042", "Interest Income": "1,978", "Interest Expense": "9,901", "Net Interest Income": "-7,923", "EBIT": "159,863", "EBITDA": "-", "Reconciled Cost of Revenue": "692,420", "Reconciled Depreciation": "104,644", "Net Income from Continuing Operation Net Minority Interest": "104,021", "Total Unusual Items Excluding Goodwill": "-4,297", "Total Unusual Items": "-4,297", "Normalized EBITDA": "268,804", "Tax Rate for Calcs": "0", "Tax Effect of Unusual Items": "-1,276"}}, "bs": {"12/31/2020": {"Duration": "12/31/2020", "Total Assets": "1,979,457", "Total Liabilities Net Minority Interest": "963,334", "Total Equity Gross Minority Interest": "1,016,123", "Total Capitalization": "1,251,999", "Common Stock Equity": "963,820", "Capital Lease Obligations": "37,877", "Net Tangible Assets": "694,898", "Working Capital": "478,909", "Invested Capital": "1,414,422", "Tangible Book Value": "694,898", "Total Debt": "488,479", "Net Debt": "182,537", "Share Issued": "53,536", "Ordinary Shares Number": "44,276", "Treasury Shares Number": "9,260"}, "12/31/2019": {"Duration": "12/31/2019", "Total Assets": "1,639,384", "Total Liabilities Net Minority Interest": "486,601", "Total Equity Gross Minority Interest": "1,152,783", "Total Capitalization": "1,170,825", "Common Stock Equity": "1,106,424", "Capital Lease Obligations": "41,140", "Net Tangible Assets": "845,583", "Working Capital": "495,842", "Invested Capital": "1,217,272", "Tangible Book Value": "845,583", "Total Debt": "151,988", "Net Debt": "-", "Share Issued": "52,664", "Ordinary Shares Number": "51,207", "Treasury Shares Number": "1,457"}, "12/31/2018": {"Duration": "12/31/2018", "Total Assets": "1,526,371", "Total Liabilities Net Minority Interest": "548,939", "Total Equity Gross Minority Interest": "977,432", "Total Capitalization": "1,117,606", "Common Stock Equity": "931,463", "Capital Lease Obligations": "-", "Net Tangible Assets": "661,091", "Working Capital": "454,465", "Invested Capital": "1,155,473", "Tangible Book Value": "661,091", "Total Debt": "224,010", "Net Debt": "-", "Share Issued": "51,678", "Ordinary Shares Number": "50,221", "Treasury Shares Number": "1,457"}}, "cf": {"TTM": {"Duration": "TTM", "Operating Cash Flow": "187,220", "Investing Cash Flow": "-106,772", "Financing Cash Flow": "-54,302", "End Cash Position": "320,529", "Income Tax Paid Supplemental Data": "48,040", "Interest Paid Supplemental Data": "10,219", "Capital Expenditure": "-75,813", "Issuance of Capital Stock": "6,830", "Issuance of Debt": "1,033,846", "Repayment of Debt": "-785,654", "Repurchase of Capital Stock": "-296,705", "Free Cash Flow": "111,407"}, "12/31/2020": {"Duration": "12/31/2020", "Operating Cash Flow": "187,220", "Investing Cash Flow": "-106,772", "Financing Cash Flow": "-54,302", "End Cash Position": "320,529", "Income Tax Paid Supplemental Data": "48,040", "Interest Paid Supplemental Data": "10,219", "Capital Expenditure": "-75,813", "Issuance of Capital Stock": "6,830", "Issuance of Debt": "1,033,846", "Repayment of Debt": "-785,654", "Repurchase of Capital Stock": "-296,705", "Free Cash Flow": "111,407"}, "12/31/2019": {"Duration": "12/31/2019", "Operating Cash Flow": "229,772", "Investing Cash Flow": "-100,426", "Financing Cash Flow": "-112,432", "End Cash Position": "259,507", "Income Tax Paid Supplemental Data": "37,158", "Interest Paid Supplemental Data": "7,235", "Capital Expenditure": "-98,505", "Issuance of Capital Stock": "11,901", "Issuance of Debt": "415,494", "Repayment of Debt": "-531,304", "Repurchase of Capital Stock": "0", "Free Cash Flow": "131,267"}, "12/31/2018": {"Duration": "12/31/2018", "Operating Cash Flow": "185,566", "Investing Cash Flow": "-88,944", "Financing Cash Flow": "-51,911", "End Cash Position": "241,833", "Income Tax Paid Supplemental Data": "33,265", "Interest Paid Supplemental Data": "9,962", "Capital Expenditure": "-87,507", "Issuance of Capital Stock": "4,862", "Issuance of Debt": "476,005", "Repayment of Debt": "-525,270", "Repurchase of Capital Stock": "0", "Free Cash Flow": "98,059"}}}}, {"DSPG": {"quote": {"05/12/2021": {"value": "13.73", "Market Cap": "332.634M", "Beta (5Y Monthly)": "0.93", "PE Ratio (TTM)": "N/A", "EPS (TTM)": "-0.24", "Earnings Date": "Jul 28, 2021 - Aug 02, 2021", "Forward Dividend & Yield": "N/A (N/A)", "Ex-Dividend Date": "N/A", "1y Target Est": "21.80"}}, "fin": {"TTM": {"Duration": "TTM", "Total Revenue": "118,888", "Cost of Revenue": "58,098", "Gross Profit": "60,790", "Operating Expense": "67,228", "Operating Income": "-6,438", "Net Non Operating Interest Income Expense": "1,497", "Other Income Expense": "-", "Pretax Income": "-5,469", "Tax Provision": "199", "Net Income Common Stockholders": "-5,668", "Diluted NI Available to Com Stockholders": "-5,668", "Basic EPS": "-", "Diluted EPS": "-", "Basic Average Shares": "-", "Diluted Average Shares": "-", "Total Operating Income as Reported": "-6,438", "Total Expenses": "125,326", "Net Income from Continuing & Discontinued Operation": "-5,668", "Normalized Income": "-5,351", "Interest Income": "1,564", "Interest Expense": "-", "Net Interest Income": "1,497", "EBIT": "-5,196", "EBITDA": "-3,816", "Reconciled Cost of Revenue": "58,098", "Reconciled Depreciation": "1,380", "Net Income from Continuing Operation Net Minority Interest": "-5,668", "Total Unusual Items Excluding Goodwill": "-528", "Total Unusual Items": "-528", "Normalized EBITDA": "-3,288", "Tax Rate for Calcs": "0", "Tax Effect of Unusual Items": "-211.2"}, "12/31/2020": {"Duration": "12/31/2020", "Total Revenue": "114,480", "Cost of Revenue": "56,290", "Gross Profit": "58,190", "Operating Expense": "66,291", "Operating Income": "-8,101", "Net Non Operating Interest Income Expense": "1,759", "Other Income Expense": "-528", "Pretax Income": "-6,870", "Tax Provision": "-80", "Net Income Common Stockholders": "-6,790", "Diluted NI Available to Com Stockholders": "-6,790", "Basic EPS": "-0.29", "Diluted EPS": "-0.29", "Basic Average Shares": "23,466", "Diluted Average Shares": "23,466", "Total Operating Income as Reported": "-8,101", "Total Expenses": "122,581", "Net Income from Continuing & Discontinued Operation": "-6,790", "Normalized Income": "-6,268", "Interest Income": "1,826", "Interest Expense": "11", "Net Interest Income": "1,759", "EBIT": "-6,859", "EBITDA": "-", "Reconciled Cost of Revenue": "54,614", "Reconciled Depreciation": "2,741", "Net Income from Continuing Operation Net Minority Interest": "-6,790", "Total Unusual Items Excluding Goodwill": "-528", "Total Unusual Items": "-528", "Normalized EBITDA": "-3,590", "Tax Rate for Calcs": "0", "Tax Effect of Unusual Items": "-6.1485"}, "12/31/2019": {"Duration": "12/31/2019", "Total Revenue": "117,613", "Cost of Revenue": "58,066", "Gross Profit": "59,547", "Operating Expense": "63,951", "Operating Income": "-4,404", "Net Non Operating Interest Income Expense": "2,431", "Other Income Expense": "-777", "Pretax Income": "-2,750", "Tax Provision": "-1,560", "Net Income Common Stockholders": "-1,190", "Diluted NI Available to Com Stockholders": "-1,190", "Basic EPS": "-0.05", "Diluted EPS": "-0.05", "Basic Average Shares": "22,827", "Diluted Average Shares": "22,827", "Total Operating Income as Reported": "-4,404", "Total Expenses": "122,017", "Net Income from Continuing & Discontinued Operation": "-1,190", "Normalized Income": "-622.79", "Interest Income": "2,506", "Interest Expense": "15", "Net Interest Income": "2,431", "EBIT": "-2,735", "EBITDA": "-", "Reconciled Cost of Revenue": "55,202", "Reconciled Depreciation": "3,281", "Net Income from Continuing Operation Net Minority Interest": "-1,190", "Total Unusual Items Excluding Goodwill": "-777", "Total Unusual Items": "-777", "Normalized EBITDA": "1,323", "Tax Rate for Calcs": "0", "Tax Effect of Unusual Items": "-209.79"}, "12/31/2018": {"Duration": "12/31/2018", "Total Revenue": "117,438", "Cost of Revenue": "59,991", "Gross Profit": "57,447", "Operating Expense": "63,087", "Operating Income": "-5,640", "Net Non Operating Interest Income Expense": "2,035", "Other Income Expense": "-220", "Pretax Income": "-3,825", "Tax Provision": "-1,868", "Net Income Common Stockholders": "-1,957", "Diluted NI Available to Com Stockholders": "-1,957", "Basic EPS": "-0.09", "Diluted EPS": "-0.09", "Basic Average Shares": "22,512", "Diluted Average Shares": "22,512", "Total Operating Income as Reported": "-5,640", "Total Expenses": "123,078", "Net Income from Continuing & Discontinued Operation": "-1,957", "Normalized Income": "-1,796", "Interest Income": "2,108", "Interest Expense": "15", "Net Interest Income": "2,035", "EBIT": "-3,810", "EBITDA": "-", "Reconciled Cost of Revenue": "58,398", "Reconciled Depreciation": "3,293", "Net Income from Continuing Operation Net Minority Interest": "-1,957", "Total Unusual Items Excluding Goodwill": "-220", "Total Unusual Items": "-220", "Normalized EBITDA": "-297", "Tax Rate for Calcs": "0", "Tax Effect of Unusual Items": "-59.4"}}, "bs": {"12/31/2020": {"Duration": "12/31/2020", "Total Assets": "216,473", "Total Liabilities Net Minority Interest": "60,235", "Total Equity Gross Minority Interest": "156,238", "Total Capitalization": "156,238", "Common Stock Equity": "156,238", "Capital Lease Obligations": "13,049", "Net Tangible Assets": "135,584", "Working Capital": "62,217", "Invested Capital": "156,449", "Tangible Book Value": "135,584", "Total Debt": "13,260", "Share Issued": "23,710", "Ordinary Shares Number": "23,710"}, "12/31/2019": {"Duration": "12/31/2019", "Total Assets": "205,925", "Total Liabilities Net Minority Interest": "52,831", "Total Equity Gross Minority Interest": "153,094", "Total Capitalization": "153,094", "Common Stock Equity": "153,094", "Capital Lease Obligations": "13,005", "Net Tangible Assets": "146,190", "Working Capital": "69,554", "Invested Capital": "153,094", "Tangible Book Value": "146,190", "Total Debt": "13,005", "Share Issued": "23,111", "Ordinary Shares Number": "23,111"}, "12/31/2018": {"Duration": "12/31/2018", "Total Assets": "179,890", "Total Liabilities Net Minority Interest": "38,025", "Total Equity Gross Minority Interest": "141,865", "Total Capitalization": "141,865", "Common Stock Equity": "141,865", "Capital Lease Obligations": "-", "Net Tangible Assets": "134,544", "Working Capital": "52,617", "Invested Capital": "141,865", "Tangible Book Value": "134,544", "Total Debt": "-", "Share Issued": "22,266", "Ordinary Shares Number": "22,266"}}, "cf": {"TTM": {"Duration": "TTM", "Operating Cash Flow": "-", "Investing Cash Flow": "-", "Financing Cash Flow": "-", "End Cash Position": "-", "Income Tax Paid Supplemental Data": "-", "Capital Expenditure": "-", "Repayment of Debt": "-", "Repurchase of Capital Stock": "-", "Free Cash Flow": "-"}, "12/31/2020": {"Duration": "12/31/2020", "Operating Cash Flow": "14,571", "Investing Cash Flow": "-24,012", "Financing Cash Flow": "-2,297", "End Cash Position": "16,936", "Income Tax Paid Supplemental Data": "372", "Capital Expenditure": "-973", "Repayment of Debt": "-200", "Repurchase of Capital Stock": "-3,736", "Free Cash Flow": "13,598"}, "12/31/2019": {"Duration": "12/31/2019", "Operating Cash Flow": "10,472", "Investing Cash Flow": "4,275", "Financing Cash Flow": "1,351", "End Cash Position": "28,737", "Income Tax Paid Supplemental Data": "495", "Capital Expenditure": "-5,638", "Repayment of Debt": "-", "Repurchase of Capital Stock": "0", "Free Cash Flow": "4,834"}, "12/31/2018": {"Duration": "12/31/2018", "Operating Cash Flow": "8,691", "Investing Cash Flow": "-6,235", "Financing Cash Flow": "-11,605", "End Cash Position": "12,639", "Income Tax Paid Supplemental Data": "902", "Capital Expenditure": "-1,181", "Repayment of Debt": "0", "Repurchase of Capital Stock": "-12,343", "Free Cash Flow": "7,510"}}}}, {"ESIO": {"quote": {"05/12/2021": {"value": "", "Net Assets": "N/A", "Beta (5Y Monthly)": "N/A", "Yield": "N/A", "5y Average Return": "N/A", "Holdings Turnover": "N/A", "Last Dividend": "N/A", "Average for Category": "N/A", "Inception Date": "N/A"}}, "fin": {}, "bs": {}, "cf": {}}}, {"SCIA": {"quote": {"05/12/2021": {"value": "2.7000", "Market Cap": "12.14M", "Beta (5Y Monthly)": "1.23", "PE Ratio (TTM)": "6.00", "EPS (TTM)": "0.4500", "Earnings Date": "Nov 02, 2020", "Forward Dividend & Yield": "N/A (N/A)", "Ex-Dividend Date": "N/A", "1y Target Est": "N/A"}}, "fin": {"TTM": {"Duration": "TTM", "Total Revenue": "10,480", "Cost of Revenue": "7,988", "Gross Profit": "2,492", "Operating Expense": "1,638", "Operating Income": "854.405", "Net Non Operating Interest Income Expense": "-35.656", "Pretax Income": "1,144", "Tax Provision": "-928.783", "Net Income Common Stockholders": "2,049", "Diluted NI Available to Com Stockholders": "2,049", "Basic EPS": "-", "Diluted EPS": "-", "Basic Average Shares": "-", "Diluted Average Shares": "-", "Total Operating Income as Reported": "854.405", "Total Expenses": "9,625", "Net Income from Continuing & Discontinued Operation": "2,073", "Normalized Income": "1,878", "Interest Expense": "35.656", "Net Interest Income": "-35.656", "EBIT": "1,180", "EBITDA": "1,715", "Reconciled Cost of Revenue": "7,988", "Reconciled Depreciation": "535.748", "Net Income from Continuing Operation Net Minority Interest": "2,073", "Total Unusual Items Excluding Goodwill": "325.3", "Total Unusual Items": "325.3", "Normalized EBITDA": "1,390", "Tax Rate for Calcs": "0", "Tax Effect of Unusual Items": "130.12"}, "12/31/2020": {"Duration": "12/31/2020", "Total Revenue": "10,896", "Cost of Revenue": "8,698", "Gross Profit": "2,198", "Operating Expense": "1,682", "Operating Income": "516.347", "Net Non Operating Interest Income Expense": "-32.087", "Pretax Income": "484.26", "Tax Provision": "-1,018", "Net Income Common Stockholders": "1,478", "Diluted NI Available to Com Stockholders": "1,478", "Basic EPS": "-", "Diluted EPS": "-", "Basic Average Shares": "-", "Diluted Average Shares": "-", "Total Operating Income as Reported": "516.347", "Total Expenses": "10,380", "Net Income from Continuing & Discontinued Operation": "1,502", "Normalized Income": "1,502", "Interest Expense": "32.087", "Net Interest Income": "-32.087", "EBIT": "516.347", "EBITDA": "-", "Reconciled Cost of Revenue": "8,698", "Reconciled Depreciation": "532.843", "Net Income from Continuing Operation Net Minority Interest": "1,502", "Total Unusual Items Excluding Goodwill": "-", "Total Unusual Items": "-", "Normalized EBITDA": "1,049", "Tax Rate for Calcs": "0", "Tax Effect of Unusual Items": "0"}, "12/31/2019": {"Duration": "12/31/2019", "Total Revenue": "12,950", "Cost of Revenue": "10,742", "Gross Profit": "2,209", "Operating Expense": "1,878", "Operating Income": "330.858", "Net Non Operating Interest Income Expense": "-22.468", "Pretax Income": "308.39", "Tax Provision": "3.039", "Net Income Common Stockholders": "281.199", "Diluted NI Available to Com Stockholders": "281.199", "Basic EPS": "0.06", "Diluted EPS": "0.06", "Basic Average Shares": "4,328", "Diluted Average Shares": "4,362", "Total Operating Income as Reported": "330.858", "Total Expenses": "12,620", "Net Income from Continuing & Discontinued Operation": "305.351", "Normalized Income": "305.351", "Interest Expense": "22.468", "Net Interest Income": "-22.468", "EBIT": "330.858", "EBITDA": "-", "Reconciled Cost of Revenue": "10,742", "Reconciled Depreciation": "502.673", "Net Income from Continuing Operation Net Minority Interest": "305.351", "Total Unusual Items Excluding Goodwill": "-", "Total Unusual Items": "-", "Normalized EBITDA": "833.531", "Tax Rate for Calcs": "0", "Tax Effect of Unusual Items": "0"}, "12/31/2018": {"Duration": "12/31/2018", "Total Revenue": "11,362", "Cost of Revenue": "8,457", "Gross Profit": "2,905", "Operating Expense": "1,970", "Operating Income": "934.867", "Net Non Operating Interest Income Expense": "-9.356", "Pretax Income": "925.511", "Tax Provision": "17.642", "Net Income Common Stockholders": "883.717", "Diluted NI Available to Com Stockholders": "883.717", "Basic EPS": "0.21", "Diluted EPS": "0.21", "Basic Average Shares": "4,224", "Diluted Average Shares": "4,257", "Total Operating Income as Reported": "934.867", "Total Expenses": "10,427", "Net Income from Continuing & Discontinued Operation": "907.869", "Normalized Income": "907.869", "Interest Expense": "9.356", "Net Interest Income": "-9.356", "EBIT": "934.867", "EBITDA": "-", "Reconciled Cost of Revenue": "8,457", "Reconciled Depreciation": "452.943", "Net Income from Continuing Operation Net Minority Interest": "907.869", "Total Unusual Items Excluding Goodwill": "-", "Total Unusual Items": "-", "Normalized EBITDA": "1,388", "Tax Rate for Calcs": "0", "Tax Effect of Unusual Items": "0"}}, "bs": {"12/31/2020": {"Duration": "12/31/2020", "Total Assets": "8,050", "Total Liabilities Net Minority Interest": "2,499", "Total Equity Gross Minority Interest": "5,551", "Total Capitalization": "5,624", "Preferred Stock Equity": "514.438", "Common Stock Equity": "5,037", "Capital Lease Obligations": "795.467", "Net Tangible Assets": "5,551", "Working Capital": "2,811", "Invested Capital": "5,362", "Tangible Book Value": "5,037", "Total Debt": "1,121", "Share Issued": "4,467", "Ordinary Shares Number": "4,467"}, "12/31/2019": {"Duration": "12/31/2019", "Total Assets": "7,505", "Total Liabilities Net Minority Interest": "3,556", "Total Equity Gross Minority Interest": "3,949", "Total Capitalization": "3,949", "Preferred Stock Equity": "514.438", "Common Stock Equity": "3,434", "Capital Lease Obligations": "696.337", "Net Tangible Assets": "3,949", "Working Capital": "1,992", "Invested Capital": "3,434", "Tangible Book Value": "3,434", "Total Debt": "696.337", "Share Issued": "4,371", "Ordinary Shares Number": "4,371"}, "12/31/2018": {"Duration": "12/31/2018", "Total Assets": "7,646", "Total Liabilities Net Minority Interest": "4,123", "Total Equity Gross Minority Interest": "3,523", "Total Capitalization": "3,523", "Preferred Stock Equity": "514.438", "Common Stock Equity": "3,008", "Capital Lease Obligations": "262.731", "Net Tangible Assets": "3,523", "Working Capital": "1,672", "Invested Capital": "3,008", "Tangible Book Value": "3,008", "Total Debt": "262.731", "Share Issued": "4,278", "Ordinary Shares Number": "4,278"}}, "cf": {"TTM": {"Duration": "TTM", "Operating Cash Flow": "1,273", "Investing Cash Flow": "-239.173", "Financing Cash Flow": "154.672", "End Cash Position": "3,007", "Income Tax Paid Supplemental Data": "-", "Interest Paid Supplemental Data": "15.676", "Capital Expenditure": "-241.256", "Issuance of Debt": "-", "Repayment of Debt": "-146.476", "Free Cash Flow": "1,032"}, "12/31/2020": {"Duration": "12/31/2020", "Operating Cash Flow": "991.032", "Investing Cash Flow": "-75.852", "Financing Cash Flow": "173.974", "End Cash Position": "2,918", "Income Tax Paid Supplemental Data": "1.814", "Interest Paid Supplemental Data": "16.452", "Capital Expenditure": "-78.915", "Issuance of Debt": "325.3", "Repayment of Debt": "-127.174", "Free Cash Flow": "912.117"}, "12/31/2019": {"Duration": "12/31/2019", "Operating Cash Flow": "532.207", "Investing Cash Flow": "-379.603", "Financing Cash Flow": "-127.046", "End Cash Position": "1,828", "Income Tax Paid Supplemental Data": "3.039", "Interest Paid Supplemental Data": "11.075", "Capital Expenditure": "-380.636", "Issuance of Debt": "-", "Repayment of Debt": "-117.846", "Free Cash Flow": "151.571"}, "12/31/2018": {"Duration": "12/31/2018", "Operating Cash Flow": "1,653", "Investing Cash Flow": "-380.933", "Financing Cash Flow": "-390.117", "End Cash Position": "1,803", "Income Tax Paid Supplemental Data": "17.642", "Interest Paid Supplemental Data": "22.931", "Capital Expenditure": "-380.933", "Issuance of Debt": "-", "Repayment of Debt": "-375.73", "Free Cash Flow": "1,272"}}}}, {"MRVL": {"quote": {"05/12/2021": {"value": "41.51", "Market Cap": "28.048B", "Beta (5Y Monthly)": "1.10", "PE Ratio (TTM)": "N/A", "EPS (TTM)": "-0.41", "Earnings Date": "Jun 07, 2021", "Forward Dividend & Yield": "0.24 (0.54%)", "Ex-Dividend Date": "Apr 08, 2021", "1y Target Est": "55.42"}}, "fin": {"TTM": {"Duration": "TTM", "Total Revenue": "2,968,900", "Cost of Revenue": "1,480,550", "Gross Profit": "1,488,350", "Operating Expense": "1,539,980", "Operating Income": "-51,630", "Net Non Operating Interest Income Expense": "-66,665", "Other Income Expense": "-203,873", "Pretax Income": "-322,168", "Tax Provision": "-44,870", "Net Income Common Stockholders": "-277,298", "Diluted NI Available to Com Stockholders": "-277,298", "Basic EPS": "-", "Diluted EPS": "-", "Basic Average Shares": "-", "Diluted Average Shares": "-", "Total Operating Income as Reported": "-258,389", "Total Expenses": "3,020,530", "Net Income from Continuing & Discontinued Operation": "-277,298", "Normalized Income": "-97,688", "Interest Income": "2,599", "Interest Expense": "69,264", "Net Interest Income": "-66,665", "EBIT": "-252,904", "EBITDA": "388,624", "Reconciled Cost of Revenue": "1,480,550", "Reconciled Depreciation": "641,528", "Net Income from Continuing Operation Net Minority Interest": "-277,298", "Total Unusual Items Excluding Goodwill": "-208,673", "Total Unusual Items": "-208,673", "Normalized EBITDA": "597,297", "Tax Rate for Calcs": "0", "Tax Effect of Unusual Items": "-29,063"}, "1/31/2021": {"Duration": "1/31/2021", "Total Revenue": "2,968,900", "Cost of Revenue": "1,480,550", "Gross Profit": "1,488,350", "Operating Expense": "1,539,980", "Operating Income": "-51,630", "Net Non Operating Interest Income Expense": "-66,665", "Other Income Expense": "-203,873", "Pretax Income": "-322,168", "Tax Provision": "-44,870", "Net Income Common Stockholders": "-277,298", "Diluted NI Available to Com Stockholders": "-277,298", "Basic EPS": "-", "Diluted EPS": "-", "Basic Average Shares": "-", "Diluted Average Shares": "-", "Total Operating Income as Reported": "-258,389", "Total Expenses": "3,020,530", "Net Income from Continuing & Discontinued Operation": "-277,298", "Normalized Income": "-97,688", "Interest Income": "2,599", "Interest Expense": "69,264", "Net Interest Income": "-66,665", "EBIT": "-252,904", "EBITDA": "-", "Reconciled Cost of Revenue": "1,480,550", "Reconciled Depreciation": "641,528", "Net Income from Continuing Operation Net Minority Interest": "-277,298", "Total Unusual Items Excluding Goodwill": "-208,673", "Total Unusual Items": "-208,673", "Normalized EBITDA": "597,297", "Tax Rate for Calcs": "0", "Tax Effect of Unusual Items": "-29,063"}, "1/31/2020": {"Duration": "1/31/2020", "Total Revenue": "2,699,161", "Cost of Revenue": "1,342,220", "Gross Profit": "1,356,941", "Operating Expense": "1,544,971", "Operating Income": "-188,030", "Net Non Operating Interest Income Expense": "-80,815", "Other Income Expense": "1,067,227", "Pretax Income": "798,382", "Tax Provision": "-786,009", "Net Income Common Stockholders": "1,584,391", "Diluted NI Available to Com Stockholders": "1,584,391", "Basic EPS": "2.38", "Diluted EPS": "2.34", "Basic Average Shares": "664,709", "Diluted Average Shares": "676,094", "Total Operating Income as Reported": "-243,358", "Total Expenses": "2,887,191", "Net Income from Continuing & Discontinued Operation": "1,584,391", "Normalized Income": "786,718", "Interest Income": "4,816", "Interest Expense": "85,631", "Net Interest Income": "-80,815", "EBIT": "884,013", "EBITDA": "-", "Reconciled Cost of Revenue": "1,342,220", "Reconciled Depreciation": "524,740", "Net Income from Continuing Operation Net Minority Interest": "1,584,391", "Total Unusual Items Excluding Goodwill": "1,063,564", "Total Unusual Items": "1,063,564", "Normalized EBITDA": "345,189", "Tax Rate for Calcs": "0", "Tax Effect of Unusual Items": "265,891"}, "1/31/2019": {"Duration": "1/31/2019", "Total Revenue": "2,865,791", "Cost of Revenue": "1,407,399", "Gross Profit": "1,458,392", "Operating Expense": "1,338,369", "Operating Income": "120,023", "Net Non Operating Interest Income Expense": "-48,436", "Other Income Expense": "-76,234", "Pretax Income": "-4,647", "Tax Provision": "174,447", "Net Income Common Stockholders": "-179,094", "Diluted NI Available to Com Stockholders": "-179,094", "Basic EPS": "-0.30", "Diluted EPS": "-0.30", "Basic Average Shares": "591,232", "Diluted Average Shares": "591,232", "Total Operating Income as Reported": "43,270", "Total Expenses": "2,745,768", "Net Income from Continuing & Discontinued Operation": "-179,094", "Normalized Income": "-121,529", "Interest Income": "11,926", "Interest Expense": "60,362", "Net Interest Income": "-48,436", "EBIT": "55,715", "EBITDA": "-", "Reconciled Cost of Revenue": "1,407,399", "Reconciled Depreciation": "307,301", "Net Income from Continuing Operation Net Minority Interest": "-179,094", "Total Unusual Items Excluding Goodwill": "-76,753", "Total Unusual Items": "-76,753", "Normalized EBITDA": "439,769", "Tax Rate for Calcs": "0", "Tax Effect of Unusual Items": "-19,188"}}, "bs": {"1/31/2021": {"Duration": "1/31/2021", "Total Assets": "10,764,924", "Total Liabilities Net Minority Interest": "2,329,120", "Total Equity Gross Minority Interest": "8,435,804", "Total Capitalization": "9,428,974", "Common Stock Equity": "8,435,804", "Capital Lease Obligations": "136,878", "Net Tangible Assets": "585,899", "Working Capital": "540,048", "Invested Capital": "9,628,615", "Tangible Book Value": "585,899", "Total Debt": "1,329,689", "Net Debt": "444,344", "Share Issued": "675,402", "Ordinary Shares Number": "675,402"}, "1/31/2020": {"Duration": "1/31/2020", "Total Assets": "11,133,235", "Total Liabilities Net Minority Interest": "2,454,655", "Total Equity Gross Minority Interest": "8,678,580", "Total Capitalization": "10,117,604", "Common Stock Equity": "8,678,580", "Capital Lease Obligations": "144,440", "Net Tangible Assets": "298,941", "Working Capital": "827,331", "Invested Capital": "10,117,604", "Tangible Book Value": "298,941", "Total Debt": "1,583,464", "Net Debt": "791,420", "Share Issued": "662,979", "Ordinary Shares Number": "662,979"}, "1/31/2019": {"Duration": "1/31/2019", "Total Assets": "10,016,752", "Total Liabilities Net Minority Interest": "2,710,342", "Total Equity Gross Minority Interest": "7,306,410", "Total Capitalization": "9,039,109", "Common Stock Equity": "7,306,410", "Capital Lease Obligations": "-", "Net Tangible Assets": "-874,055", "Working Capital": "758,462", "Invested Capital": "9,039,109", "Tangible Book Value": "-874,055", "Total Debt": "1,732,699", "Net Debt": "1,150,289", "Share Issued": "658,514", "Ordinary Shares Number": "658,514"}}, "cf": {"TTM": {"Duration": "TTM", "Operating Cash Flow": "817,287", "Investing Cash Flow": "-119,644", "Financing Cash Flow": "-596,780", "End Cash Position": "748,467", "Income Tax Paid Supplemental Data": "-", "Interest Paid Supplemental Data": "-", "Capital Expenditure": "-119,506", "Issuance of Debt": "0", "Repayment of Debt": "-250,000", "Repurchase of Capital Stock": "-25,202", "Free Cash Flow": "697,781"}, "1/31/2021": {"Duration": "1/31/2021", "Operating Cash Flow": "817,287", "Investing Cash Flow": "-119,644", "Financing Cash Flow": "-596,780", "End Cash Position": "748,467", "Income Tax Paid Supplemental Data": "-", "Interest Paid Supplemental Data": "-", "Capital Expenditure": "-119,506", "Issuance of Debt": "0", "Repayment of Debt": "-250,000", "Repurchase of Capital Stock": "-25,202", "Free Cash Flow": "697,781"}, "1/31/2020": {"Duration": "1/31/2020", "Operating Cash Flow": "360,297", "Investing Cash Flow": "558,846", "Financing Cash Flow": "-853,949", "End Cash Position": "647,604", "Income Tax Paid Supplemental Data": "-", "Interest Paid Supplemental Data": "-", "Capital Expenditure": "-86,633", "Issuance of Debt": "950,000", "Repayment of Debt": "-1,250,000", "Repurchase of Capital Stock": "-364,272", "Free Cash Flow": "273,664"}, "1/31/2019": {"Duration": "1/31/2019", "Operating Cash Flow": "596,744", "Investing Cash Flow": "-1,752,553", "Financing Cash Flow": "849,737", "End Cash Position": "582,410", "Income Tax Paid Supplemental Data": "-", "Interest Paid Supplemental Data": "-", "Capital Expenditure": "-87,461", "Issuance of Debt": "1,892,605", "Repayment of Debt": "-756,128", "Repurchase of Capital Stock": "-103,974", "Free Cash Flow": "509,283"}}}}, {"SWKS": {"quote": {"05/12/2021": {"value": "161.53", "Market Cap": "26.667B", "Beta (5Y Monthly)": "1.07", "PE Ratio (TTM)": "22.36", "EPS (TTM)": "7.22", "Earnings Date": "Jul 21, 2021 - Jul 26, 2021", "Forward Dividend & Yield": "2.00 (1.20%)", "Ex-Dividend Date": "May 17, 2021", "1y Target Est": "206.12"}}, "fin": {"TTM": {"Duration": "TTM", "Total Revenue": "4,375,300", "Cost of Revenue": "2,242,200", "Gross Profit": "2,133,100", "Operating Expense": "760,900", "Operating Income": "1,372,200", "Other Income Expense": "-15,900", "Pretax Income": "1,356,300", "Tax Provision": "145,300", "Net Income Common Stockholders": "1,211,000", "Diluted NI Available to Com Stockholders": "1,211,000", "Basic EPS": "-", "Diluted EPS": "-", "Basic Average Shares": "-", "Diluted Average Shares": "-", "Total Operating Income as Reported": "1,360,400", "Total Expenses": "3,003,100", "Net Income from Continuing & Discontinued Operation": "1,211,000", "Normalized Income": "1,221,536", "EBIT": "1,372,200", "EBITDA": "1,729,200", "Reconciled Cost of Revenue": "1,896,200", "Reconciled Depreciation": "357,000", "Net Income from Continuing Operation Net Minority Interest": "1,211,000", "Total Unusual Items Excluding Goodwill": "-11,800", "Total Unusual Items": "-11,800", "Normalized EBITDA": "1,741,000", "Tax Rate for Calcs": "0", "Tax Effect of Unusual Items": "-1,264"}, "9/30/2020": {"Duration": "9/30/2020", "Total Revenue": "3,355,700", "Cost of Revenue": "1,742,800", "Gross Profit": "1,612,900", "Operating Expense": "707,300", "Operating Income": "905,600", "Other Income Expense": "-13,900", "Pretax Income": "891,700", "Tax Provision": "76,900", "Net Income Common Stockholders": "814,800", "Diluted NI Available to Com Stockholders": "814,800", "Basic EPS": "4.84", "Diluted EPS": "4.80", "Basic Average Shares": "168,500", "Diluted Average Shares": "169,900", "Total Operating Income as Reported": "891,800", "Total Expenses": "2,450,100", "Net Income from Continuing & Discontinued Operation": "814,800", "Normalized Income": "827,413", "EBIT": "905,600", "EBITDA": "-", "Reconciled Cost of Revenue": "1,390,300", "Reconciled Depreciation": "364,300", "Net Income from Continuing Operation Net Minority Interest": "814,800", "Total Unusual Items Excluding Goodwill": "-13,800", "Total Unusual Items": "-13,800", "Normalized EBITDA": "1,283,700", "Tax Rate for Calcs": "0", "Tax Effect of Unusual Items": "-1,187"}, "9/30/2019": {"Duration": "9/30/2019", "Total Revenue": "3,376,800", "Cost of Revenue": "1,773,000", "Gross Profit": "1,603,800", "Operating Expense": "645,000", "Operating Income": "958,800", "Other Income Expense": "2,200", "Pretax Income": "961,000", "Tax Provision": "107,400", "Net Income Common Stockholders": "853,600", "Diluted NI Available to Com Stockholders": "853,600", "Basic EPS": "4.92", "Diluted EPS": "4.89", "Basic Average Shares": "173,500", "Diluted Average Shares": "174,500", "Total Operating Income as Reported": "952,000", "Total Expenses": "2,418,000", "Net Income from Continuing & Discontinued Operation": "853,600", "Normalized Income": "859,638", "EBIT": "958,800", "EBITDA": "-", "Reconciled Cost of Revenue": "1,424,000", "Reconciled Depreciation": "371,600", "Net Income from Continuing Operation Net Minority Interest": "853,600", "Total Unusual Items Excluding Goodwill": "-6,800", "Total Unusual Items": "-6,800", "Normalized EBITDA": "1,337,200", "Tax Rate for Calcs": "0", "Tax Effect of Unusual Items": "-761.6"}, "9/30/2018": {"Duration": "9/30/2018", "Total Revenue": "3,868,000", "Cost of Revenue": "1,917,300", "Gross Profit": "1,950,700", "Operating Expense": "630,600", "Operating Income": "1,320,100", "Other Income Expense": "12,000", "Pretax Income": "1,332,100", "Tax Provision": "413,700", "Net Income Common Stockholders": "918,400", "Diluted NI Available to Com Stockholders": "918,400", "Basic EPS": "5.06", "Diluted EPS": "5.01", "Basic Average Shares": "181,300", "Diluted Average Shares": "183,200", "Total Operating Income as Reported": "1,319,300", "Total Expenses": "2,547,900", "Net Income from Continuing & Discontinued Operation": "918,400", "Normalized Income": "918,951", "EBIT": "1,320,100", "EBITDA": "-", "Reconciled Cost of Revenue": "1,636,400", "Reconciled Depreciation": "299,200", "Net Income from Continuing Operation Net Minority Interest": "918,400", "Total Unusual Items Excluding Goodwill": "-800", "Total Unusual Items": "-800", "Normalized EBITDA": "1,620,100", "Tax Rate for Calcs": "0", "Tax Effect of Unusual Items": "-248.8"}}, "bs": {"9/30/2020": {"Duration": "9/30/2020", "Total Assets": "5,106,700", "Total Liabilities Net Minority Interest": "942,500", "Total Equity Gross Minority Interest": "4,164,200", "Total Capitalization": "4,164,200", "Common Stock Equity": "4,164,200", "Capital Lease Obligations": "150,700", "Net Tangible Assets": "2,920,900", "Working Capital": "1,869,200", "Invested Capital": "4,164,200", "Tangible Book Value": "2,920,900", "Total Debt": "150,700", "Share Issued": "232,300", "Ordinary Shares Number": "165,600", "Treasury Shares Number": "66,700"}, "9/30/2019": {"Duration": "9/30/2019", "Total Assets": "4,839,600", "Total Liabilities Net Minority Interest": "717,300", "Total Equity Gross Minority Interest": "4,122,300", "Total Capitalization": "4,122,300", "Common Stock Equity": "4,122,300", "Capital Lease Obligations": "-", "Net Tangible Assets": "2,824,600", "Working Capital": "1,860,600", "Invested Capital": "4,122,300", "Tangible Book Value": "2,824,600", "Total Debt": "-", "Share Issued": "230,200", "Ordinary Shares Number": "170,100", "Treasury Shares Number": "60,100"}, "9/30/2018": {"Duration": "9/30/2018", "Total Assets": "4,828,900", "Total Liabilities Net Minority Interest": "731,900", "Total Equity Gross Minority Interest": "4,097,000", "Total Capitalization": "4,097,000", "Common Stock Equity": "4,097,000", "Capital Lease Obligations": "-", "Net Tangible Assets": "2,763,500", "Working Capital": "1,872,500", "Invested Capital": "4,097,000", "Tangible Book Value": "2,763,500", "Total Debt": "-", "Share Issued": "228,400", "Ordinary Shares Number": "177,400", "Treasury Shares Number": "51,000"}}, "cf": {"TTM": {"Duration": "TTM", "Operating Cash Flow": "1,626,500", "Investing Cash Flow": "-659,800", "Financing Cash Flow": "-819,200", "End Cash Position": "1,059,900", "Income Tax Paid Supplemental Data": "103,400", "Capital Expenditure": "-492,100", "Repurchase of Capital Stock": "-540,800", "Free Cash Flow": "1,134,400"}, "9/30/2020": {"Duration": "9/30/2020", "Operating Cash Flow": "1,204,500", "Investing Cash Flow": "-581,400", "Financing Cash Flow": "-907,700", "End Cash Position": "566,700", "Income Tax Paid Supplemental Data": "110,800", "Capital Expenditure": "-398,500", "Repurchase of Capital Stock": "-680,600", "Free Cash Flow": "806,000"}, "9/30/2019": {"Duration": "9/30/2019", "Operating Cash Flow": "1,367,400", "Investing Cash Flow": "-336,900", "Financing Cash Flow": "-912,500", "End Cash Position": "851,300", "Income Tax Paid Supplemental Data": "124,400", "Capital Expenditure": "-423,400", "Repurchase of Capital Stock": "-680,400", "Free Cash Flow": "944,000"}, "9/30/2018": {"Duration": "9/30/2018", "Operating Cash Flow": "1,260,600", "Investing Cash Flow": "-1,150,400", "Financing Cash Flow": "-993,700", "End Cash Position": "733,300", "Income Tax Paid Supplemental Data": "135,900", "Capital Expenditure": "-430,900", "Repurchase of Capital Stock": "-807,500", "Free Cash Flow": "829,700"}}}}, {"XLNX": {"quote": {"05/12/2021": {"value": "116.87", "Market Cap": "28.722B", "Beta (5Y Monthly)": "1.00", "PE Ratio (TTM)": "44.61", "EPS (TTM)": "2.62", "Earnings Date": "Jun 28, 2021 - Jul 02, 2021", "Forward Dividend & Yield": "N/A (N/A)", "Ex-Dividend Date": "Nov 09, 2020", "1y Target Est": "133.43"}}, "fin": {"TTM": {"Duration": "TTM", "Total Revenue": "3,147,599", "Cost of Revenue": "994,604", "Gross Profit": "2,152,995", "Operating Expense": "1,399,856", "Operating Income": "753,139", "Net Non Operating Interest Income Expense": "-23,461", "Other Income Expense": "-", "Pretax Income": "729,678", "Tax Provision": "83,170", "Net Income Common Stockholders": "646,508", "Diluted NI Available to Com Stockholders": "646,508", "Basic EPS": "-", "Diluted EPS": "-", "Basic Average Shares": "-", "Diluted Average Shares": "-", "Total Operating Income as Reported": "753,139", "Total Expenses": "2,394,460", "Net Income from Continuing & Discontinued Operation": "646,508", "Normalized Income": "646,508", "Interest Income": "-", "Interest Expense": "-", "Net Interest Income": "-23,461", "EBIT": "753,139", "EBITDA": "764,607", "Reconciled Cost of Revenue": "994,604", "Reconciled Depreciation": "11,468", "Net Income from Continuing Operation Net Minority Interest": "646,508", "Total Unusual Items Excluding Goodwill": "0", "Total Unusual Items": "0", "Normalized EBITDA": "764,607", "Tax Rate for Calcs": "0", "Tax Effect of Unusual Items": "0"}, "3/31/2021": {"Duration": "3/31/2021", "Total Revenue": "3,147,599", "Cost of Revenue": "994,604", "Gross Profit": "2,152,995", "Operating Expense": "1,399,856", "Operating Income": "753,139", "Net Non Operating Interest Income Expense": "-23,461", "Other Income Expense": "-", "Pretax Income": "729,678", "Tax Provision": "83,170", "Net Income Common Stockholders": "646,508", "Diluted NI Available to Com Stockholders": "646,508", "Basic EPS": "2.65", "Diluted EPS": "2.62", "Basic Average Shares": "244,257", "Diluted Average Shares": "247,229", "Total Operating Income as Reported": "753,139", "Total Expenses": "2,394,460", "Net Income from Continuing & Discontinued Operation": "646,508", "Normalized Income": "646,508", "Interest Income": "-", "Interest Expense": "-", "Net Interest Income": "-23,461", "EBIT": "753,139", "EBITDA": "-", "Reconciled Cost of Revenue": "994,604", "Reconciled Depreciation": "11,468", "Net Income from Continuing Operation Net Minority Interest": "646,508", "Total Unusual Items Excluding Goodwill": "0", "Total Unusual Items": "0", "Normalized EBITDA": "764,607", "Tax Rate for Calcs": "0", "Tax Effect of Unusual Items": "0"}, "3/31/2020": {"Duration": "3/31/2020", "Total Revenue": "3,162,666", "Cost of Revenue": "1,047,630", "Gross Profit": "2,115,036", "Operating Expense": "1,294,786", "Operating Income": "820,250", "Net Non Operating Interest Income Expense": "12,642", "Other Income Expense": "1,092", "Pretax Income": "833,984", "Tax Provision": "41,263", "Net Income Common Stockholders": "792,721", "Diluted NI Available to Com Stockholders": "792,721", "Basic EPS": "3.15", "Diluted EPS": "3.11", "Basic Average Shares": "251,732", "Diluted Average Shares": "254,943", "Total Operating Income as Reported": "791,888", "Total Expenses": "2,342,416", "Net Income from Continuing & Discontinued Operation": "792,721", "Normalized Income": "819,665", "Interest Income": "52,462", "Interest Expense": "39,820", "Net Interest Income": "12,642", "EBIT": "873,804", "EBITDA": "-", "Reconciled Cost of Revenue": "898,986", "Reconciled Depreciation": "157,533", "Net Income from Continuing Operation Net Minority Interest": "792,721", "Total Unusual Items Excluding Goodwill": "-28,362", "Total Unusual Items": "-28,362", "Normalized EBITDA": "1,059,699", "Tax Rate for Calcs": "0", "Tax Effect of Unusual Items": "-1,418"}, "3/31/2019": {"Duration": "3/31/2019", "Total Revenue": "3,059,040", "Cost of Revenue": "955,868", "Gross Profit": "2,103,172", "Operating Expense": "1,146,373", "Operating Income": "956,799", "Net Non Operating Interest Income Expense": "24,412", "Other Income Expense": "-12,879", "Pretax Income": "968,332", "Tax Provision": "78,582", "Net Income Common Stockholders": "889,750", "Diluted NI Available to Com Stockholders": "889,750", "Basic EPS": "3.52", "Diluted EPS": "3.47", "Basic Average Shares": "252,762", "Diluted Average Shares": "256,434", "Total Operating Income as Reported": "956,799", "Total Expenses": "2,102,241", "Net Income from Continuing & Discontinued Operation": "889,750", "Normalized Income": "889,750", "Interest Income": "77,295", "Interest Expense": "52,883", "Net Interest Income": "24,412", "EBIT": "1,021,215", "EBITDA": "-", "Reconciled Cost of Revenue": "856,438", "Reconciled Depreciation": "104,360", "Net Income from Continuing Operation Net Minority Interest": "889,750", "Total Unusual Items Excluding Goodwill": "0", "Total Unusual Items": "0", "Normalized EBITDA": "1,125,575", "Tax Rate for Calcs": "0", "Tax Effect of Unusual Items": "0"}}, "bs": {"3/31/2021": {"Duration": "3/31/2021", "Total Assets": "5,519,201", "Total Liabilities Net Minority Interest": "2,632,240", "Total Equity Gross Minority Interest": "2,886,961", "Total Capitalization": "4,379,649", "Common Stock Equity": "2,886,961", "Capital Lease Obligations": "-", "Net Tangible Assets": "2,886,961", "Working Capital": "3,121,707", "Invested Capital": "1,492,688", "Tangible Book Value": "2,886,961", "Total Debt": "1,492,688", "Net Debt": "1,492,688", "Share Issued": "245,759", "Ordinary Shares Number": "245,759"}, "3/31/2020": {"Duration": "3/31/2020", "Total Assets": "4,693,334", "Total Liabilities Net Minority Interest": "2,378,285", "Total Equity Gross Minority Interest": "2,315,049", "Total Capitalization": "3,062,159", "Common Stock Equity": "2,315,049", "Capital Lease Obligations": "11,109", "Net Tangible Assets": "1,374,070", "Working Capital": "1,823,460", "Invested Capital": "3,561,419", "Tangible Book Value": "1,374,070", "Total Debt": "1,257,479", "Net Debt": "1,246,370", "Share Issued": "243,810", "Ordinary Shares Number": "243,810"}, "3/31/2019": {"Duration": "3/31/2019", "Total Assets": "5,151,348", "Total Liabilities Net Minority Interest": "2,289,839", "Total Equity Gross Minority Interest": "2,861,509", "Total Capitalization": "4,096,316", "Common Stock Equity": "2,861,509", "Capital Lease Obligations": "-", "Net Tangible Assets": "2,440,068", "Working Capital": "3,416,942", "Invested Capital": "4,096,316", "Tangible Book Value": "2,440,068", "Total Debt": "1,234,807", "Net Debt": "1,234,807", "Share Issued": "253,891", "Ordinary Shares Number": "253,891"}}, "cf": {"TTM": {"Duration": "TTM", "Operating Cash Flow": "-", "Investing Cash Flow": "-", "Financing Cash Flow": "-", "End Cash Position": "-", "Income Tax Paid Supplemental Data": "-", "Interest Paid Supplemental Data": "-", "Capital Expenditure": "-", "Issuance of Debt": "-", "Repayment of Debt": "-", "Repurchase of Capital Stock": "-", "Free Cash Flow": "-"}, "3/31/2020": {"Duration": "3/31/2020", "Operating Cash Flow": "1,190,836", "Investing Cash Flow": "680,204", "Financing Cash Flow": "-1,637,827", "End Cash Position": "1,777,703", "Income Tax Paid Supplemental Data": "10,154", "Interest Paid Supplemental Data": "49,076", "Capital Expenditure": "-129,289", "Issuance of Debt": "0", "Repayment of Debt": "0", "Repurchase of Capital Stock": "-1,208,917", "Free Cash Flow": "1,061,547"}, "3/31/2019": {"Duration": "3/31/2019", "Operating Cash Flow": "1,091,215", "Investing Cash Flow": "-690,543", "Financing Cash Flow": "-1,035,510", "End Cash Position": "1,544,490", "Income Tax Paid Supplemental Data": "128,377", "Interest Paid Supplemental Data": "70,326", "Capital Expenditure": "-89,045", "Issuance of Debt": "0", "Repayment of Debt": "-500,000", "Repurchase of Capital Stock": "-161,551", "Free Cash Flow": "1,002,170"}}}}, {"MXL": {"quote": {"05/12/2021": {"value": "31.96", "Market Cap": "2.409B", "Beta (5Y Monthly)": "1.99", "PE Ratio (TTM)": "N/A", "EPS (TTM)": "-1.08", "Earnings Date": "Jul 21, 2021 - Jul 26, 2021", "Forward Dividend & Yield": "N/A (N/A)", "Ex-Dividend Date": "N/A", "1y Target Est": "45.44"}}, "fin": {"TTM": {"Duration": "TTM", "Total Revenue": "625,928", "Cost of Revenue": "332,173", "Gross Profit": "293,755", "Operating Expense": "359,332", "Operating Income": "-65,577", "Net Non Operating Interest Income Expense": "-14,498", "Other Income Expense": "-6,964", "Pretax Income": "-87,039", "Tax Provision": "-7,717", "Net Income Common Stockholders": "-79,322", "Diluted NI Available to Com Stockholders": "-79,322", "Basic EPS": "-", "Diluted EPS": "-", "Basic Average Shares": "-", "Diluted Average Shares": "-", "Total Operating Income as Reported": "-71,087", "Total Expenses": "691,505", "Net Income from Continuing & Discontinued Operation": "-79,322", "Normalized Income": "-74,301", "Interest Income": "184", "Interest Expense": "14,682", "Net Interest Income": "-14,498", "EBIT": "-72,357", "EBITDA": "9,748", "Reconciled Cost of Revenue": "332,173", "Reconciled Depreciation": "82,105", "Net Income from Continuing Operation Net Minority Interest": "-79,322", "Total Unusual Items Excluding Goodwill": "-5,510", "Total Unusual Items": "-5,510", "Normalized EBITDA": "15,258", "Tax Rate for Calcs": "0", "Tax Effect of Unusual Items": "-488.5243"}, "12/31/2020": {"Duration": "12/31/2020", "Total Revenue": "478,596", "Cost of Revenue": "265,798", "Gross Profit": "212,798", "Operating Expense": "310,018", "Operating Income": "-97,220", "Net Non Operating Interest Income Expense": "-12,543", "Other Income Expense": "-5,089", "Pretax Income": "-114,852", "Tax Provision": "-16,259", "Net Income Common Stockholders": "-98,593", "Diluted NI Available to Com Stockholders": "-98,593", "Basic EPS": "-1.35", "Diluted EPS": "-1.35", "Basic Average Shares": "73,133", "Diluted Average Shares": "73,133", "Total Operating Income as Reported": "-101,139", "Total Expenses": "575,816", "Net Income from Continuing & Discontinued Operation": "-98,593", "Normalized Income": "-95,229", "Interest Income": "409", "Interest Expense": "12,952", "Net Interest Income": "-12,543", "EBIT": "-101,900", "EBITDA": "-", "Reconciled Cost of Revenue": "265,798", "Reconciled Depreciation": "76,513", "Net Income from Continuing Operation Net Minority Interest": "-98,593", "Total Unusual Items Excluding Goodwill": "-3,919", "Total Unusual Items": "-3,919", "Normalized EBITDA": "-21,468", "Tax Rate for Calcs": "0", "Tax Effect of Unusual Items": "-554.7924"}, "12/31/2019": {"Duration": "12/31/2019", "Total Revenue": "317,180", "Cost of Revenue": "149,495", "Gross Profit": "167,685", "Operating Expense": "187,106", "Operating Income": "-19,421", "Net Non Operating Interest Income Expense": "-10,358", "Other Income Expense": "-2,705", "Pretax Income": "-32,484", "Tax Provision": "-12,586", "Net Income Common Stockholders": "-19,898", "Diluted NI Available to Com Stockholders": "-19,898", "Basic EPS": "-0.28", "Diluted EPS": "-0.28", "Basic Average Shares": "71,005", "Diluted Average Shares": "71,005", "Total Operating Income as Reported": "-22,057", "Total Expenses": "336,601", "Net Income from Continuing & Discontinued Operation": "-19,898", "Normalized Income": "-18,283", "Interest Income": "775", "Interest Expense": "11,133", "Net Interest Income": "-10,358", "EBIT": "-21,351", "EBITDA": "-", "Reconciled Cost of Revenue": "149,495", "Reconciled Depreciation": "66,401", "Net Income from Continuing Operation Net Minority Interest": "-19,898", "Total Unusual Items Excluding Goodwill": "-2,636", "Total Unusual Items": "-2,636", "Normalized EBITDA": "47,686", "Tax Rate for Calcs": "0", "Tax Effect of Unusual Items": "-1,021"}, "12/31/2018": {"Duration": "12/31/2018", "Total Revenue": "384,997", "Cost of Revenue": "176,223", "Gross Profit": "208,774", "Operating Expense": "221,835", "Operating Income": "-13,061", "Net Non Operating Interest Income Expense": "-14,177", "Other Income Expense": "-5,614", "Pretax Income": "-32,852", "Tax Provision": "-6,653", "Net Income Common Stockholders": "-26,199", "Diluted NI Available to Com Stockholders": "-26,199", "Basic EPS": "-0.38", "Diluted EPS": "-0.38", "Basic Average Shares": "68,490", "Diluted Average Shares": "68,490", "Total Operating Income as Reported": "-19,097", "Total Expenses": "398,058", "Net Income from Continuing & Discontinued Operation": "-26,199", "Normalized Income": "-21,385", "Interest Income": "78", "Interest Expense": "14,255", "Net Interest Income": "-14,177", "EBIT": "-18,597", "EBITDA": "-", "Reconciled Cost of Revenue": "176,223", "Reconciled Depreciation": "79,027", "Net Income from Continuing Operation Net Minority Interest": "-26,199", "Total Unusual Items Excluding Goodwill": "-6,036", "Total Unusual Items": "-6,036", "Normalized EBITDA": "66,466", "Tax Rate for Calcs": "0", "Tax Effect of Unusual Items": "-1,222"}}, "bs": {"12/31/2020": {"Duration": "12/31/2020", "Total Assets": "1,022,442", "Total Liabilities Net Minority Interest": "631,325", "Total Equity Gross Minority Interest": "391,117", "Total Capitalization": "754,709", "Common Stock Equity": "391,117", "Capital Lease Obligations": "29,006", "Net Tangible Assets": "-118,977", "Working Capital": "128,057", "Invested Capital": "754,709", "Tangible Book Value": "-118,977", "Total Debt": "392,598", "Net Debt": "214,691", "Share Issued": "74,536", "Ordinary Shares Number": "74,536"}, "12/31/2019": {"Duration": "12/31/2019", "Total Assets": "705,791", "Total Liabilities Net Minority Interest": "290,871", "Total Equity Gross Minority Interest": "414,920", "Total Capitalization": "621,829", "Common Stock Equity": "414,920", "Capital Lease Obligations": "14,145", "Net Tangible Assets": "-11,381", "Working Capital": "115,208", "Invested Capital": "621,829", "Tangible Book Value": "-11,381", "Total Debt": "221,054", "Net Debt": "114,201", "Share Issued": "71,931", "Ordinary Shares Number": "71,931"}, "12/31/2018": {"Duration": "12/31/2018", "Total Assets": "738,831", "Total Liabilities Net Minority Interest": "338,895", "Total Equity Gross Minority Interest": "399,936", "Total Capitalization": "655,693", "Common Stock Equity": "399,936", "Capital Lease Obligations": "1,214", "Net Tangible Assets": "-83,294", "Working Capital": "110,044", "Invested Capital": "655,693", "Tangible Book Value": "-83,294", "Total Debt": "256,971", "Net Debt": "182,615", "Share Issued": "69,551", "Ordinary Shares Number": "69,551"}}, "cf": {"TTM": {"Duration": "TTM", "Operating Cash Flow": "107,217", "Investing Cash Flow": "-186,515", "Financing Cash Flow": "130,819", "End Cash Position": "149,961", "Income Tax Paid Supplemental Data": "2,858", "Interest Paid Supplemental Data": "12,145", "Capital Expenditure": "-21,515", "Issuance of Capital Stock": "8,878", "Issuance of Debt": "-", "Repayment of Debt": "-37,188", "Repurchase of Capital Stock": "-", "Free Cash Flow": "85,702"}, "12/31/2020": {"Duration": "12/31/2020", "Operating Cash Flow": "73,593", "Investing Cash Flow": "-175,286", "Financing Cash Flow": "159,649", "End Cash Position": "150,034", "Income Tax Paid Supplemental Data": "2,822", "Interest Paid Supplemental Data": "11,082", "Capital Expenditure": "-15,286", "Issuance of Capital Stock": "8,068", "Issuance of Debt": "175,000", "Repayment of Debt": "-17,188", "Repurchase of Capital Stock": "-", "Free Cash Flow": "58,307"}, "12/31/2019": {"Duration": "12/31/2019", "Operating Cash Flow": "78,348", "Investing Cash Flow": "-6,973", "Financing Cash Flow": "-53,383", "End Cash Position": "93,117", "Income Tax Paid Supplemental Data": "4,417", "Interest Paid Supplemental Data": "11,259", "Capital Expenditure": "-6,973", "Issuance of Capital Stock": "8,603", "Issuance of Debt": "0", "Repayment of Debt": "-50,000", "Repurchase of Capital Stock": "0", "Free Cash Flow": "71,375"}, "12/31/2018": {"Duration": "12/31/2018", "Operating Cash Flow": "102,689", "Investing Cash Flow": "-7,825", "Financing Cash Flow": "-93,784", "End Cash Position": "74,191", "Income Tax Paid Supplemental Data": "5,426", "Interest Paid Supplemental Data": "13,957", "Capital Expenditure": "-7,825", "Issuance of Capital Stock": "6,839", "Issuance of Debt": "0", "Repayment of Debt": "-93,000", "Repurchase of Capital Stock": "0", "Free Cash Flow": "94,864"}}}}, {"PRKR": {"quote": {"05/12/2021": {"value": "1.0800", "Market Cap": "75.478M", "Beta (5Y Monthly)": "2.03", "PE Ratio (TTM)": "N/A", "EPS (TTM)": "-0.4160", "Earnings Date": "May 15, 2020", "Forward Dividend & Yield": "N/A (N/A)", "Ex-Dividend Date": "N/A", "1y Target Est": "N/A"}}, "fin": {"TTM": {"Duration": "TTM", "Total Revenue": "0", "Cost of Revenue": "0", "Gross Profit": "0", "Operating Expense": "10,664", "Operating Income": "-10,664", "Net Non Operating Interest Income Expense": "-547", "Other Income Expense": "-8,367", "Pretax Income": "-19,578", "Tax Provision": "0", "Net Income Common Stockholders": "-19,578", "Diluted NI Available to Com Stockholders": "-19,578", "Basic EPS": "-", "Diluted EPS": "-", "Basic Average Shares": "-", "Diluted Average Shares": "-", "Total Expenses": "10,664", "Net Income from Continuing & Discontinued Operation": "-19,578", "Normalized Income": "-19,578", "Interest Income": "0", "Interest Expense": "547", "Net Interest Income": "-547", "EBIT": "-19,031", "EBITDA": "-18,399", "Reconciled Cost of Revenue": "0", "Reconciled Depreciation": "632", "Net Income from Continuing Operation Net Minority Interest": "-19,578", "Total Unusual Items Excluding Goodwill": "-", "Total Unusual Items": "-", "Normalized EBITDA": "-18,399", "Tax Rate for Calcs": "0", "Tax Effect of Unusual Items": "0"}, "12/31/2020": {"Duration": "12/31/2020", "Total Revenue": "0", "Cost of Revenue": "0", "Gross Profit": "0", "Operating Expense": "10,664", "Operating Income": "-10,664", "Net Non Operating Interest Income Expense": "-547", "Other Income Expense": "-8,367", "Pretax Income": "-19,578", "Tax Provision": "0", "Net Income Common Stockholders": "-19,578", "Diluted NI Available to Com Stockholders": "-19,578", "Basic EPS": "-", "Diluted EPS": "-", "Basic Average Shares": "-", "Diluted Average Shares": "-", "Total Expenses": "10,664", "Net Income from Continuing & Discontinued Operation": "-19,578", "Normalized Income": "-19,578", "Interest Income": "0", "Interest Expense": "547", "Net Interest Income": "-547", "EBIT": "-19,031", "EBITDA": "-", "Reconciled Cost of Revenue": "0", "Reconciled Depreciation": "632", "Net Income from Continuing Operation Net Minority Interest": "-19,578", "Total Unusual Items Excluding Goodwill": "-", "Total Unusual Items": "-", "Normalized EBITDA": "-18,399", "Tax Rate for Calcs": "0", "Tax Effect of Unusual Items": "0"}, "12/31/2019": {"Duration": "12/31/2019", "Total Revenue": "74", "Cost of Revenue": "79", "Gross Profit": "-5", "Operating Expense": "7,936", "Operating Income": "-7,941", "Net Non Operating Interest Income Expense": "-418", "Other Income Expense": "-1,094", "Pretax Income": "-9,453", "Tax Provision": "0", "Net Income Common Stockholders": "-9,453", "Diluted NI Available to Com Stockholders": "-9,453", "Basic EPS": "-0.30", "Diluted EPS": "-0.30", "Basic Average Shares": "31,461", "Diluted Average Shares": "31,461", "Total Expenses": "8,015", "Net Income from Continuing & Discontinued Operation": "-9,453", "Normalized Income": "-9,453", "Interest Income": "3", "Interest Expense": "421", "Net Interest Income": "-418", "EBIT": "-9,032", "EBITDA": "-", "Reconciled Cost of Revenue": "79", "Reconciled Depreciation": "835", "Net Income from Continuing Operation Net Minority Interest": "-9,453", "Total Unusual Items Excluding Goodwill": "0", "Total Unusual Items": "0", "Normalized EBITDA": "-8,197", "Tax Rate for Calcs": "0", "Tax Effect of Unusual Items": "0"}, "12/31/2018": {"Duration": "12/31/2018", "Total Revenue": "135", "Cost of Revenue": "1,237", "Gross Profit": "-1,102", "Operating Expense": "13,302", "Operating Income": "-14,404", "Net Non Operating Interest Income Expense": "-114", "Other Income Expense": "-6,351", "Pretax Income": "-20,869", "Tax Provision": "0", "Net Income Common Stockholders": "-20,869", "Diluted NI Available to Com Stockholders": "-20,869", "Basic EPS": "-0.85", "Diluted EPS": "-0.85", "Basic Average Shares": "24,429", "Diluted Average Shares": "24,429", "Total Expenses": "14,539", "Net Income from Continuing & Discontinued Operation": "-20,869", "Normalized Income": "-20,179", "Interest Income": "2", "Interest Expense": "116", "Net Interest Income": "-114", "EBIT": "-20,753", "EBITDA": "-", "Reconciled Cost of Revenue": "1,237", "Reconciled Depreciation": "1,209", "Net Income from Continuing Operation Net Minority Interest": "-20,869", "Total Unusual Items Excluding Goodwill": "-690", "Total Unusual Items": "-690", "Normalized EBITDA": "-18,854", "Tax Rate for Calcs": "0", "Tax Effect of Unusual Items": "0"}}, "bs": {"12/31/2020": {"Duration": "12/31/2020", "Total Assets": "4,456", "Total Liabilities Net Minority Interest": "48,277", "Total Equity Gross Minority Interest": "-43,821", "Total Capitalization": "-40,100", "Common Stock Equity": "-43,821", "Capital Lease Obligations": "305", "Net Tangible Assets": "-45,991", "Working Capital": "-3,755", "Invested Capital": "-39,909", "Tangible Book Value": "-45,991", "Total Debt": "4,217", "Net Debt": "2,285", "Share Issued": "58,591", "Ordinary Shares Number": "58,591"}, "12/31/2019": {"Duration": "12/31/2019", "Total Assets": "3,926", "Total Liabilities Net Minority Interest": "37,023", "Total Equity Gross Minority Interest": "-33,097", "Total Capitalization": "-29,571", "Common Stock Equity": "-33,097", "Capital Lease Obligations": "555", "Net Tangible Assets": "-35,975", "Working Capital": "-5,459", "Invested Capital": "-28,038", "Tangible Book Value": "-35,975", "Total Debt": "5,614", "Net Debt": "5,002", "Share Issued": "34,097", "Ordinary Shares Number": "34,097"}, "12/31/2018": {"Duration": "12/31/2018", "Total Assets": "6,331", "Total Liabilities Net Minority Interest": "31,641", "Total Equity Gross Minority Interest": "-25,310", "Total Capitalization": "-23,674", "Common Stock Equity": "-25,310", "Capital Lease Obligations": "177", "Net Tangible Assets": "-29,212", "Working Capital": "-2,071", "Invested Capital": "-21,237", "Tangible Book Value": "-29,212", "Total Debt": "4,250", "Net Debt": "2,546", "Share Issued": "28,677", "Ordinary Shares Number": "28,677"}}, "cf": {"TTM": {"Duration": "TTM", "Operating Cash Flow": "-4,777", "Investing Cash Flow": "-1", "Financing Cash Flow": "6,348", "End Cash Position": "1,627", "Income Tax Paid Supplemental Data": "0", "Interest Paid Supplemental Data": "61", "Capital Expenditure": "-3", "Issuance of Capital Stock": "4,801", "Issuance of Debt": "1,244", "Repayment of Debt": "-1,272", "Free Cash Flow": "-4,780"}, "12/31/2020": {"Duration": "12/31/2020", "Operating Cash Flow": "-4,777", "Investing Cash Flow": "-1", "Financing Cash Flow": "6,348", "End Cash Position": "1,627", "Income Tax Paid Supplemental Data": "0", "Interest Paid Supplemental Data": "61", "Capital Expenditure": "-3", "Issuance of Capital Stock": "4,801", "Issuance of Debt": "1,244", "Repayment of Debt": "-1,272", "Free Cash Flow": "-4,780"}, "12/31/2019": {"Duration": "12/31/2019", "Operating Cash Flow": "-3,373", "Investing Cash Flow": "7", "Financing Cash Flow": "1,896", "End Cash Position": "57", "Income Tax Paid Supplemental Data": "0", "Interest Paid Supplemental Data": "4", "Capital Expenditure": "-23", "Issuance of Capital Stock": "0", "Issuance of Debt": "3,068", "Repayment of Debt": "-1,201", "Free Cash Flow": "-3,396"}, "12/31/2018": {"Duration": "12/31/2018", "Operating Cash Flow": "-10,297", "Investing Cash Flow": "55", "Financing Cash Flow": "10,415", "End Cash Position": "1,527", "Income Tax Paid Supplemental Data": "0", "Interest Paid Supplemental Data": "39", "Capital Expenditure": "-21", "Issuance of Capital Stock": "5,276", "Issuance of Debt": "5,294", "Repayment of Debt": "-134", "Free Cash Flow": "-10,318"}}}}, {"TSEM": {"quote": {"05/12/2021": {"value": "25.29", "Market Cap": "2.705B", "Beta (5Y Monthly)": "1.37", "PE Ratio (TTM)": "33.28", "EPS (TTM)": "0.76", "Earnings Date": "May 12, 2021", "Forward Dividend & Yield": "N/A (N/A)", "Ex-Dividend Date": "Sep 24, 1997", "1y Target Est": "38.25"}}, "fin": {"TTM": {"Duration": "TTM", "Total Revenue": "1,265,684", "Cost of Revenue": "1,032,366", "Gross Profit": "233,318", "Operating Expense": "142,285", "Operating Income": "91,033", "Net Non Operating Interest Income Expense": "725", "Other Income Expense": "-3,070", "Pretax Income": "88,688", "Tax Provision": "5,399", "Net Income Common Stockholders": "82,302", "Average Dilution Earnings": "-", "Diluted NI Available to Com Stockholders": "82,302", "Basic EPS": "-", "Diluted EPS": "-", "Basic Average Shares": "-", "Diluted Average Shares": "-", "Total Operating Income as Reported": "91,033", "Total Expenses": "1,174,651", "Net Income from Continuing & Discontinued Operation": "82,302", "Normalized Income": "77,428", "Interest Income": "8,484", "Interest Expense": "6,755", "Net Interest Income": "725", "EBIT": "95,443", "EBITDA": "335,974", "Reconciled Cost of Revenue": "1,032,366", "Reconciled Depreciation": "240,531", "Net Income from Continuing Operation Net Minority Interest": "82,302", "Total Unusual Items Excluding Goodwill": "5,190", "Total Unusual Items": "5,190", "Normalized EBITDA": "330,784", "Tax Rate for Calcs": "0", "Tax Effect of Unusual Items": "315.9482"}, "12/31/2020": {"Duration": "12/31/2020", "Total Revenue": "1,265,684", "Cost of Revenue": "1,032,366", "Gross Profit": "233,318", "Operating Expense": "142,285", "Operating Income": "91,033", "Net Non Operating Interest Income Expense": "725", "Other Income Expense": "-3,070", "Pretax Income": "88,688", "Tax Provision": "5,399", "Net Income Common Stockholders": "82,302", "Average Dilution Earnings": "-", "Diluted NI Available to Com Stockholders": "82,302", "Basic EPS": "0.77", "Diluted EPS": "0.76", "Basic Average Shares": "107,254", "Diluted Average Shares": "108,480", "Total Operating Income as Reported": "91,033", "Total Expenses": "1,174,651", "Net Income from Continuing & Discontinued Operation": "82,302", "Normalized Income": "77,428", "Interest Income": "8,484", "Interest Expense": "6,755", "Net Interest Income": "725", "EBIT": "95,443", "EBITDA": "-", "Reconciled Cost of Revenue": "1,032,366", "Reconciled Depreciation": "240,531", "Net Income from Continuing Operation Net Minority Interest": "82,302", "Total Unusual Items Excluding Goodwill": "5,190", "Total Unusual Items": "5,190", "Normalized EBITDA": "330,784", "Tax Rate for Calcs": "0", "Tax Effect of Unusual Items": "315.9482"}, "12/31/2019": {"Duration": "12/31/2019", "Total Revenue": "1,234,003", "Cost of Revenue": "1,004,332", "Gross Profit": "229,671", "Operating Expense": "142,955", "Operating Income": "86,716", "Net Non Operating Interest Income Expense": "4,279", "Other Income Expense": "26", "Pretax Income": "91,021", "Tax Provision": "2,948", "Net Income Common Stockholders": "90,048", "Average Dilution Earnings": "-", "Diluted NI Available to Com Stockholders": "90,048", "Basic EPS": "0.85", "Diluted EPS": "0.84", "Basic Average Shares": "106,256", "Diluted Average Shares": "107,438", "Total Operating Income as Reported": "86,716", "Total Expenses": "1,147,287", "Net Income from Continuing & Discontinued Operation": "90,048", "Normalized Income": "90,985", "Interest Income": "12,949", "Interest Expense": "6,823", "Net Interest Income": "4,279", "EBIT": "97,844", "EBITDA": "-", "Reconciled Cost of Revenue": "1,004,332", "Reconciled Depreciation": "214,474", "Net Income from Continuing Operation Net Minority Interest": "90,048", "Total Unusual Items Excluding Goodwill": "-968", "Total Unusual Items": "-968", "Normalized EBITDA": "313,286", "Tax Rate for Calcs": "0", "Tax Effect of Unusual Items": "-31.3517"}, "12/31/2018": {"Duration": "12/31/2018", "Total Revenue": "1,304,034", "Cost of Revenue": "1,011,087", "Gross Profit": "292,947", "Operating Expense": "138,004", "Operating Income": "154,943", "Net Non Operating Interest Income Expense": "-3,521", "Other Income Expense": "-12,105", "Pretax Income": "139,317", "Tax Provision": "5,938", "Net Income Common Stockholders": "135,579", "Average Dilution Earnings": "0", "Diluted NI Available to Com Stockholders": "135,579", "Basic EPS": "1.35", "Diluted EPS": "1.32", "Basic Average Shares": "100,399", "Diluted Average Shares": "102,517", "Total Operating Income as Reported": "154,943", "Total Expenses": "1,149,091", "Net Income from Continuing & Discontinued Operation": "135,579", "Normalized Income": "136,598", "Interest Income": "10,762", "Interest Expense": "10,610", "Net Interest Income": "-3,521", "EBIT": "149,927", "EBITDA": "-", "Reconciled Cost of Revenue": "1,011,087", "Reconciled Depreciation": "214,391", "Net Income from Continuing Operation Net Minority Interest": "135,579", "Total Unusual Items Excluding Goodwill": "-1,064", "Total Unusual Items": "-1,064", "Normalized EBITDA": "365,382", "Tax Rate for Calcs": "0", "Tax Effect of Unusual Items": "-45.35"}}, "bs": {"12/31/2020": {"Duration": "12/31/2020", "Total Assets": "2,094,149", "Total Liabilities Net Minority Interest": "639,247", "Total Equity Gross Minority Interest": "1,454,902", "Total Capitalization": "1,741,577", "Common Stock Equity": "1,457,812", "Capital Lease Obligations": "-", "Net Tangible Assets": "1,436,795", "Working Capital": "830,004", "Invested Capital": "1,848,090", "Tangible Book Value": "1,436,795", "Total Debt": "390,278", "Net Debt": "178,595", "Share Issued": "108,011", "Ordinary Shares Number": "107,924", "Treasury Shares Number": "87"}, "12/31/2019": {"Duration": "12/31/2019", "Total Assets": "1,932,833", "Total Liabilities Net Minority Interest": "586,110", "Total Equity Gross Minority Interest": "1,346,723", "Total Capitalization": "1,600,368", "Common Stock Equity": "1,354,547", "Capital Lease Obligations": "-", "Net Tangible Assets": "1,334,091", "Working Capital": "835,425", "Invested Capital": "1,666,300", "Tangible Book Value": "1,334,091", "Total Debt": "311,753", "Net Debt": "-", "Share Issued": "106,895", "Ordinary Shares Number": "106,808", "Treasury Shares Number": "87"}, "12/31/2018": {"Duration": "12/31/2018", "Total Assets": "1,789,977", "Total Liabilities Net Minority Interest": "553,772", "Total Equity Gross Minority Interest": "1,236,205", "Total Capitalization": "1,499,635", "Common Stock Equity": "1,242,966", "Capital Lease Obligations": "10,814", "Net Tangible Assets": "1,219,235", "Working Capital": "784,238", "Invested Capital": "1,499,635", "Tangible Book Value": "1,219,235", "Total Debt": "267,483", "Net Debt": "-", "Share Issued": "105,065", "Ordinary Shares Number": "104,979", "Treasury Shares Number": "86"}}, "cf": {"TTM": {"Duration": "TTM", "Operating Cash Flow": "276,561", "Investing Cash Flow": "-363,609", "Financing Cash Flow": "-61,187", "End Cash Position": "211,683", "Income Tax Paid Supplemental Data": "-", "Interest Paid Supplemental Data": "6,633", "Capital Expenditure": "-313,656", "Issuance of Debt": "-", "Repayment of Debt": "-63,699", "Free Cash Flow": "-37,095"}, "12/31/2020": {"Duration": "12/31/2020", "Operating Cash Flow": "276,561", "Investing Cash Flow": "-363,609", "Financing Cash Flow": "-61,187", "End Cash Position": "211,683", "Income Tax Paid Supplemental Data": "-", "Interest Paid Supplemental Data": "6,633", "Capital Expenditure": "-313,656", "Issuance of Debt": "-", "Repayment of Debt": "-63,699", "Free Cash Flow": "-37,095"}, "12/31/2019": {"Duration": "12/31/2019", "Operating Cash Flow": "291,320", "Investing Cash Flow": "-305,094", "Financing Cash Flow": "-17,560", "End Cash Position": "355,561", "Income Tax Paid Supplemental Data": "13,026", "Interest Paid Supplemental Data": "7,456", "Capital Expenditure": "-191,396", "Issuance of Debt": "0", "Repayment of Debt": "-19,402", "Free Cash Flow": "99,924"}, "12/31/2018": {"Duration": "12/31/2018", "Operating Cash Flow": "312,897", "Investing Cash Flow": "-328,217", "Financing Cash Flow": "-48,135", "End Cash Position": "385,091", "Income Tax Paid Supplemental Data": "5,768", "Interest Paid Supplemental Data": "11,835", "Capital Expenditure": "-210,192", "Issuance of Debt": "98,990", "Repayment of Debt": "-147,839", "Free Cash Flow": "102,705"}}}}, {"SLAB": {"quote": {"05/12/2021": {"value": "122.93", "Market Cap": "5.427B", "Beta (5Y Monthly)": "0.98", "PE Ratio (TTM)": "234.15", "EPS (TTM)": "0.52", "Earnings Date": "Jul 27, 2021 - Aug 02, 2021", "Forward Dividend & Yield": "N/A (N/A)", "Ex-Dividend Date": "N/A", "1y Target Est": "173.30"}}, "fin": {"TTM": {"Duration": "TTM", "Total Revenue": "927,305", "Cost of Revenue": "378,362", "Gross Profit": "548,943", "Operating Expense": "492,431", "Operating Income": "56,512", "Net Non Operating Interest Income Expense": "-29,158", "Pretax Income": "27,354", "Tax Provision": "3,558", "Net Income Common Stockholders": "23,796", "Diluted NI Available to Com Stockholders": "23,796", "Basic EPS": "-", "Diluted EPS": "-", "Basic Average Shares": "-", "Diluted Average Shares": "-", "Total Operating Income as Reported": "56,512", "Total Expenses": "870,793", "Net Income from Continuing & Discontinued Operation": "23,796", "Normalized Income": "23,796", "Interest Income": "10,767", "Interest Expense": "39,925", "Net Interest Income": "-29,158", "EBIT": "67,279", "EBITDA": "132,016", "Reconciled Cost of Revenue": "378,362", "Reconciled Depreciation": "64,737", "Net Income from Continuing Operation Net Minority Interest": "23,796", "Normalized EBITDA": "132,016", "Tax Rate for Calcs": "0", "Tax Effect of Unusual Items": "0"}, "12/31/2020": {"Duration": "12/31/2020", "Total Revenue": "886,677", "Cost of Revenue": "359,151", "Gross Profit": "527,526", "Operating Expense": "489,226", "Operating Income": "38,300", "Net Non Operating Interest Income Expense": "-22,999", "Pretax Income": "15,301", "Tax Provision": "2,770", "Net Income Common Stockholders": "12,531", "Diluted NI Available to Com Stockholders": "12,531", "Basic EPS": "0.29", "Diluted EPS": "0.28", "Basic Average Shares": "43,775", "Diluted Average Shares": "44,372", "Total Operating Income as Reported": "38,300", "Total Expenses": "848,377", "Net Income from Continuing & Discontinued Operation": "12,531", "Normalized Income": "12,531", "Interest Income": "11,143", "Interest Expense": "34,142", "Net Interest Income": "-22,999", "EBIT": "49,443", "EBITDA": "-", "Reconciled Cost of Revenue": "359,151", "Reconciled Depreciation": "62,513", "Net Income from Continuing Operation Net Minority Interest": "12,531", "Normalized EBITDA": "111,956", "Tax Rate for Calcs": "0", "Tax Effect of Unusual Items": "0"}, "12/31/2019": {"Duration": "12/31/2019", "Total Revenue": "837,554", "Cost of Revenue": "327,270", "Gross Profit": "510,284", "Operating Expense": "453,587", "Operating Income": "56,697", "Net Non Operating Interest Income Expense": "-7,048", "Pretax Income": "49,649", "Tax Provision": "30,384", "Net Income Common Stockholders": "19,265", "Diluted NI Available to Com Stockholders": "19,265", "Basic EPS": "0.44", "Diluted EPS": "0.43", "Basic Average Shares": "43,346", "Diluted Average Shares": "44,290", "Total Operating Income as Reported": "56,697", "Total Expenses": "780,857", "Net Income from Continuing & Discontinued Operation": "19,265", "Normalized Income": "19,265", "Interest Income": "13,185", "Interest Expense": "20,233", "Net Interest Income": "-7,048", "EBIT": "69,882", "EBITDA": "-", "Reconciled Cost of Revenue": "327,270", "Reconciled Depreciation": "56,467", "Net Income from Continuing Operation Net Minority Interest": "19,265", "Normalized EBITDA": "126,349", "Tax Rate for Calcs": "0", "Tax Effect of Unusual Items": "0"}, "12/31/2018": {"Duration": "12/31/2018", "Total Revenue": "868,267", "Cost of Revenue": "346,868", "Gross Profit": "521,399", "Operating Expense": "436,191", "Operating Income": "85,208", "Net Non Operating Interest Income Expense": "-13,047", "Pretax Income": "72,161", "Tax Provision": "-11,430", "Net Income Common Stockholders": "83,591", "Diluted NI Available to Com Stockholders": "83,591", "Basic EPS": "1.94", "Diluted EPS": "1.90", "Basic Average Shares": "43,159", "Diluted Average Shares": "44,044", "Total Operating Income as Reported": "85,208", "Total Expenses": "783,059", "Net Income from Continuing & Discontinued Operation": "83,591", "Normalized Income": "83,591", "Interest Income": "6,647", "Interest Expense": "19,694", "Net Interest Income": "-13,047", "EBIT": "91,855", "EBITDA": "-", "Reconciled Cost of Revenue": "346,868", "Reconciled Depreciation": "60,014", "Net Income from Continuing Operation Net Minority Interest": "83,591", "Normalized EBITDA": "151,869", "Tax Rate for Calcs": "0", "Tax Effect of Unusual Items": "0"}}, "bs": {"12/31/2020": {"Duration": "12/31/2020", "Total Assets": "1,993,487", "Total Liabilities Net Minority Interest": "793,646", "Total Equity Gross Minority Interest": "1,199,841", "Total Capitalization": "1,628,786", "Common Stock Equity": "1,199,841", "Net Tangible Assets": "401,825", "Working Capital": "691,323", "Invested Capital": "1,763,266", "Tangible Book Value": "401,825", "Total Debt": "563,425", "Net Debt": "360,705", "Share Issued": "43,925", "Ordinary Shares Number": "43,925"}, "12/31/2019": {"Duration": "12/31/2019", "Total Assets": "1,674,853", "Total Liabilities Net Minority Interest": "559,802", "Total Equity Gross Minority Interest": "1,115,051", "Total Capitalization": "1,483,308", "Common Stock Equity": "1,115,051", "Net Tangible Assets": "582,370", "Working Capital": "806,158", "Invested Capital": "1,483,308", "Tangible Book Value": "582,370", "Total Debt": "368,257", "Net Debt": "141,111", "Share Issued": "43,496", "Ordinary Shares Number": "43,496"}, "12/31/2018": {"Duration": "12/31/2018", "Total Assets": "1,624,354", "Total Liabilities Net Minority Interest": "557,064", "Total Equity Gross Minority Interest": "1,067,290", "Total Capitalization": "1,422,061", "Common Stock Equity": "1,067,290", "Net Tangible Assets": "499,114", "Working Capital": "681,793", "Invested Capital": "1,422,061", "Tangible Book Value": "499,114", "Total Debt": "354,771", "Net Debt": "157,728", "Share Issued": "43,088", "Ordinary Shares Number": "43,088"}}, "cf": {"TTM": {"Duration": "TTM", "Operating Cash Flow": "90,524", "Investing Cash Flow": "-266,129", "Financing Cash Flow": "-234,941", "End Cash Position": "205,224", "Income Tax Paid Supplemental Data": "-", "Interest Paid Supplemental Data": "-", "Capital Expenditure": "-22,463", "Issuance of Capital Stock": "-", "Issuance of Debt": "535,000", "Repayment of Debt": "-765,309", "Repurchase of Capital Stock": "0", "Free Cash Flow": "68,061"}, "12/31/2020": {"Duration": "12/31/2020", "Operating Cash Flow": "135,718", "Investing Cash Flow": "-361,011", "Financing Cash Flow": "200,867", "End Cash Position": "202,720", "Income Tax Paid Supplemental Data": "7,217", "Interest Paid Supplemental Data": "8,662", "Capital Expenditure": "-20,422", "Issuance of Capital Stock": "15,015", "Issuance of Debt": "845,000", "Repayment of Debt": "-624,737", "Repurchase of Capital Stock": "-16,287", "Free Cash Flow": "115,296"}, "12/31/2019": {"Duration": "12/31/2019", "Operating Cash Flow": "166,522", "Investing Cash Flow": "-106,772", "Financing Cash Flow": "-29,647", "End Cash Position": "227,146", "Income Tax Paid Supplemental Data": "10,291", "Interest Paid Supplemental Data": "6,367", "Capital Expenditure": "-16,279", "Issuance of Capital Stock": "14,496", "Issuance of Debt": "-", "Repayment of Debt": "-", "Repurchase of Capital Stock": "-26,716", "Free Cash Flow": "150,243"}, "12/31/2018": {"Duration": "12/31/2018", "Operating Cash Flow": "173,542", "Investing Cash Flow": "-197,029", "Financing Cash Flow": "-48,836", "End Cash Position": "197,043", "Income Tax Paid Supplemental Data": "20,599", "Interest Paid Supplemental Data": "6,227", "Capital Expenditure": "-24,462", "Issuance of Capital Stock": "13,303", "Issuance of Debt": "0", "Repayment of Debt": "0", "Repurchase of Capital Stock": "-39,276", "Free Cash Flow": "149,080"}}}}, {"MOSY": {"quote": {"05/12/2021": {"value": "3.0100", "Market Cap": "19.751M", "Beta (5Y Monthly)": "N/A", "PE Ratio (TTM)": "N/A", "EPS (TTM)": "-1.0860", "Earnings Date": "May 06, 2021", "Forward Dividend & Yield": "N/A (N/A)", "Ex-Dividend Date": "N/A", "1y Target Est": "1.00"}}, "fin": {"TTM": {"Duration": "TTM", "Total Revenue": "6,795", "Cost of Revenue": "2,329", "Gross Profit": "4,466", "Operating Expense": "8,017", "Operating Income": "-3,551", "Net Non Operating Interest Income Expense": "-243", "Other Income Expense": "14", "Pretax Income": "-3,780", "Tax Provision": "0", "Net Income Common Stockholders": "-4,172", "Diluted NI Available to Com Stockholders": "-4,172", "Basic EPS": "-", "Diluted EPS": "-", "Basic Average Shares": "-", "Diluted Average Shares": "-", "Total Operating Income as Reported": "-3,551", "Total Expenses": "10,346", "Net Income from Continuing & Discontinued Operation": "-3,780", "Normalized Income": "-3,780", "Interest Expense": "243", "Net Interest Income": "-243", "EBIT": "-3,537", "EBITDA": "-3,182", "Reconciled Cost of Revenue": "2,329", "Reconciled Depreciation": "355", "Net Income from Continuing Operation Net Minority Interest": "-3,780", "Total Unusual Items Excluding Goodwill": "0", "Total Unusual Items": "0", "Normalized EBITDA": "-3,182", "Tax Rate for Calcs": "0", "Tax Effect of Unusual Items": "0"}, "12/31/2020": {"Duration": "12/31/2020", "Total Revenue": "6,795", "Cost of Revenue": "2,329", "Gross Profit": "4,466", "Operating Expense": "8,017", "Operating Income": "-3,551", "Net Non Operating Interest Income Expense": "-243", "Other Income Expense": "14", "Pretax Income": "-3,780", "Tax Provision": "-", "Net Income Common Stockholders": "-4,172", "Diluted NI Available to Com Stockholders": "-4,172", "Basic EPS": "-", "Diluted EPS": "-", "Basic Average Shares": "-", "Diluted Average Shares": "-", "Total Operating Income as Reported": "-3,551", "Total Expenses": "10,346", "Net Income from Continuing & Discontinued Operation": "-3,780", "Normalized Income": "-3,780", "Interest Expense": "243", "Net Interest Income": "-243", "EBIT": "-3,537", "EBITDA": "-", "Reconciled Cost of Revenue": "2,329", "Reconciled Depreciation": "355", "Net Income from Continuing Operation Net Minority Interest": "-3,780", "Total Unusual Items Excluding Goodwill": "0", "Total Unusual Items": "0", "Normalized EBITDA": "-3,182", "Tax Rate for Calcs": "0", "Tax Effect of Unusual Items": "0"}, "12/31/2019": {"Duration": "12/31/2019", "Total Revenue": "10,086", "Cost of Revenue": "3,931", "Gross Profit": "6,155", "Operating Expense": "8,198", "Operating Income": "-2,043", "Net Non Operating Interest Income Expense": "-220", "Other Income Expense": "-317", "Pretax Income": "-2,580", "Tax Provision": "0", "Net Income Common Stockholders": "-2,580", "Diluted NI Available to Com Stockholders": "-2,580", "Basic EPS": "-1.19", "Diluted EPS": "-1.19", "Basic Average Shares": "2,165", "Diluted Average Shares": "2,165", "Total Operating Income as Reported": "-2,463", "Total Expenses": "12,129", "Net Income from Continuing & Discontinued Operation": "-2,580", "Normalized Income": "-2,160", "Interest Expense": "220", "Net Interest Income": "-220", "EBIT": "-2,360", "EBITDA": "-", "Reconciled Cost of Revenue": "3,931", "Reconciled Depreciation": "185", "Net Income from Continuing Operation Net Minority Interest": "-2,580", "Total Unusual Items Excluding Goodwill": "-420", "Total Unusual Items": "-420", "Normalized EBITDA": "-1,755", "Tax Rate for Calcs": "0", "Tax Effect of Unusual Items": "0"}, "12/31/2018": {"Duration": "12/31/2018", "Total Revenue": "16,600", "Cost of Revenue": "6,346", "Gross Profit": "10,254", "Operating Expense": "8,224", "Operating Income": "2,030", "Net Non Operating Interest Income Expense": "-582", "Other Income Expense": "-12,844", "Pretax Income": "-11,396", "Tax Provision": "13", "Net Income Common Stockholders": "-11,409", "Diluted NI Available to Com Stockholders": "-11,409", "Basic EPS": "-14.80", "Diluted EPS": "-14.80", "Basic Average Shares": "769.65", "Diluted Average Shares": "769.65", "Total Operating Income as Reported": "-10,826", "Total Expenses": "14,570", "Net Income from Continuing & Discontinued Operation": "-11,409", "Normalized Income": "-2,024", "Interest Expense": "582", "Net Interest Income": "-582", "EBIT": "-10,814", "EBITDA": "-", "Reconciled Cost of Revenue": "6,346", "Reconciled Depreciation": "709", "Net Income from Continuing Operation Net Minority Interest": "-11,409", "Total Unusual Items Excluding Goodwill": "-12,856", "Total Unusual Items": "-12,856", "Normalized EBITDA": "2,751", "Tax Rate for Calcs": "0", "Tax Effect of Unusual Items": "-3,471"}}, "bs": {"12/31/2020": {"Duration": "12/31/2020", "Total Assets": "8,298", "Total Liabilities Net Minority Interest": "5,366", "Total Equity Gross Minority Interest": "2,932", "Total Capitalization": "6,359", "Common Stock Equity": "2,932", "Capital Lease Obligations": "304", "Net Tangible Assets": "2,932", "Working Capital": "6,021", "Invested Capital": "6,603", "Tangible Book Value": "2,932", "Total Debt": "3,975", "Net Debt": "3,671", "Share Issued": "3,554", "Ordinary Shares Number": "3,554"}, "12/31/2019": {"Duration": "12/31/2019", "Total Assets": "9,399", "Total Liabilities Net Minority Interest": "4,563", "Total Equity Gross Minority Interest": "4,836", "Total Capitalization": "7,694", "Common Stock Equity": "4,836", "Capital Lease Obligations": "166", "Net Tangible Assets": "4,836", "Working Capital": "7,263", "Invested Capital": "7,694", "Tangible Book Value": "4,836", "Total Debt": "3,024", "Net Debt": "2,858", "Share Issued": "2,179", "Ordinary Shares Number": "2,179"}, "12/31/2018": {"Duration": "12/31/2018", "Total Assets": "11,756", "Total Liabilities Net Minority Interest": "4,599", "Total Equity Gross Minority Interest": "7,157", "Total Capitalization": "9,828", "Common Stock Equity": "7,157", "Capital Lease Obligations": "-", "Net Tangible Assets": "6,737", "Working Capital": "8,886", "Invested Capital": "9,828", "Tangible Book Value": "6,737", "Total Debt": "2,671", "Net Debt": "-", "Share Issued": "2,148", "Ordinary Shares Number": "2,148"}}, "cf": {"TTM": {"Duration": "TTM", "Operating Cash Flow": "-2,591", "Investing Cash Flow": "229", "Financing Cash Flow": "2,198", "End Cash Position": "5,889", "Income Tax Paid Supplemental Data": "2", "Capital Expenditure": "-71", "Issuance of Capital Stock": "1,619", "Issuance of Debt": "579", "Repayment of Debt": "0", "Repurchase of Capital Stock": "-", "Free Cash Flow": "-2,662"}, "12/31/2020": {"Duration": "12/31/2020", "Operating Cash Flow": "-2,591", "Investing Cash Flow": "229", "Financing Cash Flow": "2,198", "End Cash Position": "5,889", "Income Tax Paid Supplemental Data": "2", "Capital Expenditure": "-71", "Issuance of Capital Stock": "1,619", "Issuance of Debt": "579", "Repayment of Debt": "-", "Repurchase of Capital Stock": "-", "Free Cash Flow": "-2,662"}, "12/31/2019": {"Duration": "12/31/2019", "Operating Cash Flow": "-651", "Investing Cash Flow": "-396", "Financing Cash Flow": "-4", "End Cash Position": "6,053", "Income Tax Paid Supplemental Data": "2", "Capital Expenditure": "-103", "Issuance of Capital Stock": "0", "Issuance of Debt": "-", "Repayment of Debt": "0", "Repurchase of Capital Stock": "-", "Free Cash Flow": "-754"}, "12/31/2018": {"Duration": "12/31/2018", "Operating Cash Flow": "335", "Investing Cash Flow": "-50", "Financing Cash Flow": "2,951", "End Cash Position": "7,104", "Income Tax Paid Supplemental Data": "15", "Capital Expenditure": "-50", "Issuance of Capital Stock": "10,362", "Issuance of Debt": "0", "Repayment of Debt": "0", "Repurchase of Capital Stock": "-7,365", "Free Cash Flow": "285"}}}}, {"MPAD": {"quote": {"05/12/2021": {"value": "15.30", "Market Cap": "39.448M", "Beta (5Y Monthly)": "0.34", "PE Ratio (TTM)": "82.26", "EPS (TTM)": "0.19", "Earnings Date": "N/A", "Forward Dividend & Yield": "N/A (N/A)", "Ex-Dividend Date": "Jan 05, 2021", "1y Target Est": "N/A"}}, "fin": {"TTM": {"Duration": "TTM", "Total Revenue": "20,367", "Cost of Revenue": "13,040", "Gross Profit": "7,327", "Operating Expense": "6,854", "Operating Income": "473", "Net Non Operating Interest Income Expense": "-", "Other Income Expense": "20", "Pretax Income": "536", "Tax Provision": "57", "Net Income Common Stockholders": "479", "Diluted NI Available to Com Stockholders": "479", "Basic EPS": "-", "Diluted EPS": "-", "Basic Average Shares": "-", "Diluted Average Shares": "-", "Total Operating Income as Reported": "473", "Total Expenses": "19,894", "Net Income from Continuing & Discontinued Operation": "479", "Normalized Income": "479", "Net Interest Income": "-", "EBIT": "473", "EBITDA": "862", "Reconciled Cost of Revenue": "13,040", "Reconciled Depreciation": "389", "Net Income from Continuing Operation Net Minority Interest": "479", "Total Unusual Items Excluding Goodwill": "-", "Total Unusual Items": "-", "Normalized EBITDA": "862", "Tax Rate for Calcs": "0", "Tax Effect of Unusual Items": "0"}, "11/30/2020": {"Duration": "11/30/2020", "Total Revenue": "22,274", "Cost of Revenue": "13,675", "Gross Profit": "8,599", "Operating Expense": "6,974", "Operating Income": "1,625", "Net Non Operating Interest Income Expense": "43", "Other Income Expense": "22", "Pretax Income": "1,690", "Tax Provision": "218", "Net Income Common Stockholders": "1,472", "Diluted NI Available to Com Stockholders": "1,472", "Basic EPS": "0.57", "Diluted EPS": "0.57", "Basic Average Shares": "2,578", "Diluted Average Shares": "2,578", "Total Operating Income as Reported": "1,625", "Total Expenses": "20,649", "Net Income from Continuing & Discontinued Operation": "1,472", "Normalized Income": "1,472", "Net Interest Income": "43", "EBIT": "1,625", "EBITDA": "-", "Reconciled Cost of Revenue": "13,675", "Reconciled Depreciation": "377", "Net Income from Continuing Operation Net Minority Interest": "1,472", "Total Unusual Items Excluding Goodwill": "-", "Total Unusual Items": "-", "Normalized EBITDA": "2,002", "Tax Rate for Calcs": "0", "Tax Effect of Unusual Items": "0"}, "11/30/2019": {"Duration": "11/30/2019", "Total Revenue": "25,450", "Cost of Revenue": "13,753", "Gross Profit": "11,697", "Operating Expense": "7,380", "Operating Income": "4,317", "Net Non Operating Interest Income Expense": "95", "Other Income Expense": "27", "Pretax Income": "4,439", "Tax Provision": "726", "Net Income Common Stockholders": "3,713", "Diluted NI Available to Com Stockholders": "3,713", "Basic EPS": "1.44", "Diluted EPS": "1.44", "Basic Average Shares": "2,578", "Diluted Average Shares": "2,578", "Total Operating Income as Reported": "4,317", "Total Expenses": "21,133", "Net Income from Continuing & Discontinued Operation": "3,713", "Normalized Income": "3,713", "Net Interest Income": "95", "EBIT": "4,317", "EBITDA": "-", "Reconciled Cost of Revenue": "13,753", "Reconciled Depreciation": "379", "Net Income from Continuing Operation Net Minority Interest": "3,713", "Total Unusual Items Excluding Goodwill": "-", "Total Unusual Items": "-", "Normalized EBITDA": "4,696", "Tax Rate for Calcs": "0", "Tax Effect of Unusual Items": "0"}, "11/30/2018": {"Duration": "11/30/2018", "Total Revenue": "20,967", "Cost of Revenue": "13,001", "Gross Profit": "7,966", "Operating Expense": "6,655", "Operating Income": "1,311", "Net Non Operating Interest Income Expense": "67", "Other Income Expense": "44", "Pretax Income": "1,422", "Tax Provision": "-19", "Net Income Common Stockholders": "1,441", "Diluted NI Available to Com Stockholders": "1,441", "Basic EPS": "0.56", "Diluted EPS": "0.56", "Basic Average Shares": "2,578", "Diluted Average Shares": "2,578", "Total Operating Income as Reported": "1,312", "Total Expenses": "19,656", "Net Income from Continuing & Discontinued Operation": "1,441", "Normalized Income": "1,441", "Net Interest Income": "67", "EBIT": "1,311", "EBITDA": "-", "Reconciled Cost of Revenue": "13,001", "Reconciled Depreciation": "319", "Net Income from Continuing Operation Net Minority Interest": "1,441", "Total Unusual Items Excluding Goodwill": "-", "Total Unusual Items": "-", "Normalized EBITDA": "1,630", "Tax Rate for Calcs": "0", "Tax Effect of Unusual Items": "0"}}, "bs": {"11/30/2020": {"Duration": "11/30/2020", "Total Assets": "31,701", "Total Liabilities Net Minority Interest": "2,234", "Total Equity Gross Minority Interest": "29,467", "Total Capitalization": "29,467", "Common Stock Equity": "29,467", "Capital Lease Obligations": "117", "Net Tangible Assets": "29,467", "Working Capital": "25,505", "Invested Capital": "29,467", "Tangible Book Value": "29,467", "Total Debt": "117", "Share Issued": "3,078", "Ordinary Shares Number": "2,578", "Treasury Shares Number": "500"}, "11/30/2019": {"Duration": "11/30/2019", "Total Assets": "31,144", "Total Liabilities Net Minority Interest": "2,891", "Total Equity Gross Minority Interest": "28,253", "Total Capitalization": "28,253", "Common Stock Equity": "28,253", "Capital Lease Obligations": "-", "Net Tangible Assets": "28,253", "Working Capital": "24,624", "Invested Capital": "28,253", "Tangible Book Value": "28,253", "Total Debt": "-", "Share Issued": "3,078", "Ordinary Shares Number": "2,578", "Treasury Shares Number": "500"}, "11/30/2018": {"Duration": "11/30/2018", "Total Assets": "27,646", "Total Liabilities Net Minority Interest": "2,903", "Total Equity Gross Minority Interest": "24,743", "Total Capitalization": "24,743", "Common Stock Equity": "24,743", "Capital Lease Obligations": "-", "Net Tangible Assets": "24,743", "Working Capital": "20,906", "Invested Capital": "24,743", "Tangible Book Value": "24,743", "Total Debt": "-", "Share Issued": "3,078", "Ordinary Shares Number": "2,578", "Treasury Shares Number": "500"}}, "cf": {"TTM": {"Duration": "TTM", "Operating Cash Flow": "228", "Investing Cash Flow": "-1,346", "Financing Cash Flow": "-258", "End Cash Position": "13,330", "Income Tax Paid Supplemental Data": "866", "Capital Expenditure": "-1,346", "Free Cash Flow": "-1,118"}, "11/30/2020": {"Duration": "11/30/2020", "Operating Cash Flow": "-416", "Investing Cash Flow": "1,403", "Financing Cash Flow": "-258", "End Cash Position": "14,619", "Income Tax Paid Supplemental Data": "630", "Capital Expenditure": "-686", "Free Cash Flow": "-1,102"}, "11/30/2019": {"Duration": "11/30/2019", "Operating Cash Flow": "3,944", "Investing Cash Flow": "-279", "Financing Cash Flow": "-258", "End Cash Position": "13,890", "Income Tax Paid Supplemental Data": "44", "Capital Expenditure": "-249", "Free Cash Flow": "3,695"}, "11/30/2018": {"Duration": "11/30/2018", "Operating Cash Flow": "1,674", "Investing Cash Flow": "-321", "Financing Cash Flow": "-258", "End Cash Position": "10,483", "Income Tax Paid Supplemental Data": "16", "Capital Expenditure": "-293", "Free Cash Flow": "1,381"}}}}, {"MMTIF": {"quote": {"05/12/2021": {"value": "0.1400", "Market Cap": "60.689M", "Beta (5Y Monthly)": "2.60", "PE Ratio (TTM)": "N/A", "EPS (TTM)": "-0.0020", "Earnings Date": "N/A", "Forward Dividend & Yield": "N/A (N/A)", "Ex-Dividend Date": "N/A", "1y Target Est": "N/A"}}, "fin": {"TTM": {"Duration": "TTM", "Total Revenue": "0", "Operating Expense": "813.382", "Operating Income": "-813.382", "Net Non Operating Interest Income Expense": "-1,659", "Other Income Expense": "1,733", "Pretax Income": "-739.671", "Tax Provision": "0", "Net Income Common Stockholders": "-739.671", "Diluted NI Available to Com Stockholders": "-739.671", "Basic EPS": "-", "Diluted EPS": "-", "Basic Average Shares": "-", "Diluted Average Shares": "-", "Total Operating Income as Reported": "-", "Rent Expense Supplemental": "31.383", "Total Expenses": "813.382", "Net Income from Continuing & Discontinued Operation": "-739.671", "Normalized Income": "-2,472", "Interest Expense": "1,629", "Net Interest Income": "-1,659", "EBIT": "889.11", "EBITDA": "924.915", "Reconciled Depreciation": "35.805", "Net Income from Continuing Operation Net Minority Interest": "-739.671", "Total Unusual Items Excluding Goodwill": "1,733", "Total Unusual Items": "1,733", "Normalized EBITDA": "-807.856", "Tax Rate for Calcs": "0", "Tax Effect of Unusual Items": "0"}, "10/31/2020": {"Duration": "10/31/2020", "Total Revenue": "0", "Operating Expense": "660.301", "Operating Income": "-660.301", "Net Non Operating Interest Income Expense": "-1,577", "Other Income Expense": "991.595", "Pretax Income": "-1,245", "Tax Provision": "0", "Net Income Common Stockholders": "-1,245", "Diluted NI Available to Com Stockholders": "-1,245", "Basic EPS": "-0.00", "Diluted EPS": "-0.00", "Basic Average Shares": "377,380", "Diluted Average Shares": "377,380", "Total Operating Income as Reported": "-", "Rent Expense Supplemental": "37.153", "Total Expenses": "660.301", "Net Income from Continuing & Discontinued Operation": "-1,245", "Normalized Income": "-2,237", "Interest Expense": "1,541", "Net Interest Income": "-1,577", "EBIT": "295.794", "EBITDA": "-", "Reconciled Depreciation": "35.858", "Net Income from Continuing Operation Net Minority Interest": "-1,245", "Total Unusual Items Excluding Goodwill": "991.595", "Total Unusual Items": "991.595", "Normalized EBITDA": "-659.943", "Tax Rate for Calcs": "0", "Tax Effect of Unusual Items": "0"}, "10/31/2019": {"Duration": "10/31/2019", "Total Revenue": "0", "Operating Expense": "806.348", "Operating Income": "-806.348", "Net Non Operating Interest Income Expense": "-2,086", "Other Income Expense": "59.568", "Pretax Income": "-2,833", "Tax Provision": "0", "Net Income Common Stockholders": "-2,833", "Diluted NI Available to Com Stockholders": "-2,833", "Basic EPS": "-0.01", "Diluted EPS": "-0.01", "Basic Average Shares": "288,398", "Diluted Average Shares": "288,398", "Total Operating Income as Reported": "-", "Rent Expense Supplemental": "64.647", "Total Expenses": "806.348", "Net Income from Continuing & Discontinued Operation": "-2,833", "Normalized Income": "-2,892", "Interest Expense": "2,014", "Net Interest Income": "-2,086", "EBIT": "-819.256", "EBITDA": "-", "Reconciled Depreciation": "156.137", "Net Income from Continuing Operation Net Minority Interest": "-2,833", "Total Unusual Items Excluding Goodwill": "59.568", "Total Unusual Items": "59.568", "Normalized EBITDA": "-722.687", "Tax Rate for Calcs": "0", "Tax Effect of Unusual Items": "0"}, "10/31/2018": {"Duration": "10/31/2018", "Total Revenue": "0", "Operating Expense": "1,326", "Operating Income": "-1,326", "Net Non Operating Interest Income Expense": "-2,585", "Other Income Expense": "1,548", "Pretax Income": "-2,362", "Tax Provision": "0", "Net Income Common Stockholders": "-2,362", "Diluted NI Available to Com Stockholders": "-2,362", "Basic EPS": "-0.01", "Diluted EPS": "-0.01", "Basic Average Shares": "237,243", "Diluted Average Shares": "237,243", "Total Operating Income as Reported": "-", "Rent Expense Supplemental": "70.674", "Total Expenses": "1,326", "Net Income from Continuing & Discontinued Operation": "-2,362", "Normalized Income": "-3,910", "Interest Expense": "2,544", "Net Interest Income": "-2,585", "EBIT": "181.883", "EBITDA": "-", "Reconciled Depreciation": "160.882", "Net Income from Continuing Operation Net Minority Interest": "-2,362", "Total Unusual Items Excluding Goodwill": "1,548", "Total Unusual Items": "1,548", "Normalized EBITDA": "-1,205", "Tax Rate for Calcs": "0", "Tax Effect of Unusual Items": "0"}}, "bs": {"10/31/2020": {"Duration": "10/31/2020", "Total Assets": "278.026", "Total Liabilities Net Minority Interest": "4,465", "Total Equity Gross Minority Interest": "-4,187", "Total Capitalization": "-4,157", "Common Stock Equity": "-4,187", "Capital Lease Obligations": "52.07", "Net Tangible Assets": "-4,199", "Working Capital": "-4,203", "Invested Capital": "-1,076", "Tangible Book Value": "-4,199", "Total Debt": "3,164", "Net Debt": "2,920", "Share Issued": "402,552", "Ordinary Shares Number": "402,552"}, "10/31/2019": {"Duration": "10/31/2019", "Total Assets": "83.484", "Total Liabilities Net Minority Interest": "4,362", "Total Equity Gross Minority Interest": "-4,279", "Total Capitalization": "-4,279", "Common Stock Equity": "-4,279", "Capital Lease Obligations": "-", "Net Tangible Assets": "-4,299", "Working Capital": "-4,301", "Invested Capital": "-1,680", "Tangible Book Value": "-4,299", "Total Debt": "2,599", "Net Debt": "2,553", "Share Issued": "346,953", "Ordinary Shares Number": "346,953"}, "10/31/2018": {"Duration": "10/31/2018", "Total Assets": "710.737", "Total Liabilities Net Minority Interest": "4,134", "Total Equity Gross Minority Interest": "-3,423", "Total Capitalization": "-3,423", "Common Stock Equity": "-3,423", "Capital Lease Obligations": "-", "Net Tangible Assets": "-3,819", "Working Capital": "-3,829", "Invested Capital": "-946.599", "Tangible Book Value": "-3,819", "Total Debt": "2,477", "Net Debt": "2,270", "Share Issued": "259,603", "Ordinary Shares Number": "259,603"}}, "cf": {"TTM": {"Duration": "TTM", "Operating Cash Flow": "-399.415", "Investing Cash Flow": "-", "Financing Cash Flow": "271.826", "End Cash Position": "53.331", "Income Tax Paid Supplemental Data": "0", "Interest Paid Supplemental Data": "106.409", "Capital Expenditure": "-", "Issuance of Capital Stock": "523.173", "Issuance of Debt": "362.257", "Repayment of Debt": "-267.384", "Free Cash Flow": "-399.415"}, "10/31/2020": {"Duration": "10/31/2020", "Operating Cash Flow": "-760.572", "Investing Cash Flow": "0", "Financing Cash Flow": "905.995", "End Cash Position": "191.479", "Income Tax Paid Supplemental Data": "0", "Interest Paid Supplemental Data": "177.852", "Capital Expenditure": "-", "Issuance of Capital Stock": "425.789", "Issuance of Debt": "642.548", "Repayment of Debt": "-162.343", "Free Cash Flow": "-760.572"}, "10/31/2019": {"Duration": "10/31/2019", "Operating Cash Flow": "-982.437", "Investing Cash Flow": "0", "Financing Cash Flow": "821.661", "End Cash Position": "46.056", "Income Tax Paid Supplemental Data": "0", "Interest Paid Supplemental Data": "353.214", "Capital Expenditure": "-", "Issuance of Capital Stock": "212.968", "Issuance of Debt": "780.891", "Repayment of Debt": "-172.198", "Free Cash Flow": "-982.437"}, "10/31/2018": {"Duration": "10/31/2018", "Operating Cash Flow": "-1,465", "Investing Cash Flow": "-125.151", "Financing Cash Flow": "1,787", "End Cash Position": "206.832", "Income Tax Paid Supplemental Data": "0", "Interest Paid Supplemental Data": "322.93", "Capital Expenditure": "-125.151", "Issuance of Capital Stock": "866.2", "Issuance of Debt": "1,458", "Repayment of Debt": "-662.08", "Free Cash Flow": "-1,590"}}}}, {"MTLK": {"quote": {"05/12/2021": {"value": "0.5677", "Market Cap": "712,826", "Beta (5Y Monthly)": "N/A", "PE Ratio (TTM)": "N/A", "EPS (TTM)": "-0.0180", "Earnings Date": "N/A", "Forward Dividend & Yield": "N/A (N/A)", "Ex-Dividend Date": "Mar 13, 2013", "1y Target Est": "1.00"}}, "fin": {"TTM": {"Duration": "TTM", "Total Revenue": "0", "Cost of Revenue": "-", "Gross Profit": "-", "Operating Expense": "48", "Operating Income": "-48", "Net Non Operating Interest Income Expense": "25", "Pretax Income": "-23", "Net Income Common Stockholders": "-23", "Diluted NI Available to Com Stockholders": "-23", "Basic EPS": "-", "Diluted EPS": "-", "Basic Average Shares": "-", "Diluted Average Shares": "-", "Total Operating Income as Reported": "-48", "Total Expenses": "48", "Net Income from Continuing & Discontinued Operation": "-23", "Normalized Income": "-23", "Interest Income": "25", "Net Interest Income": "25", "EBIT": "-48", "EBITDA": "-48", "Reconciled Cost of Revenue": "-", "Net Income from Continuing Operation Net Minority Interest": "-23", "Normalized EBITDA": "-48", "Tax Rate for Calcs": "0", "Tax Effect of Unusual Items": "0"}, "12/31/2020": {"Duration": "12/31/2020", "Total Revenue": "0", "Cost of Revenue": "-", "Gross Profit": "-", "Operating Expense": "48", "Operating Income": "-48", "Net Non Operating Interest Income Expense": "25", "Pretax Income": "-23", "Net Income Common Stockholders": "-23", "Diluted NI Available to Com Stockholders": "-23", "Basic EPS": "-0.02", "Diluted EPS": "-0.02", "Basic Average Shares": "1,256", "Diluted Average Shares": "1,256", "Total Operating Income as Reported": "-48", "Total Expenses": "48", "Net Income from Continuing & Discontinued Operation": "-23", "Normalized Income": "-23", "Interest Income": "25", "Net Interest Income": "25", "EBIT": "-48", "EBITDA": "-", "Reconciled Cost of Revenue": "-", "Net Income from Continuing Operation Net Minority Interest": "-23", "Normalized EBITDA": "-48", "Tax Rate for Calcs": "0", "Tax Effect of Unusual Items": "0"}, "12/31/2019": {"Duration": "12/31/2019", "Total Revenue": "0", "Cost of Revenue": "0", "Gross Profit": "0", "Operating Expense": "45", "Operating Income": "-45", "Net Non Operating Interest Income Expense": "49", "Pretax Income": "4", "Net Income Common Stockholders": "4", "Diluted NI Available to Com Stockholders": "4", "Basic EPS": "-", "Diluted EPS": "-", "Basic Average Shares": "-", "Diluted Average Shares": "-", "Total Operating Income as Reported": "-45", "Total Expenses": "45", "Net Income from Continuing & Discontinued Operation": "4", "Normalized Income": "4", "Interest Income": "49", "Net Interest Income": "49", "EBIT": "-45", "EBITDA": "-", "Reconciled Cost of Revenue": "0", "Net Income from Continuing Operation Net Minority Interest": "4", "Normalized EBITDA": "-45", "Tax Rate for Calcs": "0", "Tax Effect of Unusual Items": "0"}, "12/31/2018": {"Duration": "12/31/2018", "Total Revenue": "0", "Cost of Revenue": "0", "Gross Profit": "0", "Operating Expense": "58", "Operating Income": "-58", "Net Non Operating Interest Income Expense": "23", "Pretax Income": "-35", "Net Income Common Stockholders": "-35", "Diluted NI Available to Com Stockholders": "-35", "Basic EPS": "-0.03", "Diluted EPS": "-0.03", "Basic Average Shares": "1,256", "Diluted Average Shares": "1,256", "Total Operating Income as Reported": "-58", "Total Expenses": "58", "Net Income from Continuing & Discontinued Operation": "-35", "Normalized Income": "-35", "Interest Income": "-", "Net Interest Income": "23", "EBIT": "-58", "EBITDA": "-", "Reconciled Cost of Revenue": "0", "Net Income from Continuing Operation Net Minority Interest": "-35", "Normalized EBITDA": "-58", "Tax Rate for Calcs": "0", "Tax Effect of Unusual Items": "0"}}, "bs": {"12/31/2020": {"Duration": "12/31/2020", "Total Assets": "1,925", "Total Liabilities Net Minority Interest": "159", "Total Equity Gross Minority Interest": "1,766", "Total Capitalization": "1,766", "Common Stock Equity": "1,766", "Net Tangible Assets": "1,766", "Working Capital": "1,766", "Invested Capital": "1,766", "Tangible Book Value": "1,766", "Share Issued": "2,781", "Ordinary Shares Number": "1,256", "Treasury Shares Number": "1,525"}, "12/31/2019": {"Duration": "12/31/2019", "Total Assets": "1,931", "Total Liabilities Net Minority Interest": "142", "Total Equity Gross Minority Interest": "1,789", "Total Capitalization": "1,789", "Common Stock Equity": "1,789", "Net Tangible Assets": "1,789", "Working Capital": "1,789", "Invested Capital": "1,789", "Tangible Book Value": "1,789", "Share Issued": "2,781", "Ordinary Shares Number": "1,256", "Treasury Shares Number": "1,525"}, "12/31/2018": {"Duration": "12/31/2018", "Total Assets": "1,926", "Total Liabilities Net Minority Interest": "141", "Total Equity Gross Minority Interest": "1,785", "Total Capitalization": "1,785", "Common Stock Equity": "1,785", "Net Tangible Assets": "1,785", "Working Capital": "1,785", "Invested Capital": "1,785", "Tangible Book Value": "1,785", "Share Issued": "2,781", "Ordinary Shares Number": "1,256", "Treasury Shares Number": "1,525"}}, "cf": {"TTM": {"Duration": "TTM", "Operating Cash Flow": "-11", "Investing Cash Flow": "300", "Financing Cash Flow": "-", "End Cash Position": "301", "Repurchase of Capital Stock": "-", "Free Cash Flow": "-11"}, "12/31/2020": {"Duration": "12/31/2020", "Operating Cash Flow": "-11", "Investing Cash Flow": "300", "Financing Cash Flow": "-", "End Cash Position": "301", "Repurchase of Capital Stock": "-", "Free Cash Flow": "-11"}, "12/31/2019": {"Duration": "12/31/2019", "Operating Cash Flow": "5", "Investing Cash Flow": "-17", "Financing Cash Flow": "0", "End Cash Position": "12", "Repurchase of Capital Stock": "0", "Free Cash Flow": "5"}, "12/31/2018": {"Duration": "12/31/2018", "Operating Cash Flow": "-40", "Investing Cash Flow": "-1,902", "Financing Cash Flow": "0", "End Cash Position": "24", "Repurchase of Capital Stock": "0", "Free Cash Flow": "-40"}}}}, {"POWI": {"quote": {"05/12/2021": {"value": "73.65", "Market Cap": "4.467B", "Beta (5Y Monthly)": "0.93", "PE Ratio (TTM)": "47.18", "EPS (TTM)": "1.56", "Earnings Date": "Jul 28, 2021 - Aug 02, 2021", "Forward Dividend & Yield": "0.52 (0.67%)", "Ex-Dividend Date": "May 27, 2021", "1y Target Est": "98.00"}}, "fin": {"TTM": {"Duration": "TTM", "Total Revenue": "552,391", "Cost of Revenue": "280,870", "Gross Profit": "271,521", "Operating Expense": "175,942", "Operating Income": "95,579", "Other Income Expense": "3,584", "Pretax Income": "99,163", "Tax Provision": "4,075", "Net Income Common Stockholders": "95,088", "Diluted NI Available to Com Stockholders": "95,088", "Basic EPS": "-", "Diluted EPS": "-", "Basic Average Shares": "-", "Diluted Average Shares": "-", "Total Operating Income as Reported": "95,579", "Total Expenses": "456,812", "Net Income from Continuing & Discontinued Operation": "95,088", "Normalized Income": "95,088", "EBIT": "95,579", "EBITDA": "125,561", "Reconciled Cost of Revenue": "280,870", "Reconciled Depreciation": "29,982", "Net Income from Continuing Operation Net Minority Interest": "95,088", "Total Unusual Items Excluding Goodwill": "0", "Total Unusual Items": "0", "Normalized EBITDA": "125,561", "Tax Rate for Calcs": "0", "Tax Effect of Unusual Items": "0"}, "12/31/2020": {"Duration": "12/31/2020", "Total Revenue": "488,318", "Cost of Revenue": "244,728", "Gross Profit": "243,590", "Operating Expense": "173,103", "Operating Income": "70,487", "Other Income Expense": "4,764", "Pretax Income": "75,251", "Tax Provision": "4,075", "Net Income Common Stockholders": "71,176", "Diluted NI Available to Com Stockholders": "71,176", "Basic EPS": "1.19", "Diluted EPS": "1.17", "Basic Average Shares": "59,657", "Diluted Average Shares": "60,845", "Total Operating Income as Reported": "70,487", "Total Expenses": "417,831", "Net Income from Continuing & Discontinued Operation": "71,176", "Normalized Income": "71,176", "EBIT": "70,487", "EBITDA": "-", "Reconciled Cost of Revenue": "244,728", "Reconciled Depreciation": "28,102", "Net Income from Continuing Operation Net Minority Interest": "71,176", "Total Unusual Items Excluding Goodwill": "0", "Total Unusual Items": "0", "Normalized EBITDA": "98,589", "Tax Rate for Calcs": "0", "Tax Effect of Unusual Items": "0"}, "12/31/2019": {"Duration": "12/31/2019", "Total Revenue": "420,669", "Cost of Revenue": "207,267", "Gross Profit": "213,402", "Operating Expense": "165,349", "Operating Income": "48,053", "Other Income Expense": "174,361", "Pretax Income": "222,414", "Tax Provision": "28,946", "Net Income Common Stockholders": "193,468", "Diluted NI Available to Com Stockholders": "193,468", "Basic EPS": "3.31", "Diluted EPS": "3.25", "Basic Average Shares": "58,534", "Diluted Average Shares": "59,632", "Total Operating Income as Reported": "217,022", "Total Expenses": "372,616", "Net Income from Continuing & Discontinued Operation": "193,468", "Normalized Income": "46,465", "EBIT": "48,053", "EBITDA": "-", "Reconciled Cost of Revenue": "207,267", "Reconciled Depreciation": "24,403", "Net Income from Continuing Operation Net Minority Interest": "193,468", "Total Unusual Items Excluding Goodwill": "168,969", "Total Unusual Items": "168,969", "Normalized EBITDA": "-96,513", "Tax Rate for Calcs": "0", "Tax Effect of Unusual Items": "21,966"}, "12/31/2018": {"Duration": "12/31/2018", "Total Revenue": "415,955", "Cost of Revenue": "201,167", "Gross Profit": "214,788", "Operating Expense": "159,140", "Operating Income": "55,648", "Other Income Expense": "4,116", "Pretax Income": "59,764", "Tax Provision": "-10,220", "Net Income Common Stockholders": "69,984", "Diluted NI Available to Com Stockholders": "69,984", "Basic EPS": "1.19", "Diluted EPS": "1.16", "Basic Average Shares": "58,912", "Diluted Average Shares": "60,294", "Total Operating Income as Reported": "55,648", "Total Expenses": "360,307", "Net Income from Continuing & Discontinued Operation": "69,984", "Normalized Income": "69,984", "EBIT": "55,648", "EBITDA": "-", "Reconciled Cost of Revenue": "201,167", "Reconciled Depreciation": "24,185", "Net Income from Continuing Operation Net Minority Interest": "69,984", "Total Unusual Items Excluding Goodwill": "-8,525", "Total Unusual Items": "-8,525", "Normalized EBITDA": "79,833", "Tax Rate for Calcs": "0", "Tax Effect of Unusual Items": "0"}}, "bs": {"12/31/2020": {"Duration": "12/31/2020", "Total Assets": "903,339", "Total Liabilities Net Minority Interest": "92,928", "Total Equity Gross Minority Interest": "810,411", "Total Capitalization": "810,411", "Common Stock Equity": "810,411", "Net Tangible Assets": "706,056", "Working Capital": "538,706", "Invested Capital": "810,411", "Tangible Book Value": "706,056", "Share Issued": "59,910", "Ordinary Shares Number": "59,910"}, "12/31/2019": {"Duration": "12/31/2019", "Total Assets": "803,896", "Total Liabilities Net Minority Interest": "79,350", "Total Equity Gross Minority Interest": "724,546", "Total Capitalization": "724,546", "Common Stock Equity": "724,546", "Net Tangible Assets": "615,832", "Working Capital": "490,863", "Invested Capital": "724,546", "Tangible Book Value": "615,832", "Share Issued": "58,862", "Ordinary Shares Number": "58,862"}, "12/31/2018": {"Duration": "12/31/2018", "Total Assets": "588,697", "Total Liabilities Net Minority Interest": "61,625", "Total Equity Gross Minority Interest": "527,072", "Total Capitalization": "527,072", "Common Stock Equity": "527,072", "Net Tangible Assets": "414,071", "Working Capital": "284,066", "Invested Capital": "527,072", "Tangible Book Value": "414,071", "Share Issued": "57,777", "Ordinary Shares Number": "57,777"}}, "cf": {"TTM": {"Duration": "TTM", "Operating Cash Flow": "157,370", "Investing Cash Flow": "14,698", "Financing Cash Flow": "-19,255", "End Cash Position": "343,272", "Income Tax Paid Supplemental Data": "21,254", "Capital Expenditure": "-70,046", "Issuance of Capital Stock": "-", "Issuance of Debt": "-", "Repayment of Debt": "-", "Repurchase of Capital Stock": "-623", "Free Cash Flow": "87,324"}, "12/31/2020": {"Duration": "12/31/2020", "Operating Cash Flow": "125,639", "Investing Cash Flow": "-28,265", "Financing Cash Flow": "-17,190", "End Cash Position": "258,874", "Income Tax Paid Supplemental Data": "-", "Capital Expenditure": "-70,598", "Issuance of Capital Stock": "10,527", "Issuance of Debt": "0", "Repayment of Debt": "0", "Repurchase of Capital Stock": "-2,636", "Free Cash Flow": "55,041"}, "12/31/2019": {"Duration": "12/31/2019", "Operating Cash Flow": "224,499", "Investing Cash Flow": "-162,046", "Financing Cash Flow": "-17,900", "End Cash Position": "178,690", "Income Tax Paid Supplemental Data": "21,327", "Capital Expenditure": "-25,140", "Issuance of Capital Stock": "-", "Issuance of Debt": "0", "Repayment of Debt": "0", "Repurchase of Capital Stock": "-7,302", "Free Cash Flow": "199,359"}, "12/31/2018": {"Duration": "12/31/2018", "Operating Cash Flow": "83,964", "Investing Cash Flow": "69,141", "Financing Cash Flow": "-112,623", "End Cash Position": "134,137", "Income Tax Paid Supplemental Data": "-", "Capital Expenditure": "-25,577", "Issuance of Capital Stock": "-", "Issuance of Debt": "8,000", "Repayment of Debt": "-8,000", "Repurchase of Capital Stock": "-103,153", "Free Cash Flow": "58,387"}}}}, {"PXLW": {"quote": {"05/12/2021": {"value": "2.8400", "Market Cap": "148.283M", "Beta (5Y Monthly)": "2.10", "PE Ratio (TTM)": "N/A", "EPS (TTM)": "-0.6650", "Earnings Date": "Aug 09, 2021 - Aug 13, 2021", "Forward Dividend & Yield": "N/A (N/A)", "Ex-Dividend Date": "N/A", "1y Target Est": "5.00"}}, "fin": {"TTM": {"Duration": "TTM", "Total Revenue": "40,855", "Cost of Revenue": "20,670", "Gross Profit": "20,185", "Operating Expense": "44,880", "Operating Income": "-24,695", "Net Non Operating Interest Income Expense": "-152", "Other Income Expense": "-1,084", "Pretax Income": "-25,931", "Tax Provision": "598", "Net Income Common Stockholders": "-26,529", "Diluted NI Available to Com Stockholders": "-26,529", "Basic EPS": "-", "Diluted EPS": "-", "Basic Average Shares": "-", "Diluted Average Shares": "-", "Total Operating Income as Reported": "-26,736", "Total Expenses": "65,550", "Net Income from Continuing & Discontinued Operation": "-26,529", "Normalized Income": "-25,620", "Interest Income": "87", "Interest Expense": "239", "Net Interest Income": "-152", "EBIT": "-25,692", "EBITDA": "-20,459", "Reconciled Cost of Revenue": "20,670", "Reconciled Depreciation": "5,233", "Net Income from Continuing Operation Net Minority Interest": "-26,529", "Total Unusual Items Excluding Goodwill": "-1,245", "Total Unusual Items": "-1,245", "Normalized EBITDA": "-19,214", "Tax Rate for Calcs": "0", "Tax Effect of Unusual Items": "-336.15"}, "12/31/2020": {"Duration": "12/31/2020", "Total Revenue": "40,855", "Cost of Revenue": "20,670", "Gross Profit": "20,185", "Operating Expense": "44,880", "Operating Income": "-24,695", "Net Non Operating Interest Income Expense": "-152", "Other Income Expense": "-1,084", "Pretax Income": "-25,931", "Tax Provision": "598", "Net Income Common Stockholders": "-26,529", "Diluted NI Available to Com Stockholders": "-26,529", "Basic EPS": "-", "Diluted EPS": "-", "Basic Average Shares": "-", "Diluted Average Shares": "-", "Total Operating Income as Reported": "-26,736", "Total Expenses": "65,550", "Net Income from Continuing & Discontinued Operation": "-26,529", "Normalized Income": "-25,620", "Interest Income": "87", "Interest Expense": "239", "Net Interest Income": "-152", "EBIT": "-25,692", "EBITDA": "-", "Reconciled Cost of Revenue": "20,670", "Reconciled Depreciation": "5,233", "Net Income from Continuing Operation Net Minority Interest": "-26,529", "Total Unusual Items Excluding Goodwill": "-1,245", "Total Unusual Items": "-1,245", "Normalized EBITDA": "-19,214", "Tax Rate for Calcs": "0", "Tax Effect of Unusual Items": "-336.15"}, "12/31/2019": {"Duration": "12/31/2019", "Total Revenue": "68,755", "Cost of Revenue": "34,260", "Gross Profit": "34,495", "Operating Expense": "47,220", "Operating Income": "-12,725", "Net Non Operating Interest Income Expense": "169", "Other Income Expense": "3,932", "Pretax Income": "-8,624", "Tax Provision": "453", "Net Income Common Stockholders": "-9,077", "Diluted NI Available to Com Stockholders": "-9,077", "Basic EPS": "-0.24", "Diluted EPS": "-0.24", "Basic Average Shares": "37,851", "Diluted Average Shares": "37,851", "Total Operating Income as Reported": "-13,123", "Total Expenses": "81,480", "Net Income from Continuing & Discontinued Operation": "-9,077", "Normalized Income": "-12,409", "Interest Income": "327", "Interest Expense": "158", "Net Interest Income": "169", "EBIT": "-8,466", "EBITDA": "-", "Reconciled Cost of Revenue": "34,260", "Reconciled Depreciation": "5,341", "Net Income from Continuing Operation Net Minority Interest": "-9,077", "Total Unusual Items Excluding Goodwill": "3,507", "Total Unusual Items": "3,507", "Normalized EBITDA": "-6,632", "Tax Rate for Calcs": "0", "Tax Effect of Unusual Items": "175.35"}, "12/31/2018": {"Duration": "12/31/2018", "Total Revenue": "76,554", "Cost of Revenue": "37,076", "Gross Profit": "39,478", "Operating Expense": "42,834", "Operating Income": "-3,356", "Net Non Operating Interest Income Expense": "-625", "Other Income Expense": "-192", "Pretax Income": "-4,173", "Tax Provision": "448", "Net Income Common Stockholders": "-4,621", "Diluted NI Available to Com Stockholders": "-4,621", "Basic EPS": "-0.13", "Diluted EPS": "-0.13", "Basic Average Shares": "35,959", "Diluted Average Shares": "35,959", "Total Operating Income as Reported": "-4,820", "Total Expenses": "79,910", "Net Income from Continuing & Discontinued Operation": "-4,621", "Normalized Income": "-4,481", "Interest Income": "296", "Interest Expense": "921", "Net Interest Income": "-625", "EBIT": "-3,252", "EBITDA": "-", "Reconciled Cost of Revenue": "37,076", "Reconciled Depreciation": "5,151", "Net Income from Continuing Operation Net Minority Interest": "-4,621", "Total Unusual Items Excluding Goodwill": "-192", "Total Unusual Items": "-192", "Normalized EBITDA": "2,091", "Tax Rate for Calcs": "0", "Tax Effect of Unusual Items": "-51.84"}}, "bs": {"12/31/2020": {"Duration": "12/31/2020", "Total Assets": "72,038", "Total Liabilities Net Minority Interest": "19,168", "Total Equity Gross Minority Interest": "52,870", "Total Capitalization": "52,870", "Common Stock Equity": "52,870", "Capital Lease Obligations": "7,127", "Net Tangible Assets": "33,256", "Working Capital": "29,040", "Invested Capital": "52,870", "Tangible Book Value": "33,256", "Total Debt": "7,127", "Share Issued": "51,079", "Ordinary Shares Number": "51,079", "Preferred Shares Number": "0.001"}, "12/31/2019": {"Duration": "12/31/2019", "Total Assets": "64,657", "Total Liabilities Net Minority Interest": "17,128", "Total Equity Gross Minority Interest": "47,529", "Total Capitalization": "47,529", "Common Stock Equity": "47,529", "Capital Lease Obligations": "5,757", "Net Tangible Assets": "26,418", "Working Capital": "22,563", "Invested Capital": "47,529", "Tangible Book Value": "26,418", "Total Debt": "5,757", "Share Issued": "38,434", "Ordinary Shares Number": "38,434", "Preferred Shares Number": "0.001"}, "12/31/2018": {"Duration": "12/31/2018", "Total Assets": "65,341", "Total Liabilities Net Minority Interest": "20,518", "Total Equity Gross Minority Interest": "44,823", "Total Capitalization": "44,823", "Common Stock Equity": "44,823", "Capital Lease Obligations": "-", "Net Tangible Assets": "22,208", "Working Capital": "18,241", "Invested Capital": "44,823", "Tangible Book Value": "22,208", "Total Debt": "-", "Share Issued": "36,937", "Ordinary Shares Number": "36,937", "Preferred Shares Number": "0.001"}}, "cf": {"TTM": {"Duration": "TTM", "Operating Cash Flow": "-3,711", "Investing Cash Flow": "3,940", "Financing Cash Flow": "23,771", "End Cash Position": "31,257", "Income Tax Paid Supplemental Data": "397", "Interest Paid Supplemental Data": "217", "Capital Expenditure": "-2,789", "Issuance of Capital Stock": "23,982", "Repayment of Debt": "-", "Free Cash Flow": "-6,500"}, "12/31/2020": {"Duration": "12/31/2020", "Operating Cash Flow": "-3,711", "Investing Cash Flow": "3,940", "Financing Cash Flow": "23,771", "End Cash Position": "31,257", "Income Tax Paid Supplemental Data": "397", "Interest Paid Supplemental Data": "217", "Capital Expenditure": "-2,789", "Issuance of Capital Stock": "23,982", "Repayment of Debt": "-", "Free Cash Flow": "-6,500"}, "12/31/2019": {"Duration": "12/31/2019", "Operating Cash Flow": "-10,380", "Investing Cash Flow": "-51", "Financing Cash Flow": "-256", "End Cash Position": "7,257", "Income Tax Paid Supplemental Data": "547", "Interest Paid Supplemental Data": "142", "Capital Expenditure": "-3,150", "Issuance of Capital Stock": "570", "Repayment of Debt": "0", "Free Cash Flow": "-13,530"}, "12/31/2018": {"Duration": "12/31/2018", "Operating Cash Flow": "955", "Investing Cash Flow": "-8,123", "Financing Cash Flow": "-2,411", "End Cash Position": "17,944", "Income Tax Paid Supplemental Data": "657", "Interest Paid Supplemental Data": "501", "Capital Expenditure": "-2,096", "Issuance of Capital Stock": "1,683", "Repayment of Debt": "-2,220", "Free Cash Flow": "-1,141"}}}}, {"RESN": {"quote": {"05/12/2021": {"value": "2.5900", "Market Cap": "156.074M", "Beta (5Y Monthly)": "2.19", "PE Ratio (TTM)": "N/A", "EPS (TTM)": "-0.5540", "Earnings Date": "May 12, 2021", "Forward Dividend & Yield": "N/A (N/A)", "Ex-Dividend Date": "N/A", "1y Target Est": "6.66"}}, "fin": {"TTM": {"Duration": "TTM", "Total Revenue": "3,160", "Operating Expense": "31,627", "Operating Income": "-28,467", "Net Non Operating Interest Income Expense": "54", "Other Income Expense": "-12", "Pretax Income": "-28,413", "Tax Provision": "1", "Net Income Common Stockholders": "-28,414", "Diluted NI Available to Com Stockholders": "-28,414", "Basic EPS": "-", "Diluted EPS": "-", "Basic Average Shares": "-", "Diluted Average Shares": "-", "Total Operating Income as Reported": "-28,467", "Total Expenses": "31,627", "Net Income from Continuing & Discontinued Operation": "-28,414", "Normalized Income": "-28,414", "Interest Income": "66", "Interest Expense": "12", "Net Interest Income": "54", "EBIT": "-28,401", "EBITDA": "-26,799", "Reconciled Depreciation": "1,602", "Net Income from Continuing Operation Net Minority Interest": "-28,414", "Total Unusual Items Excluding Goodwill": "-", "Total Unusual Items": "-", "Normalized EBITDA": "-26,799", "Tax Rate for Calcs": "0", "Tax Effect of Unusual Items": "0"}, "12/31/2020": {"Duration": "12/31/2020", "Total Revenue": "3,160", "Operating Expense": "31,627", "Operating Income": "-28,467", "Net Non Operating Interest Income Expense": "54", "Other Income Expense": "-12", "Pretax Income": "-28,413", "Tax Provision": "1", "Net Income Common Stockholders": "-28,414", "Diluted NI Available to Com Stockholders": "-28,414", "Basic EPS": "-", "Diluted EPS": "-", "Basic Average Shares": "-", "Diluted Average Shares": "-", "Total Operating Income as Reported": "-28,467", "Total Expenses": "31,627", "Net Income from Continuing & Discontinued Operation": "-28,414", "Normalized Income": "-28,414", "Interest Income": "66", "Interest Expense": "12", "Net Interest Income": "54", "EBIT": "-28,401", "EBITDA": "-", "Reconciled Depreciation": "1,602", "Net Income from Continuing Operation Net Minority Interest": "-28,414", "Total Unusual Items Excluding Goodwill": "-", "Total Unusual Items": "-", "Normalized EBITDA": "-26,799", "Tax Rate for Calcs": "0", "Tax Effect of Unusual Items": "0"}, "12/31/2019": {"Duration": "12/31/2019", "Total Revenue": "735", "Operating Expense": "30,894", "Operating Income": "-30,159", "Net Non Operating Interest Income Expense": "253", "Other Income Expense": "-21", "Pretax Income": "-29,927", "Tax Provision": "1", "Net Income Common Stockholders": "-29,928", "Diluted NI Available to Com Stockholders": "-29,928", "Basic EPS": "-1.02", "Diluted EPS": "-1.02", "Basic Average Shares": "29,410", "Diluted Average Shares": "29,410", "Total Operating Income as Reported": "-30,159", "Total Expenses": "30,894", "Net Income from Continuing & Discontinued Operation": "-29,928", "Normalized Income": "-29,928", "Interest Income": "253", "Interest Expense": "-", "Net Interest Income": "253", "EBIT": "-30,159", "EBITDA": "-", "Reconciled Depreciation": "1,571", "Net Income from Continuing Operation Net Minority Interest": "-29,928", "Total Unusual Items Excluding Goodwill": "-", "Total Unusual Items": "-", "Normalized EBITDA": "-28,588", "Tax Rate for Calcs": "0", "Tax Effect of Unusual Items": "0"}, "12/31/2018": {"Duration": "12/31/2018", "Total Revenue": "524", "Operating Expense": "25,817", "Operating Income": "-25,293", "Net Non Operating Interest Income Expense": "481", "Other Income Expense": "-3", "Pretax Income": "-24,815", "Tax Provision": "1", "Net Income Common Stockholders": "-24,816", "Diluted NI Available to Com Stockholders": "-24,816", "Basic EPS": "-0.98", "Diluted EPS": "-0.98", "Basic Average Shares": "25,290", "Diluted Average Shares": "25,290", "Total Operating Income as Reported": "-25,293", "Total Expenses": "25,817", "Net Income from Continuing & Discontinued Operation": "-24,816", "Normalized Income": "-24,816", "Interest Income": "481", "Interest Expense": "-", "Net Interest Income": "481", "EBIT": "-25,293", "EBITDA": "-", "Reconciled Depreciation": "840", "Net Income from Continuing Operation Net Minority Interest": "-24,816", "Total Unusual Items Excluding Goodwill": "-", "Total Unusual Items": "-", "Normalized EBITDA": "-24,453", "Tax Rate for Calcs": "0", "Tax Effect of Unusual Items": "0"}}, "bs": {"12/31/2020": {"Duration": "12/31/2020", "Total Assets": "32,730", "Total Liabilities Net Minority Interest": "7,677", "Total Equity Gross Minority Interest": "25,053", "Total Capitalization": "25,053", "Common Stock Equity": "25,053", "Capital Lease Obligations": "2,493", "Net Tangible Assets": "22,023", "Working Capital": "19,836", "Invested Capital": "25,053", "Tangible Book Value": "22,023", "Total Debt": "2,493", "Share Issued": "59,128", "Ordinary Shares Number": "59,128"}, "12/31/2019": {"Duration": "12/31/2019", "Total Assets": "18,147", "Total Liabilities Net Minority Interest": "8,391", "Total Equity Gross Minority Interest": "9,756", "Total Capitalization": "9,756", "Common Stock Equity": "9,756", "Capital Lease Obligations": "2,671", "Net Tangible Assets": "7,108", "Working Capital": "4,809", "Invested Capital": "9,756", "Tangible Book Value": "7,108", "Total Debt": "2,671", "Share Issued": "33,156", "Ordinary Shares Number": "33,156"}, "12/31/2018": {"Duration": "12/31/2018", "Total Assets": "26,244", "Total Liabilities Net Minority Interest": "3,346", "Total Equity Gross Minority Interest": "22,898", "Total Capitalization": "22,898", "Common Stock Equity": "22,898", "Capital Lease Obligations": "-", "Net Tangible Assets": "20,707", "Working Capital": "18,521", "Invested Capital": "22,898", "Tangible Book Value": "20,707", "Total Debt": "-", "Share Issued": "27,391", "Ordinary Shares Number": "27,391"}}, "cf": {"TTM": {"Duration": "TTM", "Operating Cash Flow": "-21,637", "Investing Cash Flow": "-1,586", "Financing Cash Flow": "37,457", "End Cash Position": "25,073", "Income Tax Paid Supplemental Data": "2", "Capital Expenditure": "-1,586", "Issuance of Capital Stock": "40,173", "Free Cash Flow": "-23,223"}, "12/31/2020": {"Duration": "12/31/2020", "Operating Cash Flow": "-21,637", "Investing Cash Flow": "-1,586", "Financing Cash Flow": "37,457", "End Cash Position": "25,073", "Income Tax Paid Supplemental Data": "2", "Capital Expenditure": "-1,586", "Issuance of Capital Stock": "40,173", "Free Cash Flow": "-23,223"}, "12/31/2019": {"Duration": "12/31/2019", "Operating Cash Flow": "-20,706", "Investing Cash Flow": "15,633", "Financing Cash Flow": "11,306", "End Cash Position": "10,838", "Income Tax Paid Supplemental Data": "1", "Capital Expenditure": "-1,230", "Issuance of Capital Stock": "9,919", "Free Cash Flow": "-21,936"}, "12/31/2018": {"Duration": "12/31/2018", "Operating Cash Flow": "-18,131", "Investing Cash Flow": "-18,198", "Financing Cash Flow": "21,312", "End Cash Position": "4,605", "Income Tax Paid Supplemental Data": "3", "Capital Expenditure": "-1,504", "Issuance of Capital Stock": "21,038", "Free Cash Flow": "-19,635"}}}}, {"SEV": {"quote": {"05/12/2021": {"value": "", "Net Assets": "N/A", "Beta (5Y Monthly)": "N/A", "Yield": "N/A", "5y Average Return": "N/A", "Holdings Turnover": "N/A", "Last Dividend": "N/A", "Average for Category": "N/A", "Inception Date": "N/A"}}, "fin": {}, "bs": {}, "cf": {}}}, {"SCON": {"quote": {"05/12/2021": {"value": "1.0600", "Market Cap": "3.341M", "Beta (5Y Monthly)": "1.31", "PE Ratio (TTM)": "N/A", "EPS (TTM)": "-1.1010", "Earnings Date": "Mar 30, 2020", "Forward Dividend & Yield": "N/A (N/A)", "Ex-Dividend Date": "N/A", "1y Target Est": "N/A"}}, "fin": {"TTM": {"Duration": "TTM", "Total Revenue": "184", "Cost of Revenue": "261", "Gross Profit": "-77", "Operating Expense": "2,882", "Operating Income": "-2,959", "Other Income Expense": "2", "Pretax Income": "-2,957", "Net Income Common Stockholders": "-2,957", "Diluted NI Available to Com Stockholders": "-2,957", "Basic EPS": "-", "Diluted EPS": "-", "Basic Average Shares": "-", "Diluted Average Shares": "-", "Total Operating Income as Reported": "-2,959", "Total Expenses": "3,143", "Net Income from Continuing & Discontinued Operation": "-2,957", "Normalized Income": "-2,957", "EBIT": "-2,959", "EBITDA": "-2,921", "Reconciled Cost of Revenue": "261", "Reconciled Depreciation": "38", "Net Income from Continuing Operation Net Minority Interest": "-2,957", "Total Unusual Items Excluding Goodwill": "-", "Total Unusual Items": "-", "Normalized EBITDA": "-2,921", "Tax Rate for Calcs": "0", "Tax Effect of Unusual Items": "0"}, "12/31/2020": {"Duration": "12/31/2020", "Total Revenue": "184", "Cost of Revenue": "261", "Gross Profit": "-77", "Operating Expense": "2,882", "Operating Income": "-2,959", "Other Income Expense": "2", "Pretax Income": "-2,957", "Net Income Common Stockholders": "-2,957", "Diluted NI Available to Com Stockholders": "-2,957", "Basic EPS": "-", "Diluted EPS": "-", "Basic Average Shares": "-", "Diluted Average Shares": "-", "Total Operating Income as Reported": "-2,959", "Total Expenses": "3,143", "Net Income from Continuing & Discontinued Operation": "-2,957", "Normalized Income": "-2,957", "EBIT": "-2,959", "EBITDA": "-", "Reconciled Cost of Revenue": "261", "Reconciled Depreciation": "38", "Net Income from Continuing Operation Net Minority Interest": "-2,957", "Total Unusual Items Excluding Goodwill": "-", "Total Unusual Items": "-", "Normalized EBITDA": "-2,921", "Tax Rate for Calcs": "0", "Tax Effect of Unusual Items": "0"}, "12/31/2019": {"Duration": "12/31/2019", "Total Revenue": "545", "Cost of Revenue": "3,562", "Gross Profit": "-3,017", "Operating Expense": "6,271", "Operating Income": "-9,288", "Other Income Expense": "59", "Pretax Income": "-9,229", "Net Income Common Stockholders": "-9,229", "Diluted NI Available to Com Stockholders": "-9,229", "Basic EPS": "-12.30", "Diluted EPS": "-12.30", "Basic Average Shares": "748.658", "Diluted Average Shares": "748.658", "Total Operating Income as Reported": "-9,288", "Total Expenses": "9,833", "Net Income from Continuing & Discontinued Operation": "-9,229", "Normalized Income": "-9,229", "EBIT": "-9,288", "EBITDA": "-", "Reconciled Cost of Revenue": "3,562", "Reconciled Depreciation": "820", "Net Income from Continuing Operation Net Minority Interest": "-9,229", "Total Unusual Items Excluding Goodwill": "-", "Total Unusual Items": "-", "Normalized EBITDA": "-8,468", "Tax Rate for Calcs": "0", "Tax Effect of Unusual Items": "0"}, "12/31/2018": {"Duration": "12/31/2018", "Total Revenue": "1,556", "Cost of Revenue": "3,455", "Gross Profit": "-1,899", "Operating Expense": "6,324", "Operating Income": "-8,223", "Other Income Expense": "92", "Pretax Income": "-8,131", "Net Income Common Stockholders": "-8,131", "Diluted NI Available to Com Stockholders": "-8,131", "Basic EPS": "-40.30", "Diluted EPS": "-40.30", "Basic Average Shares": "201.686", "Diluted Average Shares": "201.686", "Total Operating Income as Reported": "-8,223", "Total Expenses": "9,779", "Net Income from Continuing & Discontinued Operation": "-8,131", "Normalized Income": "-8,159", "EBIT": "-8,223", "EBITDA": "-", "Reconciled Cost of Revenue": "3,455", "Reconciled Depreciation": "1,015", "Net Income from Continuing Operation Net Minority Interest": "-8,131", "Total Unusual Items Excluding Goodwill": "28", "Total Unusual Items": "28", "Normalized EBITDA": "-7,236", "Tax Rate for Calcs": "0", "Tax Effect of Unusual Items": "0"}}, "bs": {"12/31/2020": {"Duration": "12/31/2020", "Total Assets": "3,020", "Total Liabilities Net Minority Interest": "315", "Total Equity Gross Minority Interest": "2,705", "Total Capitalization": "2,705", "Common Stock Equity": "2,705", "Capital Lease Obligations": "-", "Net Tangible Assets": "2,705", "Working Capital": "1,105", "Invested Capital": "2,705", "Tangible Book Value": "2,705", "Total Debt": "-", "Share Issued": "3,152", "Ordinary Shares Number": "3,152", "Preferred Shares Number": "-"}, "12/31/2019": {"Duration": "12/31/2019", "Total Assets": "2,482", "Total Liabilities Net Minority Interest": "979", "Total Equity Gross Minority Interest": "1,503", "Total Capitalization": "1,503", "Common Stock Equity": "1,503", "Capital Lease Obligations": "152", "Net Tangible Assets": "862", "Working Capital": "429", "Invested Capital": "1,503", "Tangible Book Value": "862", "Total Debt": "152", "Share Issued": "1,773", "Ordinary Shares Number": "1,773", "Preferred Shares Number": "328.925"}, "12/31/2018": {"Duration": "12/31/2018", "Total Assets": "7,614", "Total Liabilities Net Minority Interest": "869", "Total Equity Gross Minority Interest": "6,745", "Total Capitalization": "6,745", "Common Stock Equity": "6,745", "Capital Lease Obligations": "-", "Net Tangible Assets": "6,059", "Working Capital": "4,998", "Invested Capital": "6,745", "Tangible Book Value": "6,059", "Total Debt": "-", "Share Issued": "327.06", "Ordinary Shares Number": "327.06", "Preferred Shares Number": "328.925"}}, "cf": {"TTM": {"Duration": "TTM", "Operating Cash Flow": "-3,138", "Investing Cash Flow": "1,222", "Financing Cash Flow": "2,479", "End Cash Position": "1,276", "Capital Expenditure": "-", "Issuance of Capital Stock": "0", "Repurchase of Capital Stock": "-", "Free Cash Flow": "-3,138"}, "12/31/2020": {"Duration": "12/31/2020", "Operating Cash Flow": "-3,138", "Investing Cash Flow": "1,222", "Financing Cash Flow": "2,479", "End Cash Position": "1,276", "Capital Expenditure": "-", "Issuance of Capital Stock": "0", "Repurchase of Capital Stock": "-", "Free Cash Flow": "-3,138"}, "12/31/2019": {"Duration": "12/31/2019", "Operating Cash Flow": "-8,803", "Investing Cash Flow": "0", "Financing Cash Flow": "3,900", "End Cash Position": "713", "Capital Expenditure": "-", "Issuance of Capital Stock": "-", "Repurchase of Capital Stock": "-", "Free Cash Flow": "-8,803"}, "12/31/2018": {"Duration": "12/31/2018", "Operating Cash Flow": "-6,931", "Investing Cash Flow": "-189", "Financing Cash Flow": "9,680", "End Cash Position": "5,616", "Capital Expenditure": "-189", "Issuance of Capital Stock": "9,680", "Repurchase of Capital Stock": "-", "Free Cash Flow": "-7,120"}}}}, {"STRB": {"quote": {"05/12/2021": {"value": "0.1745", "Market Cap": "3.529M", "Beta (5Y Monthly)": "-0.75", "PE Ratio (TTM)": "N/A", "EPS (TTM)": "-0.1200", "Earnings Date": "N/A", "Forward Dividend & Yield": "N/A (N/A)", "Ex-Dividend Date": "Dec 23, 2005", "1y Target Est": "N/A"}}, "fin": {}, "bs": {}, "cf": {}}}, {"SMI": {"fin": {}, "bs": {}, "cf": {}}}]