[{"ASTI": {"quote": {"03/27/2021": {"value": "0.0369", "Market Cap": "676.035M", "Beta (5Y Monthly)": "2.17", "PE Ratio (TTM)": "", "EPS (TTM)": "0.0000", "Earnings Date": "Apr 14, 2020 - Apr 20, 2020", "Forward Dividend & Yield": "N/A (N/A)", "Ex-Dividend Date": "N/A", "1y Target Est": "3.00"}}, "fin": {"TTM": {"Duration": "TTM", "Total Revenue": "70.701", "Cost of Revenue": "309.086", "Gross Profit": "-238.385", "Operating Expense": "1,719", "Operating Income": "-1,958", "Net Non Operating Interest Income Expense": "-5,337", "Other Income Expense": "11,985", "Pretax Income": "4,690", "Net Income Common Stockholders": "4,690", "Diluted NI Available to Com Stockholders": "4,690", "Basic EPS": "-", "Diluted EPS": "-", "Basic Average Shares": "-", "Diluted Average Shares": "-", "Total Operating Income as Reported": "-1,958", "Total Expenses": "2,029", "Net Income from Continuing & Discontinued Operation": "4,690", "Normalized Income": "-1,639", "Interest Expense": "5,337", "Net Interest Income": "-5,337", "EBIT": "10,027", "EBITDA": "10,251", "Reconciled Cost of Revenue": "280.377", "Reconciled Depreciation": "224.305", "Net Income from Continuing Operation Net Minority Interest": "4,690", "Total Unusual Items Excluding Goodwill": "8,670", "Total Unusual Items": "8,670", "Normalized EBITDA": "1,581", "Tax Rate for Calcs": "0", "Tax Effect of Unusual Items": "2,341"}, "12/31/2019": {"Duration": "12/31/2019", "Total Revenue": "638.38", "Cost of Revenue": "490.755", "Gross Profit": "147.625", "Operating Expense": "3,401", "Operating Income": "-3,253", "Net Non Operating Interest Income Expense": "-8,850", "Other Income Expense": "7,235", "Pretax Income": "-4,868", "Net Income Common Stockholders": "-4,868", "Diluted NI Available to Com Stockholders": "-4,868", "Basic EPS": "-0.00", "Diluted EPS": "-0.00", "Basic Average Shares": "1,537,644", "Diluted Average Shares": "1,537,644", "Total Operating Income as Reported": "-3,253", "Total Expenses": "3,891", "Net Income from Continuing & Discontinued Operation": "-4,868", "Normalized Income": "-11,261", "Interest Expense": "8,850", "Net Interest Income": "-8,850", "EBIT": "3,982", "EBITDA": "-", "Reconciled Cost of Revenue": "490.756", "Reconciled Depreciation": "242.78", "Net Income from Continuing Operation Net Minority Interest": "-4,868", "Total Unusual Items Excluding Goodwill": "6,392", "Total Unusual Items": "6,392", "Normalized EBITDA": "-2,168", "Tax Rate for Calcs": "0", "Tax Effect of Unusual Items": "0"}, "12/31/2018": {"Duration": "12/31/2018", "Total Revenue": "862.412", "Cost of Revenue": "1,016", "Gross Profit": "-153.384", "Operating Expense": "6,417", "Operating Income": "-6,570", "Net Non Operating Interest Income Expense": "-7,352", "Other Income Expense": "-2,115", "Pretax Income": "-16,036", "Net Income Common Stockholders": "-16,036", "Diluted NI Available to Com Stockholders": "-16,036", "Basic EPS": "-0.69", "Diluted EPS": "-0.69", "Basic Average Shares": "23,158", "Diluted Average Shares": "23,158", "Total Operating Income as Reported": "-6,570", "Total Expenses": "7,433", "Net Income from Continuing & Discontinued Operation": "-16,036", "Normalized Income": "-13,909", "Interest Expense": "7,352", "Net Interest Income": "-7,352", "EBIT": "-8,685", "EBITDA": "-", "Reconciled Cost of Revenue": "1,012", "Reconciled Depreciation": "381.056", "Net Income from Continuing Operation Net Minority Interest": "-16,036", "Total Unusual Items Excluding Goodwill": "-2,128", "Total Unusual Items": "-2,128", "Normalized EBITDA": "-6,176", "Tax Rate for Calcs": "0", "Tax Effect of Unusual Items": "0"}}, "bs": {"12/31/2019": {"Duration": "12/31/2019", "Total Assets": "5,634", "Total Liabilities Net Minority Interest": "30,740", "Total Equity Gross Minority Interest": "-25,107", "Total Capitalization": "-25,107", "Preferred Stock Equity": "0.005", "Common Stock Equity": "-25,107", "Net Tangible Assets": "-25,920", "Working Capital": "-30,126", "Invested Capital": "-7,968", "Tangible Book Value": "-25,920", "Total Debt": "17,139", "Net Debt": "17,139", "Share Issued": "4,759,162", "Ordinary Shares Number": "4,759,162"}, "12/31/2018": {"Duration": "12/31/2018", "Total Assets": "6,292", "Total Liabilities Net Minority Interest": "28,928", "Total Equity Gross Minority Interest": "-22,636", "Total Capitalization": "-17,607", "Preferred Stock Equity": "0.006", "Common Stock Equity": "-22,636", "Net Tangible Assets": "-23,498", "Working Capital": "-22,888", "Invested Capital": "-9,201", "Tangible Book Value": "-23,498", "Total Debt": "13,435", "Net Debt": "13,416", "Share Issued": "63,538", "Ordinary Shares Number": "63,538"}}, "cf": {"TTM": {"Duration": "TTM", "Operating Cash Flow": "-1,624", "Investing Cash Flow": "255.189", "Financing Cash Flow": "2,423", "End Cash Position": "1,079", "Income Tax Paid Supplemental Data": "-", "Interest Paid Supplemental Data": "-25.786", "Capital Expenditure": "0.589", "Issuance of Capital Stock": "-", "Issuance of Debt": "568.2", "Repayment of Debt": "-145", "Free Cash Flow": "-1,624"}, "12/31/2019": {"Duration": "12/31/2019", "Operating Cash Flow": "-2,715", "Investing Cash Flow": "827.491", "Financing Cash Flow": "1,870", "End Cash Position": "0", "Income Tax Paid Supplemental Data": "-", "Interest Paid Supplemental Data": "2.698", "Capital Expenditure": "-15.009", "Issuance of Capital Stock": "-", "Issuance of Debt": "1,887", "Repayment of Debt": "-10", "Free Cash Flow": "-2,730"}, "12/31/2018": {"Duration": "12/31/2018", "Operating Cash Flow": "-4,016", "Investing Cash Flow": "-2.447", "Financing Cash Flow": "3,947", "End Cash Position": "18.159", "Income Tax Paid Supplemental Data": "0", "Interest Paid Supplemental Data": "237.681", "Capital Expenditure": "-16.447", "Issuance of Capital Stock": "0", "Issuance of Debt": "4,104", "Repayment of Debt": "-145.666", "Free Cash Flow": "-4,032"}}}}, {"AOSL": {"quote": {"03/27/2021": {"value": "32.28", "Market Cap": "831.888M", "Beta (5Y Monthly)": "2.63", "PE Ratio (TTM)": "52.15", "EPS (TTM)": "0.62", "Earnings Date": "Feb 04, 2021", "Forward Dividend & Yield": "N/A (N/A)", "Ex-Dividend Date": "N/A", "1y Target Est": "39.67"}}, "fin": {"TTM": {"Duration": "TTM", "Total Revenue": "539,628", "Cost of Revenue": "396,963", "Gross Profit": "142,665", "Operating Expense": "128,094", "Operating Income": "14,571", "Net Non Operating Interest Income Expense": "-3,440", "Other Income Expense": "-", "Pretax Income": "10,531", "Tax Provision": "1,050", "Net Income Common Stockholders": "15,877", "Diluted NI Available to Com Stockholders": "15,877", "Basic EPS": "-", "Diluted EPS": "-", "Basic Average Shares": "-", "Diluted Average Shares": "-", "Total Operating Income as Reported": "13,971", "Total Expenses": "525,057", "Net Income from Continuing & Discontinued Operation": "15,877", "Normalized Income": "15,877", "Interest Expense": "3,440", "Net Interest Income": "-3,440", "EBIT": "13,971", "EBITDA": "62,996", "Reconciled Cost of Revenue": "396,963", "Reconciled Depreciation": "49,025", "Net Income from Continuing Operation Net Minority Interest": "15,877", "Total Unusual Items Excluding Goodwill": "-", "Total Unusual Items": "-", "Normalized EBITDA": "62,996", "Tax Rate for Calcs": "0", "Tax Effect of Unusual Items": "0"}, "6/30/2020": {"Duration": "6/30/2020", "Total Revenue": "464,909", "Cost of Revenue": "362,178", "Gross Profit": "102,731", "Operating Expense": "116,068", "Operating Income": "-13,337", "Net Non Operating Interest Income Expense": "-3,972", "Other Income Expense": "-600", "Pretax Income": "-17,909", "Tax Provision": "348", "Net Income Common Stockholders": "-6,596", "Diluted NI Available to Com Stockholders": "-6,596", "Basic EPS": "-0.27", "Diluted EPS": "-0.27", "Basic Average Shares": "24,840", "Diluted Average Shares": "24,840", "Total Operating Income as Reported": "-13,937", "Total Expenses": "478,246", "Net Income from Continuing & Discontinued Operation": "-6,596", "Normalized Income": "-6,095", "Interest Expense": "3,972", "Net Interest Income": "-3,972", "EBIT": "-13,937", "EBITDA": "-", "Reconciled Cost of Revenue": "362,178", "Reconciled Depreciation": "45,090", "Net Income from Continuing Operation Net Minority Interest": "-6,596", "Total Unusual Items Excluding Goodwill": "-600", "Total Unusual Items": "-600", "Normalized EBITDA": "31,753", "Tax Rate for Calcs": "0", "Tax Effect of Unusual Items": "-99"}, "6/30/2019": {"Duration": "6/30/2019", "Total Revenue": "450,920", "Cost of Revenue": "335,542", "Gross Profit": "115,378", "Operating Expense": "122,398", "Operating Income": "-7,020", "Net Non Operating Interest Income Expense": "-6,362", "Other Income Expense": "-", "Pretax Income": "-13,382", "Tax Provision": "1,256", "Net Income Common Stockholders": "1,861", "Diluted NI Available to Com Stockholders": "1,861", "Basic EPS": "0.08", "Diluted EPS": "0.08", "Basic Average Shares": "24,063", "Diluted Average Shares": "24,698", "Total Operating Income as Reported": "-7,020", "Total Expenses": "457,940", "Net Income from Continuing & Discontinued Operation": "1,861", "Normalized Income": "1,861", "Interest Expense": "6,905", "Net Interest Income": "-6,362", "EBIT": "-6,477", "EBITDA": "-", "Reconciled Cost of Revenue": "335,542", "Reconciled Depreciation": "32,038", "Net Income from Continuing Operation Net Minority Interest": "1,861", "Total Unusual Items Excluding Goodwill": "-", "Total Unusual Items": "-", "Normalized EBITDA": "25,561", "Tax Rate for Calcs": "0", "Tax Effect of Unusual Items": "0"}, "6/30/2018": {"Duration": "6/30/2018", "Total Revenue": "421,553", "Cost of Revenue": "309,625", "Gross Profit": "111,928", "Operating Expense": "103,508", "Operating Income": "8,420", "Net Non Operating Interest Income Expense": "-2,764", "Other Income Expense": "-", "Pretax Income": "5,656", "Tax Provision": "708", "Net Income Common Stockholders": "14,263", "Diluted NI Available to Com Stockholders": "14,263", "Basic EPS": "0.60", "Diluted EPS": "0.57", "Basic Average Shares": "23,901", "Diluted Average Shares": "24,844", "Total Operating Income as Reported": "8,420", "Total Expenses": "413,133", "Net Income from Continuing & Discontinued Operation": "14,263", "Normalized Income": "14,263", "Interest Expense": "821", "Net Interest Income": "-2,764", "EBIT": "6,477", "EBITDA": "-", "Reconciled Cost of Revenue": "309,625", "Reconciled Depreciation": "29,419", "Net Income from Continuing Operation Net Minority Interest": "14,263", "Total Unusual Items Excluding Goodwill": "-", "Total Unusual Items": "-", "Normalized EBITDA": "35,896", "Tax Rate for Calcs": "0", "Tax Effect of Unusual Items": "0"}}, "bs": {"6/30/2020": {"Duration": "6/30/2020", "Total Assets": "792,939", "Total Liabilities Net Minority Interest": "361,051", "Total Equity Gross Minority Interest": "431,888", "Total Capitalization": "393,464", "Common Stock Equity": "293,689", "Capital Lease Obligations": "76,513", "Net Tangible Assets": "268,417", "Working Capital": "126,275", "Invested Capital": "423,578", "Tangible Book Value": "268,417", "Total Debt": "206,402", "Share Issued": "31,944", "Ordinary Shares Number": "25,305", "Treasury Shares Number": "6,639"}, "6/30/2019": {"Duration": "6/30/2019", "Total Assets": "739,394", "Total Liabilities Net Minority Interest": "296,105", "Total Equity Gross Minority Interest": "443,289", "Total Capitalization": "350,404", "Common Stock Equity": "291,024", "Capital Lease Obligations": "54,736", "Net Tangible Assets": "265,382", "Working Capital": "117,334", "Invested Capital": "377,013", "Tangible Book Value": "265,382", "Total Debt": "140,725", "Share Issued": "31,163", "Ordinary Shares Number": "24,517", "Treasury Shares Number": "6,646"}, "6/30/2018": {"Duration": "6/30/2018", "Total Assets": "667,049", "Total Liabilities Net Minority Interest": "240,887", "Total Equity Gross Minority Interest": "426,162", "Total Capitalization": "305,380", "Common Stock Equity": "278,594", "Capital Lease Obligations": "61,282", "Net Tangible Assets": "252,914", "Working Capital": "130,532", "Invested Capital": "309,191", "Tangible Book Value": "252,914", "Total Debt": "91,879", "Share Issued": "30,400", "Ordinary Shares Number": "23,860", "Treasury Shares Number": "6,540"}}, "cf": {"TTM": {"Duration": "TTM", "Operating Cash Flow": "100,537", "Investing Cash Flow": "-54,321", "Financing Cash Flow": "21,898", "End Cash Position": "179,580", "Income Tax Paid Supplemental Data": "-", "Interest Paid Supplemental Data": "-", "Capital Expenditure": "-54,745", "Issuance of Debt": "93,532", "Repayment of Debt": "-74,187", "Repurchase of Capital Stock": "-", "Free Cash Flow": "45,792"}, "6/30/2020": {"Duration": "6/30/2020", "Operating Cash Flow": "62,315", "Investing Cash Flow": "-60,849", "Financing Cash Flow": "37,651", "End Cash Position": "162,704", "Income Tax Paid Supplemental Data": "2,258", "Interest Paid Supplemental Data": "2,223", "Capital Expenditure": "-62,398", "Issuance of Debt": "96,232", "Repayment of Debt": "-60,422", "Repurchase of Capital Stock": "0", "Free Cash Flow": "-83"}, "6/30/2019": {"Duration": "6/30/2019", "Operating Cash Flow": "31,421", "Investing Cash Flow": "-112,435", "Financing Cash Flow": "75,099", "End Cash Position": "124,295", "Income Tax Paid Supplemental Data": "1,841", "Interest Paid Supplemental Data": "6,582", "Capital Expenditure": "-112,456", "Issuance of Debt": "77,949", "Repayment of Debt": "-26,339", "Repurchase of Capital Stock": "-1,501", "Free Cash Flow": "-81,035"}, "6/30/2018": {"Duration": "6/30/2018", "Operating Cash Flow": "3,480", "Investing Cash Flow": "-194,095", "Financing Cash Flow": "206,953", "End Cash Position": "131,535", "Income Tax Paid Supplemental Data": "2,985", "Interest Paid Supplemental Data": "700", "Capital Expenditure": "-194,133", "Issuance of Debt": "91,366", "Repayment of Debt": "-902", "Repurchase of Capital Stock": "-15,098", "Free Cash Flow": "-190,653"}}}}, {"ABCE": {"quote": {"03/27/2021": {"value": "0.0677", "Market Cap": "1.07M", "Beta (5Y Monthly)": "1.40", "PE Ratio (TTM)": "N/A", "EPS (TTM)": "-0.3650", "Earnings Date": "Nov 23, 2020", "Forward Dividend & Yield": "N/A (N/A)", "Ex-Dividend Date": "N/A", "1y Target Est": "N/A"}}, "fin": {"TTM": {"Duration": "TTM", "Total Revenue": "1,161", "Cost of Revenue": "784.73", "Gross Profit": "376.376", "Operating Expense": "846.64", "Operating Income": "-470.264", "Net Non Operating Interest Income Expense": "-40.866", "Other Income Expense": "-13.629", "Pretax Income": "-524.759", "Tax Provision": "0", "Net Income Common Stockholders": "-524.759", "Diluted NI Available to Com Stockholders": "-524.759", "Basic EPS": "-", "Diluted EPS": "-", "Basic Average Shares": "-", "Diluted Average Shares": "-", "Total Operating Income as Reported": "-470.264", "Rent Expense Supplemental": "31.58", "Total Expenses": "1,631", "Net Income from Continuing & Discontinued Operation": "-524.759", "Normalized Income": "-511.13", "Interest Expense": "37.657", "Net Interest Income": "-40.866", "EBIT": "-487.102", "EBITDA": "-473.616", "Reconciled Cost of Revenue": "784.73", "Reconciled Depreciation": "13.486", "Net Income from Continuing Operation Net Minority Interest": "-524.759", "Total Unusual Items Excluding Goodwill": "-13.629", "Total Unusual Items": "-13.629", "Normalized EBITDA": "-459.987", "Tax Rate for Calcs": "0", "Tax Effect of Unusual Items": "0"}, "12/31/2020": {"Duration": "12/31/2020", "Total Revenue": "1,161", "Cost of Revenue": "784.73", "Gross Profit": "376.376", "Operating Expense": "846.64", "Operating Income": "-470.264", "Net Non Operating Interest Income Expense": "-40.866", "Other Income Expense": "-13.629", "Pretax Income": "-524.759", "Tax Provision": "0", "Net Income Common Stockholders": "-524.759", "Diluted NI Available to Com Stockholders": "-524.759", "Basic EPS": "-", "Diluted EPS": "-", "Basic Average Shares": "-", "Diluted Average Shares": "-", "Total Operating Income as Reported": "-470.264", "Rent Expense Supplemental": "31.58", "Total Expenses": "1,631", "Net Income from Continuing & Discontinued Operation": "-524.759", "Normalized Income": "-511.13", "Interest Expense": "37.657", "Net Interest Income": "-40.866", "EBIT": "-487.102", "EBITDA": "-", "Reconciled Cost of Revenue": "784.73", "Reconciled Depreciation": "13.486", "Net Income from Continuing Operation Net Minority Interest": "-524.759", "Total Unusual Items Excluding Goodwill": "-13.629", "Total Unusual Items": "-13.629", "Normalized EBITDA": "-459.987", "Tax Rate for Calcs": "0", "Tax Effect of Unusual Items": "0"}, "12/31/2019": {"Duration": "12/31/2019", "Total Revenue": "2,352", "Cost of Revenue": "1,701", "Gross Profit": "650.814", "Operating Expense": "1,113", "Operating Income": "-462.584", "Net Non Operating Interest Income Expense": "-625.328", "Other Income Expense": "-293.165", "Pretax Income": "-1,381", "Tax Provision": "0", "Net Income Common Stockholders": "-1,381", "Diluted NI Available to Com Stockholders": "-1,381", "Basic EPS": "-2.56", "Diluted EPS": "-2.56", "Basic Average Shares": "539.224", "Diluted Average Shares": "539.224", "Total Operating Income as Reported": "-462.584", "Rent Expense Supplemental": "34.724", "Total Expenses": "2,815", "Net Income from Continuing & Discontinued Operation": "-1,381", "Normalized Income": "-1,088", "Interest Expense": "306.356", "Net Interest Income": "-625.328", "EBIT": "-1,075", "EBITDA": "-", "Reconciled Cost of Revenue": "1,701", "Reconciled Depreciation": "10.213", "Net Income from Continuing Operation Net Minority Interest": "-1,381", "Total Unusual Items Excluding Goodwill": "-293.165", "Total Unusual Items": "-293.165", "Normalized EBITDA": "-771.343", "Tax Rate for Calcs": "0", "Tax Effect of Unusual Items": "0"}, "12/31/2018": {"Duration": "12/31/2018", "Total Revenue": "2,867", "Cost of Revenue": "2,040", "Gross Profit": "827.103", "Operating Expense": "1,017", "Operating Income": "-189.757", "Net Non Operating Interest Income Expense": "-140.96", "Other Income Expense": "-309.551", "Pretax Income": "-640.268", "Tax Provision": "0", "Net Income Common Stockholders": "-640.268", "Diluted NI Available to Com Stockholders": "-640.268", "Basic EPS": "-1.70", "Diluted EPS": "-1.70", "Basic Average Shares": "120.178", "Diluted Average Shares": "120.178", "Total Operating Income as Reported": "-189.757", "Rent Expense Supplemental": "35.936", "Total Expenses": "3,057", "Net Income from Continuing & Discontinued Operation": "-640.268", "Normalized Income": "-330.717", "Interest Expense": "71.712", "Net Interest Income": "-140.96", "EBIT": "-568.556", "EBITDA": "-", "Reconciled Cost of Revenue": "2,040", "Reconciled Depreciation": "18.61", "Net Income from Continuing Operation Net Minority Interest": "-640.268", "Total Unusual Items Excluding Goodwill": "-309.551", "Total Unusual Items": "-309.551", "Normalized EBITDA": "-240.395", "Tax Rate for Calcs": "0", "Tax Effect of Unusual Items": "0"}}, "bs": {"12/31/2020": {"Duration": "12/31/2020", "Total Assets": "814.372", "Total Liabilities Net Minority Interest": "2,398", "Total Equity Gross Minority Interest": "-1,584", "Total Capitalization": "-1,112", "Preferred Stock Equity": "30", "Common Stock Equity": "-1,614", "Net Tangible Assets": "-1,584", "Working Capital": "-1,510", "Invested Capital": "-301.516", "Tangible Book Value": "-1,614", "Total Debt": "1,313", "Net Debt": "1,258", "Share Issued": "15,702", "Ordinary Shares Number": "15,702"}, "12/31/2019": {"Duration": "12/31/2019", "Total Assets": "740.556", "Total Liabilities Net Minority Interest": "2,234", "Total Equity Gross Minority Interest": "-1,494", "Total Capitalization": "-1,194", "Preferred Stock Equity": "30", "Common Stock Equity": "-1,524", "Net Tangible Assets": "-1,494", "Working Capital": "-1,558", "Invested Capital": "-47.17", "Tangible Book Value": "-1,524", "Total Debt": "1,477", "Net Debt": "1,464", "Share Issued": "885.775", "Ordinary Shares Number": "885.775"}, "12/31/2018": {"Duration": "12/31/2018", "Total Assets": "460.806", "Total Liabilities Net Minority Interest": "1,199", "Total Equity Gross Minority Interest": "-737.882", "Total Capitalization": "-719.212", "Preferred Stock Equity": "30", "Common Stock Equity": "-767.882", "Net Tangible Assets": "-737.882", "Working Capital": "-768.962", "Invested Capital": "-469.11", "Tangible Book Value": "-767.882", "Total Debt": "298.772", "Net Debt": "231.065", "Share Issued": "187.555", "Ordinary Shares Number": "187.555"}}, "cf": {"TTM": {"Duration": "TTM", "Operating Cash Flow": "-66.859", "Investing Cash Flow": "-47.094", "Financing Cash Flow": "155.601", "End Cash Position": "54.268", "Income Tax Paid Supplemental Data": "-", "Interest Paid Supplemental Data": "-", "Capital Expenditure": "-52.435", "Issuance of Capital Stock": "495.394", "Issuance of Debt": "435.797", "Repayment of Debt": "-677.616", "Free Cash Flow": "-119.294"}, "12/31/2020": {"Duration": "12/31/2020", "Operating Cash Flow": "-66.859", "Investing Cash Flow": "-47.094", "Financing Cash Flow": "155.601", "End Cash Position": "54.268", "Income Tax Paid Supplemental Data": "-", "Interest Paid Supplemental Data": "-", "Capital Expenditure": "-52.435", "Issuance of Capital Stock": "495.394", "Issuance of Debt": "435.797", "Repayment of Debt": "-677.616", "Free Cash Flow": "-119.294"}, "12/31/2019": {"Duration": "12/31/2019", "Operating Cash Flow": "-664.84", "Investing Cash Flow": "-24.737", "Financing Cash Flow": "634.49", "End Cash Position": "12.62", "Income Tax Paid Supplemental Data": "-", "Interest Paid Supplemental Data": "-", "Capital Expenditure": "-28.613", "Issuance of Capital Stock": "240.368", "Issuance of Debt": "869.503", "Repayment of Debt": "-272.84", "Free Cash Flow": "-693.453"}, "12/31/2018": {"Duration": "12/31/2018", "Operating Cash Flow": "-347.325", "Investing Cash Flow": "-10.864", "Financing Cash Flow": "420.85", "End Cash Position": "67.707", "Income Tax Paid Supplemental Data": "-", "Interest Paid Supplemental Data": "117.332", "Capital Expenditure": "-11.633", "Issuance of Capital Stock": "469.641", "Issuance of Debt": "120", "Repayment of Debt": "-168.791", "Free Cash Flow": "-358.958"}}}}, {"NVDA": {"quote": {"03/27/2021": {"value": "513.57", "Market Cap": "318.413B", "Beta (5Y Monthly)": "1.41", "PE Ratio (TTM)": "74.43", "EPS (TTM)": "6.90", "Earnings Date": "May 19, 2021 - May 24, 2021", "Forward Dividend & Yield": "0.64 (0.13%)", "Ex-Dividend Date": "Mar 09, 2021", "1y Target Est": "638.17"}}, "fin": {"TTM": {"Duration": "TTM", "Total Revenue": "16,675,000", "Cost of Revenue": "6,279,000", "Gross Profit": "10,396,000", "Operating Expense": "5,864,000", "Operating Income": "4,532,000", "Net Non Operating Interest Income Expense": "-127,000", "Other Income Expense": "4,000", "Pretax Income": "4,409,000", "Tax Provision": "77,000", "Net Income Common Stockholders": "4,332,000", "Diluted NI Available to Com Stockholders": "4,332,000", "Basic EPS": "-", "Diluted EPS": "-", "Basic Average Shares": "-", "Diluted Average Shares": "-", "Total Operating Income as Reported": "4,532,000", "Total Expenses": "12,143,000", "Net Income from Continuing & Discontinued Operation": "4,332,000", "Normalized Income": "4,332,000", "Interest Income": "57,000", "Interest Expense": "184,000", "Net Interest Income": "-127,000", "EBIT": "4,593,000", "EBITDA": "5,691,000", "Reconciled Cost of Revenue": "6,279,000", "Reconciled Depreciation": "1,098,000", "Net Income from Continuing Operation Net Minority Interest": "4,332,000", "Total Unusual Items Excluding Goodwill": "-", "Total Unusual Items": "-", "Normalized EBITDA": "5,691,000", "Tax Rate for Calcs": "0", "Tax Effect of Unusual Items": "0"}, "1/31/2021": {"Duration": "1/31/2021", "Total Revenue": "16,675,000", "Cost of Revenue": "6,279,000", "Gross Profit": "10,396,000", "Operating Expense": "5,864,000", "Operating Income": "4,532,000", "Net Non Operating Interest Income Expense": "-127,000", "Other Income Expense": "4,000", "Pretax Income": "4,409,000", "Tax Provision": "77,000", "Net Income Common Stockholders": "4,332,000", "Diluted NI Available to Com Stockholders": "4,332,000", "Basic EPS": "-", "Diluted EPS": "-", "Basic Average Shares": "-", "Diluted Average Shares": "-", "Total Operating Income as Reported": "4,532,000", "Total Expenses": "12,143,000", "Net Income from Continuing & Discontinued Operation": "4,332,000", "Normalized Income": "4,332,000", "Interest Income": "57,000", "Interest Expense": "184,000", "Net Interest Income": "-127,000", "EBIT": "4,593,000", "EBITDA": "-", "Reconciled Cost of Revenue": "6,279,000", "Reconciled Depreciation": "1,098,000", "Net Income from Continuing Operation Net Minority Interest": "4,332,000", "Total Unusual Items Excluding Goodwill": "-", "Total Unusual Items": "-", "Normalized EBITDA": "5,691,000", "Tax Rate for Calcs": "0", "Tax Effect of Unusual Items": "0"}, "1/31/2020": {"Duration": "1/31/2020", "Total Revenue": "10,918,000", "Cost of Revenue": "4,150,000", "Gross Profit": "6,768,000", "Operating Expense": "3,922,000", "Operating Income": "2,846,000", "Net Non Operating Interest Income Expense": "126,000", "Other Income Expense": "-2,000", "Pretax Income": "2,970,000", "Tax Provision": "174,000", "Net Income Common Stockholders": "2,796,000", "Diluted NI Available to Com Stockholders": "2,796,000", "Basic EPS": "4.59", "Diluted EPS": "4.52", "Basic Average Shares": "609,000", "Diluted Average Shares": "618,000", "Total Operating Income as Reported": "2,846,000", "Total Expenses": "8,072,000", "Net Income from Continuing & Discontinued Operation": "2,796,000", "Normalized Income": "2,796,000", "Interest Income": "178,000", "Interest Expense": "52,000", "Net Interest Income": "126,000", "EBIT": "3,022,000", "EBITDA": "-", "Reconciled Cost of Revenue": "4,150,000", "Reconciled Depreciation": "381,000", "Net Income from Continuing Operation Net Minority Interest": "2,796,000", "Total Unusual Items Excluding Goodwill": "-", "Total Unusual Items": "-", "Normalized EBITDA": "3,403,000", "Tax Rate for Calcs": "0", "Tax Effect of Unusual Items": "0"}, "1/31/2019": {"Duration": "1/31/2019", "Total Revenue": "11,716,000", "Cost of Revenue": "4,545,000", "Gross Profit": "7,171,000", "Operating Expense": "3,367,000", "Operating Income": "3,804,000", "Net Non Operating Interest Income Expense": "78,000", "Other Income Expense": "14,000", "Pretax Income": "3,896,000", "Tax Provision": "-245,000", "Net Income Common Stockholders": "4,141,000", "Diluted NI Available to Com Stockholders": "4,141,000", "Basic EPS": "6.81", "Diluted EPS": "6.63", "Basic Average Shares": "608,000", "Diluted Average Shares": "625,000", "Total Operating Income as Reported": "3,804,000", "Total Expenses": "7,912,000", "Net Income from Continuing & Discontinued Operation": "4,141,000", "Normalized Income": "4,141,000", "Interest Income": "136,000", "Interest Expense": "58,000", "Net Interest Income": "78,000", "EBIT": "3,954,000", "EBITDA": "-", "Reconciled Cost of Revenue": "4,545,000", "Reconciled Depreciation": "262,000", "Net Income from Continuing Operation Net Minority Interest": "4,141,000", "Total Unusual Items Excluding Goodwill": "0", "Total Unusual Items": "0", "Normalized EBITDA": "4,216,000", "Tax Rate for Calcs": "0", "Tax Effect of Unusual Items": "0"}}, "bs": {"1/31/2021": {"Duration": "1/31/2021", "Total Assets": "28,791,000", "Total Liabilities Net Minority Interest": "11,898,000", "Total Equity Gross Minority Interest": "16,893,000", "Total Capitalization": "22,857,000", "Common Stock Equity": "16,893,000", "Capital Lease Obligations": "755,000", "Net Tangible Assets": "9,963,000", "Working Capital": "12,130,000", "Invested Capital": "23,856,000", "Tangible Book Value": "9,963,000", "Total Debt": "7,718,000", "Net Debt": "6,116,000", "Share Issued": "965,000", "Ordinary Shares Number": "620,000", "Treasury Shares Number": "345,000"}, "1/31/2020": {"Duration": "1/31/2020", "Total Assets": "17,315,000", "Total Liabilities Net Minority Interest": "5,111,000", "Total Equity Gross Minority Interest": "12,204,000", "Total Capitalization": "14,195,000", "Common Stock Equity": "12,204,000", "Capital Lease Obligations": "652,000", "Net Tangible Assets": "11,537,000", "Working Capital": "11,906,000", "Invested Capital": "14,195,000", "Tangible Book Value": "11,537,000", "Total Debt": "2,643,000", "Net Debt": "1,991,000", "Share Issued": "984,506", "Ordinary Shares Number": "641,991", "Treasury Shares Number": "342,514"}, "1/31/2019": {"Duration": "1/31/2019", "Total Assets": "13,292,000", "Total Liabilities Net Minority Interest": "3,950,000", "Total Equity Gross Minority Interest": "9,342,000", "Total Capitalization": "11,330,000", "Common Stock Equity": "9,342,000", "Capital Lease Obligations": "-", "Net Tangible Assets": "8,679,000", "Working Capital": "9,228,000", "Invested Capital": "11,330,000", "Tangible Book Value": "8,679,000", "Total Debt": "1,988,000", "Net Debt": "1,206,000", "Share Issued": "606,000", "Ordinary Shares Number": "606,000", "Treasury Shares Number": "-"}}, "cf": {"TTM": {"Duration": "TTM", "Operating Cash Flow": "5,822,000", "Investing Cash Flow": "-19,675,000", "Financing Cash Flow": "3,804,000", "End Cash Position": "847,000", "Income Tax Paid Supplemental Data": "249,000", "Interest Paid Supplemental Data": "138,000", "Capital Expenditure": "-1,128,000", "Issuance of Debt": "4,968,000", "Repayment of Debt": "0", "Repurchase of Capital Stock": "0", "Free Cash Flow": "4,694,000"}, "1/31/2021": {"Duration": "1/31/2021", "Operating Cash Flow": "5,822,000", "Investing Cash Flow": "-19,675,000", "Financing Cash Flow": "3,804,000", "End Cash Position": "847,000", "Income Tax Paid Supplemental Data": "249,000", "Interest Paid Supplemental Data": "138,000", "Capital Expenditure": "-1,128,000", "Issuance of Debt": "4,968,000", "Repayment of Debt": "0", "Repurchase of Capital Stock": "0", "Free Cash Flow": "4,694,000"}, "1/31/2020": {"Duration": "1/31/2020", "Operating Cash Flow": "4,761,000", "Investing Cash Flow": "6,145,000", "Financing Cash Flow": "-792,000", "End Cash Position": "10,896,000", "Income Tax Paid Supplemental Data": "176,000", "Interest Paid Supplemental Data": "54,000", "Capital Expenditure": "-489,000", "Issuance of Debt": "-", "Repayment of Debt": "0", "Repurchase of Capital Stock": "0", "Free Cash Flow": "4,272,000"}, "1/31/2019": {"Duration": "1/31/2019", "Operating Cash Flow": "3,743,000", "Investing Cash Flow": "-4,097,000", "Financing Cash Flow": "-2,866,000", "End Cash Position": "782,000", "Income Tax Paid Supplemental Data": "61,000", "Interest Paid Supplemental Data": "55,000", "Capital Expenditure": "-600,000", "Issuance of Debt": "-", "Repayment of Debt": "-16,000", "Repurchase of Capital Stock": "-1,579,000", "Free Cash Flow": "3,143,000"}}}}, {"CSIQ": {"quote": {"03/27/2021": {"value": "46.84", "Market Cap": "2.766B", "Beta (5Y Monthly)": "1.40", "PE Ratio (TTM)": "19.68", "EPS (TTM)": "2.38", "Earnings Date": "May 26, 2021 - May 31, 2021", "Forward Dividend & Yield": "N/A (N/A)", "Ex-Dividend Date": "N/A", "1y Target Est": "51.57"}}, "fin": {"TTM": {"Duration": "TTM", "Total Revenue": "3,476,495", "Cost of Revenue": "2,786,581", "Gross Profit": "689,914", "Operating Expense": "470,762", "Operating Income": "219,152", "Net Non Operating Interest Income Expense": "-62,568", "Other Income Expense": "-22,100", "Pretax Income": "134,484", "Tax Provision": "-1,983", "Earnings from Equity Interest Net of Tax": "10,779", "Net Income Common Stockholders": "146,703", "Average Dilution Earnings": "1,518", "Diluted NI Available to Com Stockholders": "148,221", "Basic EPS": "-", "Diluted EPS": "-", "Basic Average Shares": "-", "Diluted Average Shares": "-", "Total Operating Income as Reported": "220,430", "Total Expenses": "3,257,343", "Net Income from Continuing & Discontinued Operation": "146,703", "Normalized Income": "162,836", "Interest Income": "9,306", "Interest Expense": "71,874", "Net Interest Income": "-62,568", "EBIT": "206,358", "EBITDA": "415,476", "Reconciled Cost of Revenue": "2,786,581", "Reconciled Depreciation": "209,118", "Net Income from Continuing Operation Net Minority Interest": "146,703", "Total Unusual Items Excluding Goodwill": "-22,100", "Total Unusual Items": "-22,100", "Normalized EBITDA": "437,576", "Tax Rate for Calcs": "0", "Tax Effect of Unusual Items": "-5,967"}, "12/31/2020": {"Duration": "12/31/2020", "Total Revenue": "3,476,495", "Cost of Revenue": "2,786,581", "Gross Profit": "689,914", "Operating Expense": "470,762", "Operating Income": "219,152", "Net Non Operating Interest Income Expense": "-62,568", "Other Income Expense": "-22,100", "Pretax Income": "134,484", "Tax Provision": "-1,983", "Earnings from Equity Interest Net of Tax": "10,779", "Net Income Common Stockholders": "146,703", "Average Dilution Earnings": "1,518", "Diluted NI Available to Com Stockholders": "148,221", "Basic EPS": "2.46", "Diluted EPS": "2.38", "Basic Average Shares": "59,576", "Diluted Average Shares": "62,307", "Total Operating Income as Reported": "220,430", "Total Expenses": "3,257,343", "Net Income from Continuing & Discontinued Operation": "146,703", "Normalized Income": "162,836", "Interest Income": "9,306", "Interest Expense": "71,874", "Net Interest Income": "-62,568", "EBIT": "206,358", "EBITDA": "-", "Reconciled Cost of Revenue": "2,786,581", "Reconciled Depreciation": "209,118", "Net Income from Continuing Operation Net Minority Interest": "146,703", "Total Unusual Items Excluding Goodwill": "-22,100", "Total Unusual Items": "-22,100", "Normalized EBITDA": "437,576", "Tax Rate for Calcs": "0", "Tax Effect of Unusual Items": "-5,967"}, "12/31/2019": {"Duration": "12/31/2019", "Total Revenue": "3,200,583", "Cost of Revenue": "2,482,086", "Gross Profit": "718,497", "Operating Expense": "460,057", "Operating Income": "258,440", "Net Non Operating Interest Income Expense": "-69,287", "Other Income Expense": "-9,480", "Pretax Income": "179,673", "Tax Provision": "42,066", "Earnings from Equity Interest Net of Tax": "28,948", "Net Income Common Stockholders": "171,585", "Average Dilution Earnings": "975", "Diluted NI Available to Com Stockholders": "172,560", "Basic EPS": "2.88", "Diluted EPS": "2.83", "Basic Average Shares": "59,634", "Diluted Average Shares": "60,778", "Total Operating Income as Reported": "258,879", "Total Expenses": "2,942,143", "Net Income from Continuing & Discontinued Operation": "171,585", "Normalized Income": "179,150", "Interest Income": "12,039", "Interest Expense": "81,326", "Net Interest Income": "-69,287", "EBIT": "260,999", "EBITDA": "-", "Reconciled Cost of Revenue": "2,482,086", "Reconciled Depreciation": "159,723", "Net Income from Continuing Operation Net Minority Interest": "171,585", "Total Unusual Items Excluding Goodwill": "-9,480", "Total Unusual Items": "-9,480", "Normalized EBITDA": "430,202", "Tax Rate for Calcs": "0", "Tax Effect of Unusual Items": "-1,915"}, "12/31/2018": {"Duration": "12/31/2018", "Total Revenue": "3,744,512", "Cost of Revenue": "2,969,430", "Gross Profit": "775,082", "Operating Expense": "443,958", "Operating Income": "331,124", "Net Non Operating Interest Income Expense": "-94,825", "Other Income Expense": "62,193", "Pretax Income": "298,492", "Tax Provision": "61,969", "Earnings from Equity Interest Net of Tax": "5,908", "Net Income Common Stockholders": "237,070", "Average Dilution Earnings": "4,683", "Diluted NI Available to Com Stockholders": "241,753", "Basic EPS": "4.02", "Diluted EPS": "3.88", "Basic Average Shares": "58,915", "Diluted Average Shares": "62,292", "Total Operating Income as Reported": "364,657", "Total Expenses": "3,413,388", "Net Income from Continuing & Discontinued Operation": "237,070", "Normalized Income": "187,539", "Interest Income": "11,207", "Interest Expense": "106,032", "Net Interest Income": "-94,825", "EBIT": "404,524", "EBITDA": "-", "Reconciled Cost of Revenue": "2,969,430", "Reconciled Depreciation": "129,256", "Net Income from Continuing Operation Net Minority Interest": "237,070", "Total Unusual Items Excluding Goodwill": "62,193", "Total Unusual Items": "62,193", "Normalized EBITDA": "471,587", "Tax Rate for Calcs": "0", "Tax Effect of Unusual Items": "12,662"}}, "bs": {"12/31/2020": {"Duration": "12/31/2020", "Total Assets": "6,536,854", "Total Liabilities Net Minority Interest": "4,644,069", "Total Equity Gross Minority Interest": "1,892,785", "Total Capitalization": "2,239,726", "Common Stock Equity": "1,570,422", "Capital Lease Obligations": "28,436", "Net Tangible Assets": "1,485,579", "Working Capital": "597,467", "Invested Capital": "4,351,441", "Tangible Book Value": "1,485,579", "Total Debt": "2,809,455", "Net Debt": "1,602,267", "Share Issued": "59,820", "Ordinary Shares Number": "59,820", "Treasury Shares Number": "-"}, "12/31/2019": {"Duration": "12/31/2019", "Total Assets": "5,467,207", "Total Liabilities Net Minority Interest": "4,042,149", "Total Equity Gross Minority Interest": "1,425,058", "Total Capitalization": "2,012,611", "Common Stock Equity": "1,393,134", "Capital Lease Obligations": "39,485", "Net Tangible Assets": "1,309,507", "Working Capital": "160,939", "Invested Capital": "3,776,895", "Tangible Book Value": "1,309,507", "Total Debt": "2,423,246", "Net Debt": "1,714,991", "Share Issued": "59,981", "Ordinary Shares Number": "59,372", "Treasury Shares Number": "609.516"}, "12/31/2018": {"Duration": "12/31/2018", "Total Assets": "4,892,658", "Total Liabilities Net Minority Interest": "3,619,813", "Total Equity Gross Minority Interest": "1,272,845", "Total Capitalization": "1,619,087", "Common Stock Equity": "1,225,473", "Capital Lease Obligations": "-", "Net Tangible Assets": "1,143,847", "Working Capital": "125,964", "Invested Capital": "3,409,934", "Tangible Book Value": "1,143,847", "Total Debt": "2,184,461", "Net Debt": "1,740,163", "Share Issued": "59,181", "Ordinary Shares Number": "59,181", "Treasury Shares Number": "-"}}, "cf": {"TTM": {"Duration": "TTM", "Operating Cash Flow": "-120,541", "Investing Cash Flow": "-319,662", "Financing Cash Flow": "823,501", "End Cash Position": "1,639,715", "Income Tax Paid Supplemental Data": "38,193", "Interest Paid Supplemental Data": "78,747", "Capital Expenditure": "-334,941", "Issuance of Capital Stock": "-", "Issuance of Debt": "2,108,106", "Repayment of Debt": "-1,583,770", "Repurchase of Capital Stock": "-5,963", "Free Cash Flow": "-455,482"}, "12/31/2020": {"Duration": "12/31/2020", "Operating Cash Flow": "-120,541", "Investing Cash Flow": "-319,662", "Financing Cash Flow": "823,501", "End Cash Position": "1,639,715", "Income Tax Paid Supplemental Data": "38,193", "Interest Paid Supplemental Data": "78,747", "Capital Expenditure": "-334,941", "Issuance of Capital Stock": "-", "Issuance of Debt": "2,108,106", "Repayment of Debt": "-1,583,770", "Repurchase of Capital Stock": "-5,963", "Free Cash Flow": "-455,482"}, "12/31/2019": {"Duration": "12/31/2019", "Operating Cash Flow": "600,111", "Investing Cash Flow": "-294,102", "Financing Cash Flow": "-34,614", "End Cash Position": "1,205,420", "Income Tax Paid Supplemental Data": "40,454", "Interest Paid Supplemental Data": "85,362", "Capital Expenditure": "-291,182", "Issuance of Capital Stock": "-", "Issuance of Debt": "1,797,043", "Repayment of Debt": "-1,819,879", "Repurchase of Capital Stock": "-11,845", "Free Cash Flow": "308,929"}, "12/31/2018": {"Duration": "12/31/2018", "Operating Cash Flow": "216,280", "Investing Cash Flow": "29,071", "Financing Cash Flow": "-463,613", "End Cash Position": "940,990", "Income Tax Paid Supplemental Data": "32,135", "Interest Paid Supplemental Data": "103,236", "Capital Expenditure": "-316,282", "Issuance of Capital Stock": "0", "Issuance of Debt": "1,849,483", "Repayment of Debt": "-2,433,826", "Repurchase of Capital Stock": "-", "Free Cash Flow": "-100,002"}}}}, {"YGE": {"quote": {"03/27/2021": {"value": "", "Net Assets": "N/A", "Beta (5Y Monthly)": "N/A", "Yield": "N/A", "5y Average Return": "N/A", "Holdings Turnover": "N/A", "Last Dividend": "N/A", "Average for Category": "N/A", "Inception Date": "N/A"}}, "fin": {}, "bs": {}, "cf": {}}}, {"SPWR": {"quote": {"03/27/2021": {"value": "32.87", "Market Cap": "5.606B", "Beta (5Y Monthly)": "1.90", "PE Ratio (TTM)": "13.25", "EPS (TTM)": "2.48", "Earnings Date": "May 05, 2021 - May 10, 2021", "Forward Dividend & Yield": "N/A (N/A)", "Ex-Dividend Date": "N/A", "1y Target Est": "31.12"}}, "fin": {"TTM": {"Duration": "TTM", "Total Revenue": "1,124,829", "Cost of Revenue": "957,702", "Gross Profit": "167,127", "Operating Expense": "187,084", "Operating Income": "-19,957", "Net Non Operating Interest Income Expense": "-32,399", "Other Income Expense": "706,925", "Pretax Income": "654,569", "Tax Provision": "57,549", "Earnings from Equity Interest Net of Tax": "0", "Net Income Common Stockholders": "475,048", "Diluted NI Available to Com Stockholders": "475,048", "Basic EPS": "-", "Diluted EPS": "-", "Basic Average Shares": "-", "Diluted Average Shares": "-", "Total Operating Income as Reported": "-6,012", "Total Expenses": "1,144,786", "Net Income from Continuing & Discontinued Operation": "475,048", "Normalized Income": "591,033", "Interest Income": "754", "Interest Expense": "33,153", "Net Interest Income": "-32,399", "EBIT": "687,722", "EBITDA": "736,026", "Reconciled Cost of Revenue": "957,702", "Reconciled Depreciation": "48,304", "Net Income from Continuing Operation Net Minority Interest": "598,042", "Total Unusual Items Excluding Goodwill": "7,685", "Total Unusual Items": "7,685", "Normalized EBITDA": "728,341", "Tax Rate for Calcs": "0", "Tax Effect of Unusual Items": "675.6569"}, "12/31/2020": {"Duration": "12/31/2020", "Total Revenue": "1,124,829", "Cost of Revenue": "957,702", "Gross Profit": "167,127", "Operating Expense": "187,084", "Operating Income": "-19,957", "Net Non Operating Interest Income Expense": "-32,399", "Other Income Expense": "706,925", "Pretax Income": "654,569", "Tax Provision": "57,549", "Earnings from Equity Interest Net of Tax": "0", "Net Income Common Stockholders": "475,048", "Diluted NI Available to Com Stockholders": "475,048", "Basic EPS": "-", "Diluted EPS": "-", "Basic Average Shares": "-", "Diluted Average Shares": "-", "Total Operating Income as Reported": "-6,012", "Total Expenses": "1,144,786", "Net Income from Continuing & Discontinued Operation": "475,048", "Normalized Income": "591,033", "Interest Income": "754", "Interest Expense": "33,153", "Net Interest Income": "-32,399", "EBIT": "687,722", "EBITDA": "-", "Reconciled Cost of Revenue": "957,702", "Reconciled Depreciation": "48,304", "Net Income from Continuing Operation Net Minority Interest": "598,042", "Total Unusual Items Excluding Goodwill": "7,685", "Total Unusual Items": "7,685", "Normalized EBITDA": "728,341", "Tax Rate for Calcs": "0", "Tax Effect of Unusual Items": "675.6569"}, "12/31/2019": {"Duration": "12/31/2019", "Total Revenue": "1,864,225", "Cost of Revenue": "1,738,320", "Gross Profit": "125,905", "Operating Expense": "327,958", "Operating Income": "-202,053", "Net Non Operating Interest Income Expense": "-50,651", "Other Income Expense": "278,672", "Pretax Income": "25,968", "Tax Provision": "26,631", "Earnings from Equity Interest Net of Tax": "-7,058", "Net Income Common Stockholders": "22,159", "Diluted NI Available to Com Stockholders": "22,159", "Basic EPS": "0.15", "Diluted EPS": "0.15", "Basic Average Shares": "144,796", "Diluted Average Shares": "147,525", "Total Operating Income as Reported": "-98,115", "Total Expenses": "2,066,278", "Net Income from Continuing & Discontinued Operation": "22,159", "Normalized Income": "-53,716", "Interest Income": "2,702", "Interest Expense": "53,353", "Net Interest Income": "-50,651", "EBIT": "79,321", "EBITDA": "-", "Reconciled Cost of Revenue": "1,738,320", "Reconciled Depreciation": "80,081", "Net Income from Continuing Operation Net Minority Interest": "22,159", "Total Unusual Items Excluding Goodwill": "103,938", "Total Unusual Items": "103,938", "Normalized EBITDA": "55,464", "Tax Rate for Calcs": "0", "Tax Effect of Unusual Items": "28,063"}, "12/31/2018": {"Duration": "12/31/2018", "Total Revenue": "1,726,085", "Cost of Revenue": "2,023,166", "Gross Profit": "-297,081", "Operating Expense": "341,816", "Operating Income": "-638,897", "Net Non Operating Interest Income Expense": "-104,954", "Other Income Expense": "-154,820", "Pretax Income": "-898,671", "Tax Provision": "1,010", "Earnings from Equity Interest Net of Tax": "-17,815", "Net Income Common Stockholders": "-811,091", "Diluted NI Available to Com Stockholders": "-811,091", "Basic EPS": "-5.76", "Diluted EPS": "-5.76", "Basic Average Shares": "140,825", "Diluted Average Shares": "140,825", "Total Operating Income as Reported": "-849,031", "Total Expenses": "2,364,982", "Net Income from Continuing & Discontinued Operation": "-811,091", "Normalized Income": "-657,693", "Interest Income": "3,057", "Interest Expense": "108,011", "Net Interest Income": "-104,954", "EBIT": "-790,660", "EBITDA": "-", "Reconciled Cost of Revenue": "2,023,166", "Reconciled Depreciation": "127,204", "Net Income from Continuing Operation Net Minority Interest": "-811,091", "Total Unusual Items Excluding Goodwill": "-210,134", "Total Unusual Items": "-210,134", "Normalized EBITDA": "-453,322", "Tax Rate for Calcs": "0", "Tax Effect of Unusual Items": "-56,736"}}, "bs": {"12/31/2020": {"Duration": "12/31/2020", "Total Assets": "1,646,482", "Total Liabilities Net Minority Interest": "1,239,996", "Total Equity Gross Minority Interest": "406,486", "Total Capitalization": "883,057", "Common Stock Equity": "404,167", "Capital Lease Obligations": "53,344", "Net Tangible Assets": "403,470", "Working Capital": "260,584", "Invested Capital": "1,042,647", "Tangible Book Value": "403,470", "Total Debt": "691,824", "Net Debt": "405,715", "Share Issued": "183,442", "Ordinary Shares Number": "170,428", "Treasury Shares Number": "13,014"}, "12/31/2019": {"Duration": "12/31/2019", "Total Assets": "2,171,921", "Total Liabilities Net Minority Interest": "2,150,422", "Total Equity Gross Minority Interest": "21,499", "Total Capitalization": "944,249", "Common Stock Equity": "10,163", "Capital Lease Obligations": "55,552", "Net Tangible Assets": "2,697", "Working Capital": "482,522", "Invested Capital": "1,049,105", "Tangible Book Value": "2,697", "Total Debt": "1,094,494", "Net Debt": "615,987", "Share Issued": "179,845", "Ordinary Shares Number": "168,121", "Treasury Shares Number": "11,724"}, "12/31/2018": {"Duration": "12/31/2018", "Total Assets": "2,352,649", "Total Liabilities Net Minority Interest": "2,502,535", "Total Equity Gross Minority Interest": "-149,886", "Total Capitalization": "650,188", "Common Stock Equity": "-208,696", "Capital Lease Obligations": "583,418", "Net Tangible Assets": "-221,278", "Working Capital": "368,765", "Invested Capital": "690,262", "Tangible Book Value": "-221,278", "Total Debt": "1,482,376", "Net Debt": "589,551", "Share Issued": "152,085", "Ordinary Shares Number": "141,180", "Treasury Shares Number": "10,905"}}, "cf": {"TTM": {"Duration": "TTM", "Operating Cash Flow": "-187,391", "Investing Cash Flow": "129,190", "Financing Cash Flow": "-153,852", "End Cash Position": "246,804", "Income Tax Paid Supplemental Data": "18,708", "Interest Paid Supplemental Data": "31,704", "Capital Expenditure": "-21,105", "Issuance of Capital Stock": "0", "Issuance of Debt": "431,272", "Repayment of Debt": "-571,453", "Repurchase of Capital Stock": "-12,842", "Free Cash Flow": "-208,496"}, "12/31/2020": {"Duration": "12/31/2020", "Operating Cash Flow": "-187,391", "Investing Cash Flow": "129,190", "Financing Cash Flow": "-153,852", "End Cash Position": "246,804", "Income Tax Paid Supplemental Data": "18,708", "Interest Paid Supplemental Data": "31,704", "Capital Expenditure": "-21,105", "Issuance of Capital Stock": "0", "Issuance of Debt": "431,272", "Repayment of Debt": "-571,453", "Repurchase of Capital Stock": "-12,842", "Free Cash Flow": "-208,496"}, "12/31/2019": {"Duration": "12/31/2019", "Operating Cash Flow": "-270,413", "Investing Cash Flow": "21,366", "Financing Cash Flow": "344,314", "End Cash Position": "458,657", "Income Tax Paid Supplemental Data": "8,988", "Interest Paid Supplemental Data": "32,777", "Capital Expenditure": "-111,602", "Issuance of Capital Stock": "171,834", "Issuance of Debt": "457,191", "Repayment of Debt": "-273,974", "Repurchase of Capital Stock": "-5,565", "Free Cash Flow": "-382,015"}, "12/31/2018": {"Duration": "12/31/2018", "Operating Cash Flow": "-543,389", "Investing Cash Flow": "274,900", "Financing Cash Flow": "85,847", "End Cash Position": "363,763", "Income Tax Paid Supplemental Data": "7,800", "Interest Paid Supplemental Data": "99,204", "Capital Expenditure": "-183,330", "Issuance of Capital Stock": "-", "Issuance of Debt": "545,983", "Repayment of Debt": "-583,892", "Repurchase of Capital Stock": "-5,530", "Free Cash Flow": "-726,719"}}}}, {"CRUS": {"quote": {"03/27/2021": {"value": "83.01", "Market Cap": "4.818B", "Beta (5Y Monthly)": "0.96", "PE Ratio (TTM)": "24.66", "EPS (TTM)": "3.37", "Earnings Date": "May 03, 2021 - May 07, 2021", "Forward Dividend & Yield": "N/A (N/A)", "Ex-Dividend Date": "N/A", "1y Target Est": "103.56"}}, "fin": {"TTM": {"Duration": "TTM", "Total Revenue": "1,369,230", "Cost of Revenue": "661,929", "Gross Profit": "707,301", "Operating Expense": "469,767", "Operating Income": "237,534", "Net Non Operating Interest Income Expense": "5,224", "Other Income Expense": "2,488", "Pretax Income": "245,246", "Tax Provision": "27,902", "Net Income Common Stockholders": "217,344", "Diluted NI Available to Com Stockholders": "217,344", "Basic EPS": "-", "Diluted EPS": "-", "Basic Average Shares": "-", "Diluted Average Shares": "-", "Total Operating Income as Reported": "237,182", "Total Expenses": "1,131,696", "Net Income from Continuing & Discontinued Operation": "217,344", "Normalized Income": "217,656", "Interest Income": "5,224", "Interest Expense": "-", "Net Interest Income": "5,224", "EBIT": "237,534", "EBITDA": "237,534", "Reconciled Cost of Revenue": "661,929", "Reconciled Depreciation": "-", "Net Income from Continuing Operation Net Minority Interest": "217,344", "Total Unusual Items Excluding Goodwill": "-352", "Total Unusual Items": "-352", "Normalized EBITDA": "237,886", "Tax Rate for Calcs": "0", "Tax Effect of Unusual Items": "-40.128"}, "3/31/2021": {"Duration": "3/31/2021", "Total Revenue": "1,369,230", "Cost of Revenue": "661,929", "Gross Profit": "707,301", "Operating Expense": "469,767", "Operating Income": "237,534", "Net Non Operating Interest Income Expense": "5,224", "Other Income Expense": "2,488", "Pretax Income": "245,246", "Tax Provision": "27,902", "Net Income Common Stockholders": "217,344", "Diluted NI Available to Com Stockholders": "217,344", "Basic EPS": "-", "Diluted EPS": "-", "Basic Average Shares": "-", "Diluted Average Shares": "-", "Total Operating Income as Reported": "237,182", "Total Expenses": "1,131,696", "Net Income from Continuing & Discontinued Operation": "217,344", "Normalized Income": "217,656", "Interest Income": "5,224", "Interest Expense": "-", "Net Interest Income": "5,224", "EBIT": "237,534", "EBITDA": "-", "Reconciled Cost of Revenue": "661,929", "Reconciled Depreciation": "-", "Net Income from Continuing Operation Net Minority Interest": "217,344", "Total Unusual Items Excluding Goodwill": "-352", "Total Unusual Items": "-352", "Normalized EBITDA": "237,886", "Tax Rate for Calcs": "0", "Tax Effect of Unusual Items": "-40.128"}, "3/31/2020": {"Duration": "3/31/2020", "Total Revenue": "1,281,124", "Cost of Revenue": "606,957", "Gross Profit": "674,167", "Operating Expense": "478,762", "Operating Income": "195,405", "Net Non Operating Interest Income Expense": "9,401", "Other Income Expense": "-23,540", "Pretax Income": "181,266", "Tax Provision": "21,768", "Net Income Common Stockholders": "159,498", "Diluted NI Available to Com Stockholders": "159,498", "Basic EPS": "2.74", "Diluted EPS": "2.64", "Basic Average Shares": "58,317", "Diluted Average Shares": "60,462", "Total Operating Income as Reported": "173,480", "Total Expenses": "1,085,719", "Net Income from Continuing & Discontinued Operation": "159,498", "Normalized Income": "178,792", "Interest Income": "10,458", "Interest Expense": "1,057", "Net Interest Income": "9,401", "EBIT": "182,323", "EBITDA": "-", "Reconciled Cost of Revenue": "606,957", "Reconciled Depreciation": "68,237", "Net Income from Continuing Operation Net Minority Interest": "159,498", "Total Unusual Items Excluding Goodwill": "-21,925", "Total Unusual Items": "-21,925", "Normalized EBITDA": "272,485", "Tax Rate for Calcs": "0", "Tax Effect of Unusual Items": "-2,631"}, "3/31/2019": {"Duration": "3/31/2019", "Total Revenue": "1,185,524", "Cost of Revenue": "588,027", "Gross Profit": "597,497", "Operating Expense": "501,641", "Operating Income": "95,856", "Net Non Operating Interest Income Expense": "6,960", "Other Income Expense": "-9,072", "Pretax Income": "93,744", "Tax Provision": "3,753", "Net Income Common Stockholders": "89,991", "Diluted NI Available to Com Stockholders": "89,991", "Basic EPS": "1.50", "Diluted EPS": "1.46", "Basic Average Shares": "60,116", "Diluted Average Shares": "61,583", "Total Operating Income as Reported": "100,769", "Total Expenses": "1,089,668", "Net Income from Continuing & Discontinued Operation": "89,991", "Normalized Income": "98,492", "Interest Income": "8,017", "Interest Expense": "1,057", "Net Interest Income": "6,960", "EBIT": "94,801", "EBITDA": "-", "Reconciled Cost of Revenue": "588,027", "Reconciled Depreciation": "79,826", "Net Income from Continuing Operation Net Minority Interest": "89,991", "Total Unusual Items Excluding Goodwill": "-8,855", "Total Unusual Items": "-8,855", "Normalized EBITDA": "183,482", "Tax Rate for Calcs": "0", "Tax Effect of Unusual Items": "-354.2"}}, "bs": {"3/31/2021": {"Duration": "3/31/2021", "Total Assets": "1,830,614", "Total Liabilities Net Minority Interest": "441,609", "Total Equity Gross Minority Interest": "1,389,005", "Total Capitalization": "1,389,005", "Common Stock Equity": "1,389,005", "Capital Lease Obligations": "142,456", "Net Tangible Assets": "1,079,456", "Working Capital": "628,909", "Invested Capital": "1,389,005", "Tangible Book Value": "1,079,456", "Total Debt": "142,456", "Share Issued": "58,045", "Ordinary Shares Number": "58,045"}, "3/31/2020": {"Duration": "3/31/2020", "Total Assets": "1,592,677", "Total Liabilities Net Minority Interest": "362,898", "Total Equity Gross Minority Interest": "1,229,779", "Total Capitalization": "1,229,779", "Common Stock Equity": "1,229,779", "Capital Lease Obligations": "142,892", "Net Tangible Assets": "908,261", "Working Capital": "491,559", "Invested Capital": "1,229,779", "Tangible Book Value": "908,261", "Total Debt": "142,892", "Share Issued": "58,242", "Ordinary Shares Number": "58,242"}, "3/31/2019": {"Duration": "3/31/2019", "Total Assets": "1,352,640", "Total Liabilities Net Minority Interest": "212,400", "Total Equity Gross Minority Interest": "1,140,240", "Total Capitalization": "1,140,240", "Common Stock Equity": "1,140,240", "Capital Lease Obligations": "-", "Net Tangible Assets": "786,152", "Working Capital": "509,443", "Invested Capital": "1,140,240", "Tangible Book Value": "786,152", "Total Debt": "-", "Share Issued": "58,954", "Ordinary Shares Number": "58,954"}}, "cf": {"TTM": {"Duration": "TTM", "Operating Cash Flow": "-", "Investing Cash Flow": "-", "Financing Cash Flow": "-", "End Cash Position": "-", "Income Tax Paid Supplemental Data": "-", "Interest Paid Supplemental Data": "-", "Capital Expenditure": "-", "Issuance of Capital Stock": "-", "Repayment of Debt": "-", "Repurchase of Capital Stock": "-", "Free Cash Flow": "-"}, "3/31/2020": {"Duration": "3/31/2020", "Operating Cash Flow": "295,815", "Investing Cash Flow": "-100,221", "Financing Cash Flow": "-119,647", "End Cash Position": "292,119", "Income Tax Paid Supplemental Data": "22,321", "Interest Paid Supplemental Data": "457", "Capital Expenditure": "-21,576", "Issuance of Capital Stock": "18,635", "Repayment of Debt": "0", "Repurchase of Capital Stock": "-138,282", "Free Cash Flow": "274,239"}, "3/31/2019": {"Duration": "3/31/2019", "Operating Cash Flow": "206,694", "Investing Cash Flow": "-54,662", "Financing Cash Flow": "-171,464", "End Cash Position": "216,172", "Income Tax Paid Supplemental Data": "20,617", "Interest Paid Supplemental Data": "612", "Capital Expenditure": "-35,758", "Issuance of Capital Stock": "1,616", "Repayment of Debt": "0", "Repurchase of Capital Stock": "-173,080", "Free Cash Flow": "170,936"}}}}, {"JKS": {"quote": {"03/27/2021": {"value": "43.96", "Market Cap": "1.991B", "Beta (5Y Monthly)": "0.96", "PE Ratio (TTM)": "13.12", "EPS (TTM)": "3.35", "Earnings Date": "Jun 14, 2021 - Jun 18, 2021", "Forward Dividend & Yield": "N/A (N/A)", "Ex-Dividend Date": "N/A", "1y Target Est": "49.35"}}}}, {"LSCC": {"quote": {"03/27/2021": {"value": "44.54", "Market Cap": "6.073B", "Beta (5Y Monthly)": "1.00", "PE Ratio (TTM)": "131.00", "EPS (TTM)": "0.34", "Earnings Date": "Apr 26, 2021 - Apr 30, 2021", "Forward Dividend & Yield": "N/A (N/A)", "Ex-Dividend Date": "N/A", "1y Target Est": "50.60"}}}}, {"MX": {"quote": {"03/27/2021": {"value": "26.01", "Market Cap": "1.2B", "Beta (5Y Monthly)": "0.97", "PE Ratio (TTM)": "3.45", "EPS (TTM)": "7.54", "Earnings Date": "May 04, 2021 - May 10, 2021", "Forward Dividend & Yield": "N/A (N/A)", "Ex-Dividend Date": "N/A", "1y Target Est": "26.25"}}}}, {"IXYS": {"quote": {"03/27/2021": {"value": "", "Net Assets": "N/A", "Beta (5Y Monthly)": "N/A", "Yield": "N/A", "5y Average Return": "N/A", "Holdings Turnover": "N/A", "Last Dividend": "N/A", "Average for Category": "N/A", "Inception Date": "N/A"}}}}, {"UCTT": {"quote": {"03/27/2021": {"value": "56.95", "Market Cap": "2.313B", "Beta (5Y Monthly)": "2.01", "PE Ratio (TTM)": "30.13", "EPS (TTM)": "1.89", "Earnings Date": "Feb 17, 2021", "Forward Dividend & Yield": "N/A (N/A)", "Ex-Dividend Date": "N/A", "1y Target Est": "60.67"}}}}, {"NVEC": {"quote": {"03/27/2021": {"value": "70.15", "Market Cap": "339.051M", "Beta (5Y Monthly)": "1.14", "PE Ratio (TTM)": "28.45", "EPS (TTM)": "2.47", "Earnings Date": "Jan 20, 2021", "Forward Dividend & Yield": "4.00 (5.80%)", "Ex-Dividend Date": "Jan 29, 2021", "1y Target Est": "N/A"}}}}, {"HQCL": {"quote": {"03/27/2021": {"value": "", "Net Assets": "N/A", "Beta (5Y Monthly)": "N/A", "Yield": "N/A", "5y Average Return": "N/A", "Holdings Turnover": "N/A", "Last Dividend": "N/A", "Average for Category": "N/A", "Inception Date": "N/A"}}, "fin": {}, "bs": {}, "cf": {}}}, {"CEVA": {"quote": {"03/27/2021": {"value": "52.84", "Market Cap": "1.205B", "Beta (5Y Monthly)": "1.13", "PE Ratio (TTM)": "N/A", "EPS (TTM)": "-0.11", "Earnings Date": "May 10, 2021 - May 14, 2021", "Forward Dividend & Yield": "N/A (N/A)", "Ex-Dividend Date": "N/A", "1y Target Est": "80.33"}}, "fin": {"TTM": {"Duration": "TTM", "Total Revenue": "100,326", "Cost of Revenue": "10,749", "Gross Profit": "89,577", "Operating Expense": "90,340", "Operating Income": "-763", "Net Non Operating Interest Income Expense": "3,291", "Other Income Expense": "-7", "Pretax Income": "2,521", "Tax Provision": "4,900", "Net Income Common Stockholders": "-2,379", "Diluted NI Available to Com Stockholders": "-2,379", "Basic EPS": "-", "Diluted EPS": "-", "Basic Average Shares": "-", "Diluted Average Shares": "-", "Total Operating Income as Reported": "-763", "Total Expenses": "101,089", "Net Income from Continuing & Discontinued Operation": "-2,379", "Normalized Income": "-2,698", "Interest Income": "3,291", "Net Interest Income": "3,291", "EBIT": "-763", "EBITDA": "5,058", "Reconciled Cost of Revenue": "7,235", "Reconciled Depreciation": "5,821", "Net Income from Continuing Operation Net Minority Interest": "-2,379", "Total Unusual Items Excluding Goodwill": "437", "Total Unusual Items": "437", "Normalized EBITDA": "4,621", "Tax Rate for Calcs": "0", "Tax Effect of Unusual Items": "117.99"}, "12/31/2020": {"Duration": "12/31/2020", "Total Revenue": "100,326", "Cost of Revenue": "10,749", "Gross Profit": "89,577", "Operating Expense": "90,340", "Operating Income": "-763", "Net Non Operating Interest Income Expense": "3,291", "Other Income Expense": "-7", "Pretax Income": "2,521", "Tax Provision": "4,900", "Net Income Common Stockholders": "-2,379", "Diluted NI Available to Com Stockholders": "-2,379", "Basic EPS": "-", "Diluted EPS": "-", "Basic Average Shares": "-", "Diluted Average Shares": "-", "Total Operating Income as Reported": "-763", "Total Expenses": "101,089", "Net Income from Continuing & Discontinued Operation": "-2,379", "Normalized Income": "-2,698", "Interest Income": "3,291", "Net Interest Income": "3,291", "EBIT": "-763", "EBITDA": "-", "Reconciled Cost of Revenue": "7,235", "Reconciled Depreciation": "5,821", "Net Income from Continuing Operation Net Minority Interest": "-2,379", "Total Unusual Items Excluding Goodwill": "437", "Total Unusual Items": "437", "Normalized EBITDA": "4,621", "Tax Rate for Calcs": "0", "Tax Effect of Unusual Items": "117.99"}, "12/31/2019": {"Duration": "12/31/2019", "Total Revenue": "87,152", "Cost of Revenue": "10,106", "Gross Profit": "77,046", "Operating Expense": "78,970", "Operating Income": "-1,924", "Net Non Operating Interest Income Expense": "4,220", "Other Income Expense": "-929", "Pretax Income": "1,367", "Tax Provision": "1,339", "Net Income Common Stockholders": "28", "Diluted NI Available to Com Stockholders": "28", "Basic EPS": "0.00", "Diluted EPS": "0.00", "Basic Average Shares": "21,932", "Diluted Average Shares": "22,323", "Total Operating Income as Reported": "-1,924", "Total Expenses": "89,076", "Net Income from Continuing & Discontinued Operation": "28", "Normalized Income": "301.75", "Interest Income": "4,220", "Net Interest Income": "4,220", "EBIT": "-1,924", "EBITDA": "-", "Reconciled Cost of Revenue": "6,760", "Reconciled Depreciation": "5,269", "Net Income from Continuing Operation Net Minority Interest": "28", "Total Unusual Items Excluding Goodwill": "-375", "Total Unusual Items": "-375", "Normalized EBITDA": "3,720", "Tax Rate for Calcs": "0", "Tax Effect of Unusual Items": "-101.25"}, "12/31/2018": {"Duration": "12/31/2018", "Total Revenue": "77,877", "Cost of Revenue": "7,951", "Gross Profit": "69,926", "Operating Expense": "71,171", "Operating Income": "-1,245", "Net Non Operating Interest Income Expense": "4,499", "Other Income Expense": "-1,951", "Pretax Income": "1,303", "Tax Provision": "729", "Net Income Common Stockholders": "574", "Diluted NI Available to Com Stockholders": "574", "Basic EPS": "0.03", "Diluted EPS": "0.03", "Basic Average Shares": "22,034", "Diluted Average Shares": "22,503", "Total Operating Income as Reported": "-1,245", "Total Expenses": "79,122", "Net Income from Continuing & Discontinued Operation": "574", "Normalized Income": "1,434", "Interest Income": "4,499", "Net Interest Income": "4,499", "EBIT": "-1,245", "EBITDA": "-", "Reconciled Cost of Revenue": "4,695", "Reconciled Depreciation": "4,157", "Net Income from Continuing Operation Net Minority Interest": "574", "Total Unusual Items Excluding Goodwill": "-1,178", "Total Unusual Items": "-1,178", "Normalized EBITDA": "4,090", "Tax Rate for Calcs": "0", "Tax Effect of Unusual Items": "-318.06"}}, "bs": {"12/31/2020": {"Duration": "12/31/2020", "Total Assets": "306,952", "Total Liabilities Net Minority Interest": "46,063", "Total Equity Gross Minority Interest": "260,889", "Total Capitalization": "260,889", "Common Stock Equity": "260,889", "Capital Lease Obligations": "8,741", "Net Tangible Assets": "198,983", "Working Capital": "139,379", "Invested Capital": "260,889", "Tangible Book Value": "198,983", "Total Debt": "8,741", "Share Issued": "23,595", "Ordinary Shares Number": "22,261", "Treasury Shares Number": "1,334"}, "12/31/2019": {"Duration": "12/31/2019", "Total Assets": "297,021", "Total Liabilities Net Minority Interest": "45,864", "Total Equity Gross Minority Interest": "251,157", "Total Capitalization": "251,157", "Common Stock Equity": "251,157", "Capital Lease Obligations": "10,666", "Net Tangible Assets": "186,663", "Working Capital": "152,174", "Invested Capital": "251,157", "Tangible Book Value": "186,663", "Total Debt": "10,666", "Share Issued": "23,595", "Ordinary Shares Number": "21,839", "Treasury Shares Number": "1,756"}, "12/31/2018": {"Duration": "12/31/2018", "Total Assets": "277,263", "Total Liabilities Net Minority Interest": "31,384", "Total Equity Gross Minority Interest": "245,879", "Total Capitalization": "245,879", "Common Stock Equity": "245,879", "Capital Lease Obligations": "-", "Net Tangible Assets": "196,567", "Working Capital": "155,536", "Invested Capital": "245,879", "Tangible Book Value": "196,567", "Total Debt": "-", "Share Issued": "23,595", "Ordinary Shares Number": "22,064", "Treasury Shares Number": "1,531"}}, "cf": {"TTM": {"Duration": "TTM", "Operating Cash Flow": "15,163", "Investing Cash Flow": "-15,218", "Financing Cash Flow": "-2,113", "End Cash Position": "21,143", "Income Tax Paid Supplemental Data": "4,727", "Capital Expenditure": "-2,935", "Repurchase of Capital Stock": "-4,780", "Free Cash Flow": "12,228"}, "12/31/2020": {"Duration": "12/31/2020", "Operating Cash Flow": "15,163", "Investing Cash Flow": "-15,218", "Financing Cash Flow": "-2,113", "End Cash Position": "21,143", "Income Tax Paid Supplemental Data": "4,727", "Capital Expenditure": "-2,935", "Repurchase of Capital Stock": "-4,780", "Free Cash Flow": "12,228"}, "12/31/2019": {"Duration": "12/31/2019", "Operating Cash Flow": "9,674", "Investing Cash Flow": "-2,443", "Financing Cash Flow": "-6,676", "End Cash Position": "22,803", "Income Tax Paid Supplemental Data": "5,063", "Capital Expenditure": "-10,825", "Repurchase of Capital Stock": "-9,113", "Free Cash Flow": "-1,151"}, "12/31/2018": {"Duration": "12/31/2018", "Operating Cash Flow": "8,612", "Investing Cash Flow": "9,827", "Financing Cash Flow": "-17,759", "End Cash Position": "22,260", "Income Tax Paid Supplemental Data": "4,294", "Capital Expenditure": "-5,279", "Repurchase of Capital Stock": "-20,008", "Free Cash Flow": "3,333"}}}}, {"DION": {"quote": {"03/27/2021": {"value": "0.0112", "Market Cap": "957,664", "Beta (5Y Monthly)": "0.45", "PE Ratio (TTM)": "0.04", "EPS (TTM)": "0.2520", "Earnings Date": "N/A", "Forward Dividend & Yield": "N/A (N/A)", "Ex-Dividend Date": "N/A", "1y Target Est": "N/A"}}, "fin": {}, "bs": {}, "cf": {}}}, {"SVLT": {"quote": {"03/27/2021": {"value": "0.0400", "Market Cap": "556,116", "Beta (5Y Monthly)": "1.44", "PE Ratio (TTM)": "N/A", "EPS (TTM)": "-0.0530", "Earnings Date": "N/A", "Forward Dividend & Yield": "N/A (N/A)", "Ex-Dividend Date": "N/A", "1y Target Est": "N/A"}}, "fin": {}, "bs": {}, "cf": {}}}, {"EBODF": {"quote": {"03/27/2021": {"value": "0.2300", "Market Cap": "8.999M", "Beta (5Y Monthly)": "0.30", "PE Ratio (TTM)": "N/A", "EPS (TTM)": "-3.8800", "Earnings Date": "N/A", "Forward Dividend & Yield": "N/A (N/A)", "Ex-Dividend Date": "Oct 16, 1997", "1y Target Est": "6.60"}}, "fin": {}, "bs": {}, "cf": {}}}, {"FSLR": {"quote": {"03/27/2021": {"value": "85.69", "Market Cap": "9.082B", "Beta (5Y Monthly)": "1.31", "PE Ratio (TTM)": "22.97", "EPS (TTM)": "3.73", "Earnings Date": "May 05, 2021 - May 10, 2021", "Forward Dividend & Yield": "N/A (N/A)", "Ex-Dividend Date": "N/A", "1y Target Est": "83.95"}}, "fin": {"TTM": {"Duration": "TTM", "Total Revenue": "2,982,582", "Cost of Revenue": "2,207,480", "Gross Profit": "775,102", "Operating Expense": "351,816", "Operating Income": "423,286", "Net Non Operating Interest Income Expense": "-12,058", "Other Income Expense": "136,546", "Pretax Income": "547,774", "Tax Provision": "28,411", "Earnings from Equity Interest Net of Tax": "-2,041", "Net Income Common Stockholders": "517,322", "Diluted NI Available to Com Stockholders": "517,322", "Basic EPS": "-", "Diluted EPS": "-", "Basic Average Shares": "-", "Diluted Average Shares": "-", "Total Operating Income as Reported": "568,181", "Total Expenses": "2,559,296", "Net Income from Continuing & Discontinued Operation": "517,322", "Normalized Income": "386,662", "Interest Income": "8,185", "Interest Expense": "20,243", "Net Interest Income": "-12,058", "EBIT": "568,017", "EBITDA": "807,868", "Reconciled Cost of Revenue": "2,207,480", "Reconciled Depreciation": "239,851", "Net Income from Continuing Operation Net Minority Interest": "517,322", "Total Unusual Items Excluding Goodwill": "137,808", "Total Unusual Items": "137,808", "Normalized EBITDA": "670,060", "Tax Rate for Calcs": "0", "Tax Effect of Unusual Items": "7,148"}, "12/31/2020": {"Duration": "12/31/2020", "Total Revenue": "2,711,332", "Cost of Revenue": "2,030,659", "Gross Profit": "680,673", "Operating Expense": "357,184", "Operating Income": "323,489", "Net Non Operating Interest Income Expense": "-7,477", "Other Income Expense": "-22,822", "Pretax Income": "293,190", "Tax Provision": "-107,294", "Earnings from Equity Interest Net of Tax": "-2,129", "Net Income Common Stockholders": "398,355", "Diluted NI Available to Com Stockholders": "398,355", "Basic EPS": "3.76", "Diluted EPS": "3.73", "Basic Average Shares": "105,867", "Diluted Average Shares": "106,686", "Total Operating Income as Reported": "317,489", "Total Expenses": "2,387,843", "Net Income from Continuing & Discontinued Operation": "398,355", "Normalized Income": "406,305", "Interest Income": "16,559", "Interest Expense": "24,036", "Net Interest Income": "-7,477", "EBIT": "317,226", "EBITDA": "-", "Reconciled Cost of Revenue": "2,030,659", "Reconciled Depreciation": "232,925", "Net Income from Continuing Operation Net Minority Interest": "398,355", "Total Unusual Items Excluding Goodwill": "-10,890", "Total Unusual Items": "-10,890", "Normalized EBITDA": "561,041", "Tax Rate for Calcs": "0", "Tax Effect of Unusual Items": "-2,940"}, "12/31/2019": {"Duration": "12/31/2019", "Total Revenue": "3,063,117", "Cost of Revenue": "2,513,905", "Gross Profit": "549,212", "Operating Expense": "347,997", "Operating Income": "201,215", "Net Non Operating Interest Income Expense": "21,820", "Other Income Expense": "-343,164", "Pretax Income": "-120,129", "Tax Provision": "-5,480", "Earnings from Equity Interest Net of Tax": "-284", "Net Income Common Stockholders": "-114,933", "Diluted NI Available to Com Stockholders": "-114,933", "Basic EPS": "-1.09", "Diluted EPS": "-1.09", "Basic Average Shares": "105,310", "Diluted Average Shares": "105,310", "Total Operating Income as Reported": "-161,785", "Total Expenses": "2,861,902", "Net Income from Continuing & Discontinued Operation": "-114,933", "Normalized Income": "229,183", "Interest Income": "48,886", "Interest Expense": "27,066", "Net Interest Income": "21,820", "EBIT": "-93,063", "EBITDA": "-", "Reconciled Cost of Revenue": "2,513,905", "Reconciled Depreciation": "205,475", "Net Income from Continuing Operation Net Minority Interest": "-114,933", "Total Unusual Items Excluding Goodwill": "-360,709", "Total Unusual Items": "-360,709", "Normalized EBITDA": "473,121", "Tax Rate for Calcs": "0", "Tax Effect of Unusual Items": "-16,593"}, "12/31/2018": {"Duration": "12/31/2018", "Total Revenue": "2,244,044", "Cost of Revenue": "1,851,867", "Gross Profit": "392,177", "Operating Expense": "352,064", "Operating Income": "40,113", "Net Non Operating Interest Income Expense": "33,867", "Other Income Expense": "39,167", "Pretax Income": "113,147", "Tax Provision": "3,441", "Earnings from Equity Interest Net of Tax": "34,620", "Net Income Common Stockholders": "144,326", "Diluted NI Available to Com Stockholders": "144,326", "Basic EPS": "1.38", "Diluted EPS": "1.36", "Basic Average Shares": "104,745", "Diluted Average Shares": "106,113", "Total Operating Income as Reported": "40,113", "Total Expenses": "2,203,931", "Net Income from Continuing & Discontinued Operation": "144,326", "Normalized Income": "144,879", "Interest Income": "59,788", "Interest Expense": "25,921", "Net Interest Income": "33,867", "EBIT": "139,068", "EBITDA": "-", "Reconciled Cost of Revenue": "1,851,867", "Reconciled Depreciation": "130,736", "Net Income from Continuing Operation Net Minority Interest": "144,326", "Total Unusual Items Excluding Goodwill": "-570", "Total Unusual Items": "-570", "Normalized EBITDA": "270,374", "Tax Rate for Calcs": "0", "Tax Effect of Unusual Items": "-17.1"}}, "bs": {"12/31/2020": {"Duration": "12/31/2020", "Total Assets": "7,108,931", "Total Liabilities Net Minority Interest": "1,588,003", "Total Equity Gross Minority Interest": "5,520,928", "Total Capitalization": "5,758,619", "Common Stock Equity": "5,520,928", "Capital Lease Obligations": "203,040", "Net Tangible Assets": "5,450,328", "Working Capital": "2,167,137", "Invested Capital": "5,800,159", "Tangible Book Value": "5,450,328", "Total Debt": "482,271", "Share Issued": "105,980", "Ordinary Shares Number": "105,980"}, "12/31/2019": {"Duration": "12/31/2019", "Total Assets": "7,515,689", "Total Liabilities Net Minority Interest": "2,418,922", "Total Equity Gross Minority Interest": "5,096,767", "Total Capitalization": "5,550,954", "Common Stock Equity": "5,096,767", "Capital Lease Obligations": "123,617", "Net Tangible Assets": "5,017,762", "Working Capital": "2,281,626", "Invested Capital": "5,568,464", "Tangible Book Value": "5,017,762", "Total Debt": "595,314", "Share Issued": "105,449", "Ordinary Shares Number": "105,449"}, "12/31/2018": {"Duration": "12/31/2018", "Total Assets": "7,121,362", "Total Liabilities Net Minority Interest": "1,908,959", "Total Equity Gross Minority Interest": "5,212,403", "Total Capitalization": "5,673,624", "Common Stock Equity": "5,212,403", "Capital Lease Obligations": "-", "Net Tangible Assets": "5,123,779", "Working Capital": "3,014,066", "Invested Capital": "5,679,194", "Tangible Book Value": "5,123,779", "Total Debt": "466,791", "Share Issued": "104,885", "Ordinary Shares Number": "104,885"}}, "cf": {"TTM": {"Duration": "TTM", "Operating Cash Flow": "262,506", "Investing Cash Flow": "44,165", "Financing Cash Flow": "-100,598", "End Cash Position": "1,224,951", "Capital Expenditure": "-394,244", "Issuance of Debt": "178,295", "Repayment of Debt": "-262,397", "Free Cash Flow": "-131,738"}, "12/31/2020": {"Duration": "12/31/2020", "Operating Cash Flow": "37,120", "Investing Cash Flow": "-131,227", "Financing Cash Flow": "-82,587", "End Cash Position": "1,273,594", "Capital Expenditure": "-416,635", "Issuance of Debt": "156,679", "Repayment of Debt": "-225,344", "Free Cash Flow": "-379,515"}, "12/31/2019": {"Duration": "12/31/2019", "Operating Cash Flow": "174,201", "Investing Cash Flow": "-362,298", "Financing Cash Flow": "74,943", "End Cash Position": "1,446,510", "Capital Expenditure": "-668,717", "Issuance of Debt": "120,132", "Repayment of Debt": "-30,099", "Free Cash Flow": "-494,516"}, "12/31/2018": {"Duration": "12/31/2018", "Operating Cash Flow": "-326,809", "Investing Cash Flow": "-682,714", "Financing Cash Flow": "255,228", "End Cash Position": "1,562,623", "Capital Expenditure": "-739,838", "Issuance of Debt": "290,925", "Repayment of Debt": "-18,937", "Free Cash Flow": "-1,066,647"}}}}, {"FFLO": {"quote": {"03/27/2021": {"value": "0.3400", "Market Cap": "8.915M", "Beta (5Y Monthly)": "2.99", "PE Ratio (TTM)": "340.00", "EPS (TTM)": "0.0010", "Earnings Date": "N/A", "Forward Dividend & Yield": "N/A (N/A)", "Ex-Dividend Date": "N/A", "1y Target Est": "N/A"}}, "fin": {"TTM": {"Duration": "TTM", "Total Revenue": "411.694", "Cost of Revenue": "173.177", "Gross Profit": "238.517", "Operating Expense": "393.254", "Operating Income": "-154.737", "Other Income Expense": "1,005", "Pretax Income": "850.61", "Net Income Common Stockholders": "850.61", "Diluted NI Available to Com Stockholders": "850.61", "Basic EPS": "-", "Diluted EPS": "-", "Basic Average Shares": "-", "Diluted Average Shares": "-", "Total Expenses": "566.431", "Net Income from Continuing & Discontinued Operation": "850.61", "Normalized Income": "850.61", "EBIT": "-154.737", "EBITDA": "-154.737", "Reconciled Cost of Revenue": "173.177", "Reconciled Depreciation": "-", "Net Income from Continuing Operation Net Minority Interest": "850.61", "Total Unusual Items Excluding Goodwill": "0", "Total Unusual Items": "0", "Normalized EBITDA": "-154.737", "Tax Rate for Calcs": "0", "Tax Effect of Unusual Items": "0"}, "12/31/2020": {"Duration": "12/31/2020", "Total Revenue": "411.694", "Cost of Revenue": "173.177", "Gross Profit": "238.517", "Operating Expense": "393.254", "Operating Income": "-154.737", "Other Income Expense": "1,005", "Pretax Income": "850.61", "Net Income Common Stockholders": "850.61", "Diluted NI Available to Com Stockholders": "850.61", "Basic EPS": "-", "Diluted EPS": "-", "Basic Average Shares": "-", "Diluted Average Shares": "-", "Total Expenses": "566.431", "Net Income from Continuing & Discontinued Operation": "850.61", "Normalized Income": "850.61", "EBIT": "-154.737", "EBITDA": "-", "Reconciled Cost of Revenue": "173.177", "Reconciled Depreciation": "-", "Net Income from Continuing Operation Net Minority Interest": "850.61", "Total Unusual Items Excluding Goodwill": "0", "Total Unusual Items": "0", "Normalized EBITDA": "-154.737", "Tax Rate for Calcs": "0", "Tax Effect of Unusual Items": "0"}, "12/31/2019": {"Duration": "12/31/2019", "Total Revenue": "420.538", "Cost of Revenue": "111.745", "Gross Profit": "308.793", "Operating Expense": "430.604", "Operating Income": "-121.811", "Other Income Expense": "-", "Pretax Income": "-121.811", "Net Income Common Stockholders": "-121.81", "Diluted NI Available to Com Stockholders": "-121.81", "Basic EPS": "-0.01", "Diluted EPS": "-0.01", "Basic Average Shares": "26,200", "Diluted Average Shares": "26,200", "Total Expenses": "542.349", "Net Income from Continuing & Discontinued Operation": "-121.81", "Normalized Income": "-121.81", "EBIT": "-121.811", "EBITDA": "-", "Reconciled Cost of Revenue": "111.745", "Reconciled Depreciation": "-", "Net Income from Continuing Operation Net Minority Interest": "-121.81", "Total Unusual Items Excluding Goodwill": "0", "Total Unusual Items": "0", "Normalized EBITDA": "-121.811", "Tax Rate for Calcs": "0", "Tax Effect of Unusual Items": "0"}, "12/31/2018": {"Duration": "12/31/2018", "Total Revenue": "249.655", "Cost of Revenue": "38.958", "Gross Profit": "210.696", "Operating Expense": "190.729", "Operating Income": "19.967", "Other Income Expense": "-", "Pretax Income": "19.967", "Net Income Common Stockholders": "19.967", "Diluted NI Available to Com Stockholders": "19.967", "Basic EPS": "0.01", "Diluted EPS": "0.01", "Basic Average Shares": "26,200", "Diluted Average Shares": "26,200", "Total Expenses": "229.687", "Net Income from Continuing & Discontinued Operation": "19.967", "Normalized Income": "19.967", "EBIT": "19.967", "EBITDA": "-", "Reconciled Cost of Revenue": "57.564", "Reconciled Depreciation": "19.967", "Net Income from Continuing Operation Net Minority Interest": "19.967", "Total Unusual Items Excluding Goodwill": "0", "Total Unusual Items": "0", "Normalized EBITDA": "58.54", "Tax Rate for Calcs": "0", "Tax Effect of Unusual Items": "0"}}, "bs": {"12/31/2020": {"Duration": "12/31/2020", "Total Assets": "3,662", "Total Liabilities Net Minority Interest": "3,212", "Total Equity Gross Minority Interest": "450.059", "Total Capitalization": "1,847", "Preferred Stock Equity": "0.001", "Common Stock Equity": "450.058", "Net Tangible Assets": "450.059", "Working Capital": "1,113", "Invested Capital": "2,788", "Tangible Book Value": "450.058", "Total Debt": "2,338", "Net Debt": "2,255", "Share Issued": "26,221", "Ordinary Shares Number": "26,221", "Preferred Shares Number": "340"}, "12/31/2019": {"Duration": "12/31/2019", "Total Assets": "1,608", "Total Liabilities Net Minority Interest": "2,034", "Total Equity Gross Minority Interest": "-426.051", "Total Capitalization": "774.301", "Preferred Stock Equity": "0.001", "Common Stock Equity": "-426.052", "Net Tangible Assets": "-426.051", "Working Capital": "874.946", "Invested Capital": "784.643", "Tangible Book Value": "-426.052", "Total Debt": "1,211", "Net Debt": "1,203", "Share Issued": "26,221", "Ordinary Shares Number": "26,221", "Preferred Shares Number": "340"}, "12/31/2018": {"Duration": "12/31/2018", "Total Assets": "1,388", "Total Liabilities Net Minority Interest": "1,709", "Total Equity Gross Minority Interest": "-320.629", "Total Capitalization": "579.471", "Preferred Stock Equity": "0.001", "Common Stock Equity": "-320.63", "Net Tangible Assets": "-320.629", "Working Capital": "609.786", "Invested Capital": "579.85", "Tangible Book Value": "-320.63", "Total Debt": "900.48", "Net Debt": "881.365", "Share Issued": "26,200", "Ordinary Shares Number": "26,200", "Preferred Shares Number": "340"}}, "cf": {"TTM": {"Duration": "TTM", "Operating Cash Flow": "-1,138", "Financing Cash Flow": "1,214", "End Cash Position": "83.516", "Issuance of Debt": "1,188", "Free Cash Flow": "-1,138"}, "12/31/2020": {"Duration": "12/31/2020", "Operating Cash Flow": "-1,138", "Financing Cash Flow": "1,214", "End Cash Position": "83.516", "Issuance of Debt": "1,188", "Free Cash Flow": "-1,138"}, "12/31/2019": {"Duration": "12/31/2019", "Operating Cash Flow": "-349.45", "Financing Cash Flow": "337.561", "End Cash Position": "7.226", "Issuance of Debt": "321.072", "Free Cash Flow": "-349.45"}, "12/31/2018": {"Duration": "12/31/2018", "Operating Cash Flow": "-395.052", "Financing Cash Flow": "408.813", "End Cash Position": "19.115", "Issuance of Debt": "1,195", "Free Cash Flow": "-395.052"}}}}, {"HIMX": {"quote": {"03/27/2021": {"value": "12.26", "Market Cap": "2.111B", "Beta (5Y Monthly)": "1.92", "PE Ratio (TTM)": "151.36", "EPS (TTM)": "0.08", "Earnings Date": "May 05, 2021 - May 10, 2021", "Forward Dividend & Yield": "N/A (N/A)", "Ex-Dividend Date": "Jul 18, 2018", "1y Target Est": "13.66"}}, "fin": {"TTM": {"Duration": "TTM", "Total Revenue": "887,282", "Cost of Revenue": "666,501", "Gross Profit": "220,781", "Operating Expense": "162,855", "Operating Income": "57,926", "Net Non Operating Interest Income Expense": "-738", "Other Income Expense": "-316", "Pretax Income": "56,872", "Tax Provision": "11,712", "Net Income Common Stockholders": "47,134", "Diluted NI Available to Com Stockholders": "47,134", "Basic EPS": "-", "Diluted EPS": "-", "Basic Average Shares": "-", "Diluted Average Shares": "-", "Total Operating Income as Reported": "57,926", "Total Expenses": "829,356", "Net Income from Continuing & Discontinued Operation": "47,134", "Normalized Income": "47,019", "Interest Income": "967", "Interest Expense": "1,705", "Net Interest Income": "-738", "EBIT": "58,577", "EBITDA": "82,173", "Reconciled Cost of Revenue": "666,501", "Reconciled Depreciation": "23,596", "Net Income from Continuing Operation Net Minority Interest": "47,134", "Total Unusual Items Excluding Goodwill": "145", "Total Unusual Items": "145", "Normalized EBITDA": "82,028", "Tax Rate for Calcs": "0", "Tax Effect of Unusual Items": "29.87"}, "12/31/2020": {"Duration": "12/31/2020", "Total Revenue": "887,282", "Cost of Revenue": "666,501", "Gross Profit": "220,781", "Operating Expense": "162,855", "Operating Income": "57,926", "Net Non Operating Interest Income Expense": "-738", "Other Income Expense": "-316", "Pretax Income": "56,872", "Tax Provision": "11,712", "Net Income Common Stockholders": "47,134", "Diluted NI Available to Com Stockholders": "47,134", "Basic EPS": "-", "Diluted EPS": "-", "Basic Average Shares": "-", "Diluted Average Shares": "-", "Total Operating Income as Reported": "57,926", "Total Expenses": "829,356", "Net Income from Continuing & Discontinued Operation": "47,134", "Normalized Income": "47,019", "Interest Income": "967", "Interest Expense": "1,705", "Net Interest Income": "-738", "EBIT": "58,577", "EBITDA": "-", "Reconciled Cost of Revenue": "666,501", "Reconciled Depreciation": "23,596", "Net Income from Continuing Operation Net Minority Interest": "47,134", "Total Unusual Items Excluding Goodwill": "145", "Total Unusual Items": "145", "Normalized EBITDA": "82,028", "Tax Rate for Calcs": "0", "Tax Effect of Unusual Items": "29.87"}, "12/31/2019": {"Duration": "12/31/2019", "Total Revenue": "671,835", "Cost of Revenue": "533,916", "Gross Profit": "137,919", "Operating Expense": "156,226", "Operating Income": "-18,307", "Net Non Operating Interest Income Expense": "-312", "Other Income Expense": "2,851", "Pretax Income": "-15,768", "Tax Provision": "416", "Net Income Common Stockholders": "-13,614", "Diluted NI Available to Com Stockholders": "-13,614", "Basic EPS": "-0.08", "Diluted EPS": "-0.08", "Basic Average Shares": "172,550", "Diluted Average Shares": "172,550", "Total Operating Income as Reported": "-18,307", "Total Expenses": "690,142", "Net Income from Continuing & Discontinued Operation": "-13,614", "Normalized Income": "-16,014", "Interest Income": "2,013", "Interest Expense": "2,325", "Net Interest Income": "-312", "EBIT": "-13,443", "EBITDA": "-", "Reconciled Cost of Revenue": "533,916", "Reconciled Depreciation": "24,399", "Net Income from Continuing Operation Net Minority Interest": "-13,614", "Total Unusual Items Excluding Goodwill": "3,200", "Total Unusual Items": "3,200", "Normalized EBITDA": "7,756", "Tax Rate for Calcs": "0", "Tax Effect of Unusual Items": "800"}, "12/31/2018": {"Duration": "12/31/2018", "Total Revenue": "723,605", "Cost of Revenue": "554,690", "Gross Profit": "168,915", "Operating Expense": "165,530", "Operating Income": "3,385", "Net Non Operating Interest Income Expense": "1,197", "Other Income Expense": "2,438", "Pretax Income": "7,020", "Tax Provision": "994", "Net Income Common Stockholders": "8,569", "Diluted NI Available to Com Stockholders": "8,569", "Basic EPS": "0.05", "Diluted EPS": "0.05", "Basic Average Shares": "172,510", "Diluted Average Shares": "172,534", "Total Operating Income as Reported": "3,385", "Total Expenses": "720,220", "Net Income from Continuing & Discontinued Operation": "8,569", "Normalized Income": "7,139", "Interest Income": "2,429", "Interest Expense": "1,232", "Net Interest Income": "1,197", "EBIT": "8,252", "EBITDA": "-", "Reconciled Cost of Revenue": "554,690", "Reconciled Depreciation": "20,327", "Net Income from Continuing Operation Net Minority Interest": "8,569", "Total Unusual Items Excluding Goodwill": "1,667", "Total Unusual Items": "1,667", "Normalized EBITDA": "26,912", "Tax Rate for Calcs": "0", "Tax Effect of Unusual Items": "236.714"}}, "bs": {"12/31/2020": {"Duration": "12/31/2020", "Total Assets": "909,818", "Total Liabilities Net Minority Interest": "424,619", "Total Equity Gross Minority Interest": "485,199", "Total Capitalization": "532,676", "Common Stock Equity": "480,176", "Capital Lease Obligations": "3,068", "Net Tangible Assets": "444,162", "Working Capital": "342,169", "Invested Capital": "642,676", "Tangible Book Value": "444,162", "Total Debt": "165,568", "Net Debt": "-", "Share Issued": "356,699", "Ordinary Shares Number": "347,534", "Treasury Shares Number": "9,165"}, "12/31/2019": {"Duration": "12/31/2019", "Total Assets": "818,481", "Total Liabilities Net Minority Interest": "387,237", "Total Equity Gross Minority Interest": "431,244", "Total Capitalization": "432,987", "Common Stock Equity": "432,987", "Capital Lease Obligations": "-", "Net Tangible Assets": "396,099", "Working Capital": "223,778", "Invested Capital": "654,326", "Tangible Book Value": "396,099", "Total Debt": "221,339", "Net Debt": "120,284", "Share Issued": "356,699", "Ordinary Shares Number": "344,368", "Treasury Shares Number": "12,331"}, "12/31/2018": {"Duration": "12/31/2018", "Total Assets": "836,678", "Total Liabilities Net Minority Interest": "394,391", "Total Equity Gross Minority Interest": "442,287", "Total Capitalization": "446,548", "Common Stock Equity": "446,548", "Capital Lease Obligations": "-", "Net Tangible Assets": "407,632", "Working Capital": "263,260", "Invested Capital": "630,548", "Tangible Book Value": "407,632", "Total Debt": "184,000", "Net Debt": "77,563", "Share Issued": "356,699", "Ordinary Shares Number": "344,290", "Treasury Shares Number": "12,409"}}, "cf": {"TTM": {"Duration": "TTM", "Operating Cash Flow": "102,610", "Investing Cash Flow": "-22,365", "Financing Cash Flow": "3,261", "End Cash Position": "184,938", "Income Tax Paid Supplemental Data": "-", "Interest Paid Supplemental Data": "-", "Capital Expenditure": "-5,873", "Issuance of Debt": "546,137", "Repayment of Debt": "-607,463", "Free Cash Flow": "96,737"}, "12/31/2020": {"Duration": "12/31/2020", "Operating Cash Flow": "102,610", "Investing Cash Flow": "-22,365", "Financing Cash Flow": "3,261", "End Cash Position": "184,938", "Income Tax Paid Supplemental Data": "-", "Interest Paid Supplemental Data": "-", "Capital Expenditure": "-5,873", "Issuance of Debt": "546,137", "Repayment of Debt": "-607,463", "Free Cash Flow": "96,737"}, "12/31/2019": {"Duration": "12/31/2019", "Operating Cash Flow": "7,656", "Investing Cash Flow": "-47,767", "Financing Cash Flow": "35,261", "End Cash Position": "101,055", "Income Tax Paid Supplemental Data": "-", "Interest Paid Supplemental Data": "-", "Capital Expenditure": "-46,074", "Issuance of Debt": "402,224", "Repayment of Debt": "-366,963", "Free Cash Flow": "-38,418"}, "12/31/2018": {"Duration": "12/31/2018", "Operating Cash Flow": "4,009", "Investing Cash Flow": "-38,266", "Financing Cash Flow": "2,801", "End Cash Position": "106,437", "Income Tax Paid Supplemental Data": "-", "Interest Paid Supplemental Data": "-", "Capital Expenditure": "-50,597", "Issuance of Debt": "131,000", "Repayment of Debt": "-94,000", "Free Cash Flow": "-46,588"}}}}, {"MPWR": {"quote": {"03/27/2021": {"value": "350.97", "Market Cap": "16.012B", "Beta (5Y Monthly)": "0.94", "PE Ratio (TTM)": "100.28", "EPS (TTM)": "3.50", "Earnings Date": "Apr 26, 2021 - Apr 30, 2021", "Forward Dividend & Yield": "2.40 (0.72%)", "Ex-Dividend Date": "Mar 30, 2021", "1y Target Est": "430.00"}}, "fin": {"TTM": {"Duration": "TTM", "Total Revenue": "933,129", "Cost of Revenue": "417,563", "Gross Profit": "515,566", "Operating Expense": "334,493", "Operating Income": "181,073", "Net Non Operating Interest Income Expense": "-", "Other Income Expense": "717", "Pretax Income": "188,743", "Tax Provision": "14,711", "Net Income Common Stockholders": "174,032", "Diluted NI Available to Com Stockholders": "174,032", "Basic EPS": "-", "Diluted EPS": "-", "Basic Average Shares": "-", "Diluted Average Shares": "-", "Total Operating Income as Reported": "173,982", "Total Expenses": "752,056", "Net Income from Continuing & Discontinued Operation": "174,032", "Normalized Income": "174,139", "Interest Income": "-", "Net Interest Income": "-", "EBIT": "181,073", "EBITDA": "181,073", "Reconciled Cost of Revenue": "417,563", "Reconciled Depreciation": "-", "Net Income from Continuing Operation Net Minority Interest": "174,032", "Total Unusual Items Excluding Goodwill": "-116", "Total Unusual Items": "-116", "Normalized EBITDA": "181,189", "Tax Rate for Calcs": "0", "Tax Effect of Unusual Items": "-9.0413"}, "12/31/2020": {"Duration": "12/31/2020", "Total Revenue": "844,452", "Cost of Revenue": "378,498", "Gross Profit": "465,954", "Operating Expense": "299,268", "Operating Income": "166,686", "Net Non Operating Interest Income Expense": "9,327", "Other Income Expense": "-6,671", "Pretax Income": "169,342", "Tax Provision": "4,967", "Net Income Common Stockholders": "164,375", "Diluted NI Available to Com Stockholders": "164,375", "Basic EPS": "-", "Diluted EPS": "-", "Basic Average Shares": "-", "Diluted Average Shares": "-", "Total Operating Income as Reported": "158,882", "Total Expenses": "677,766", "Net Income from Continuing & Discontinued Operation": "164,375", "Normalized Income": "168,818", "Interest Income": "9,327", "Net Interest Income": "9,327", "EBIT": "166,686", "EBITDA": "-", "Reconciled Cost of Revenue": "378,498", "Reconciled Depreciation": "19,186", "Net Income from Continuing Operation Net Minority Interest": "164,375", "Total Unusual Items Excluding Goodwill": "-4,576", "Total Unusual Items": "-4,576", "Normalized EBITDA": "190,448", "Tax Rate for Calcs": "0", "Tax Effect of Unusual Items": "-132.704"}, "12/31/2019": {"Duration": "12/31/2019", "Total Revenue": "627,921", "Cost of Revenue": "281,596", "Gross Profit": "346,325", "Operating Expense": "241,299", "Operating Income": "105,026", "Net Non Operating Interest Income Expense": "7,305", "Other Income Expense": "789", "Pretax Income": "113,120", "Tax Provision": "4,281", "Net Income Common Stockholders": "108,839", "Diluted NI Available to Com Stockholders": "108,839", "Basic EPS": "2.52", "Diluted EPS": "2.38", "Basic Average Shares": "43,165", "Diluted Average Shares": "45,763", "Total Operating Income as Reported": "102,562", "Total Expenses": "522,895", "Net Income from Continuing & Discontinued Operation": "108,839", "Normalized Income": "107,846", "Interest Income": "7,305", "Net Interest Income": "7,305", "EBIT": "105,026", "EBITDA": "-", "Reconciled Cost of Revenue": "281,596", "Reconciled Depreciation": "14,867", "Net Income from Continuing Operation Net Minority Interest": "108,839", "Total Unusual Items Excluding Goodwill": "1,032", "Total Unusual Items": "1,032", "Normalized EBITDA": "118,861", "Tax Rate for Calcs": "0", "Tax Effect of Unusual Items": "39.216"}, "12/31/2018": {"Duration": "12/31/2018", "Total Revenue": "582,382", "Cost of Revenue": "259,714", "Gross Profit": "322,668", "Operating Expense": "207,258", "Operating Income": "115,410", "Net Non Operating Interest Income Expense": "6,321", "Other Income Expense": "-3,249", "Pretax Income": "118,482", "Tax Provision": "13,214", "Net Income Common Stockholders": "105,268", "Diluted NI Available to Com Stockholders": "105,268", "Basic EPS": "2.49", "Diluted EPS": "2.36", "Basic Average Shares": "42,247", "Diluted Average Shares": "44,602", "Total Operating Income as Reported": "113,488", "Total Expenses": "466,972", "Net Income from Continuing & Discontinued Operation": "105,268", "Normalized Income": "107,036", "Interest Income": "6,321", "Net Interest Income": "6,321", "EBIT": "115,410", "EBITDA": "-", "Reconciled Cost of Revenue": "259,714", "Reconciled Depreciation": "12,311", "Net Income from Continuing Operation Net Minority Interest": "105,268", "Total Unusual Items Excluding Goodwill": "-1,991", "Total Unusual Items": "-1,991", "Normalized EBITDA": "129,712", "Tax Rate for Calcs": "0", "Tax Effect of Unusual Items": "-222.992"}}, "bs": {"12/31/2020": {"Duration": "12/31/2020", "Total Assets": "1,208,491", "Total Liabilities Net Minority Interest": "241,904", "Total Equity Gross Minority Interest": "966,587", "Total Capitalization": "966,587", "Common Stock Equity": "966,587", "Capital Lease Obligations": "3,099", "Net Tangible Assets": "960,016", "Working Capital": "695,029", "Invested Capital": "966,587", "Tangible Book Value": "960,016", "Total Debt": "3,099", "Share Issued": "45,267", "Ordinary Shares Number": "45,267"}, "12/31/2019": {"Duration": "12/31/2019", "Total Assets": "956,375", "Total Liabilities Net Minority Interest": "182,884", "Total Equity Gross Minority Interest": "773,491", "Total Capitalization": "773,491", "Common Stock Equity": "773,491", "Capital Lease Obligations": "2,357", "Net Tangible Assets": "766,920", "Working Capital": "556,981", "Invested Capital": "773,491", "Tangible Book Value": "766,920", "Total Debt": "2,357", "Share Issued": "43,616", "Ordinary Shares Number": "43,616"}, "12/31/2018": {"Duration": "12/31/2018", "Total Assets": "793,432", "Total Liabilities Net Minority Interest": "153,339", "Total Equity Gross Minority Interest": "640,093", "Total Capitalization": "640,093", "Common Stock Equity": "640,093", "Capital Lease Obligations": "-", "Net Tangible Assets": "633,411", "Working Capital": "500,371", "Invested Capital": "640,093", "Tangible Book Value": "633,411", "Total Debt": "-", "Share Issued": "42,505", "Ordinary Shares Number": "42,505"}}, "cf": {"TTM": {"Duration": "TTM", "Operating Cash Flow": "-", "Investing Cash Flow": "-", "Financing Cash Flow": "-", "End Cash Position": "-", "Income Tax Paid Supplemental Data": "-", "Capital Expenditure": "-", "Repurchase of Capital Stock": "-", "Free Cash Flow": "-"}, "12/31/2020": {"Duration": "12/31/2020", "Operating Cash Flow": "267,803", "Investing Cash Flow": "-39,177", "Financing Cash Flow": "-71,557", "End Cash Position": "335,071", "Income Tax Paid Supplemental Data": "1,405", "Capital Expenditure": "-55,639", "Repurchase of Capital Stock": "-", "Free Cash Flow": "212,164"}, "12/31/2019": {"Duration": "12/31/2019", "Operating Cash Flow": "216,303", "Investing Cash Flow": "-167,112", "Financing Cash Flow": "-48,050", "End Cash Position": "173,076", "Income Tax Paid Supplemental Data": "10,700", "Capital Expenditure": "-96,787", "Repurchase of Capital Stock": "-", "Free Cash Flow": "119,516"}, "12/31/2018": {"Duration": "12/31/2018", "Operating Cash Flow": "141,451", "Investing Cash Flow": "-14,740", "Financing Cash Flow": "-34,559", "End Cash Position": "172,818", "Income Tax Paid Supplemental Data": "7,134", "Capital Expenditure": "-22,526", "Repurchase of Capital Stock": "-", "Free Cash Flow": "118,925"}}}}, {"SEDG": {"quote": {"03/27/2021": {"value": "275.75", "Market Cap": "14.224B", "Beta (5Y Monthly)": "0.98", "PE Ratio (TTM)": "103.67", "EPS (TTM)": "2.66", "Earnings Date": "May 04, 2021 - May 10, 2021", "Forward Dividend & Yield": "N/A (N/A)", "Ex-Dividend Date": "N/A", "1y Target Est": "305.88"}}, "fin": {"TTM": {"Duration": "TTM", "Total Revenue": "1,433,542", "Cost of Revenue": "972,117", "Gross Profit": "461,425", "Operating Expense": "340,302", "Operating Income": "121,123", "Net Non Operating Interest Income Expense": "-1,452", "Other Income Expense": "-", "Pretax Income": "150,527", "Tax Provision": "22,377", "Net Income Common Stockholders": "128,150", "Average Dilution Earnings": "-", "Diluted NI Available to Com Stockholders": "128,684", "Basic EPS": "-", "Diluted EPS": "-", "Basic Average Shares": "-", "Diluted Average Shares": "-", "Total Operating Income as Reported": "118,914", "Total Expenses": "1,312,419", "Net Income from Continuing & Discontinued Operation": "128,150", "Normalized Income": "101,881", "Interest Income": "-", "Interest Expense": "-", "Net Interest Income": "-1,452", "EBIT": "150,743", "EBITDA": "184,530", "Reconciled Cost of Revenue": "972,117", "Reconciled Depreciation": "33,787", "Net Income from Continuing Operation Net Minority Interest": "128,150", "Total Unusual Items Excluding Goodwill": "30,856", "Total Unusual Items": "30,856", "Normalized EBITDA": "153,674", "Tax Rate for Calcs": "0", "Tax Effect of Unusual Items": "4,587"}, "12/31/2020": {"Duration": "12/31/2020", "Total Revenue": "1,459,271", "Cost of Revenue": "997,912", "Gross Profit": "461,359", "Operating Expense": "318,798", "Operating Income": "142,561", "Net Non Operating Interest Income Expense": "-11,960", "Other Income Expense": "33,065", "Pretax Income": "163,666", "Tax Provision": "23,344", "Net Income Common Stockholders": "140,322", "Average Dilution Earnings": "-", "Diluted NI Available to Com Stockholders": "140,322", "Basic EPS": "-", "Diluted EPS": "-", "Basic Average Shares": "-", "Diluted Average Shares": "-", "Total Operating Income as Reported": "142,561", "Total Expenses": "1,316,710", "Net Income from Continuing & Discontinued Operation": "140,322", "Normalized Income": "111,952", "Interest Income": "4,900", "Interest Expense": "8,515", "Net Interest Income": "-11,960", "EBIT": "172,181", "EBITDA": "-", "Reconciled Cost of Revenue": "997,912", "Reconciled Depreciation": "31,834", "Net Income from Continuing Operation Net Minority Interest": "140,322", "Total Unusual Items Excluding Goodwill": "33,065", "Total Unusual Items": "33,065", "Normalized EBITDA": "170,950", "Tax Rate for Calcs": "0", "Tax Effect of Unusual Items": "4,695"}, "12/31/2019": {"Duration": "12/31/2019", "Total Revenue": "1,425,660", "Cost of Revenue": "946,322", "Gross Profit": "479,338", "Operating Expense": "289,392", "Operating Income": "189,946", "Net Non Operating Interest Income Expense": "-879", "Other Income Expense": "-10,464", "Pretax Income": "178,603", "Tax Provision": "33,646", "Net Income Common Stockholders": "146,549", "Average Dilution Earnings": "-", "Diluted NI Available to Com Stockholders": "146,549", "Basic EPS": "3.06", "Diluted EPS": "2.90", "Basic Average Shares": "47,892", "Diluted Average Shares": "50,196", "Total Operating Income as Reported": "189,946", "Total Expenses": "1,235,714", "Net Income from Continuing & Discontinued Operation": "146,549", "Normalized Income": "154,947", "Interest Income": "4,590", "Interest Expense": "4,805", "Net Interest Income": "-879", "EBIT": "183,408", "EBITDA": "-", "Reconciled Cost of Revenue": "946,322", "Reconciled Depreciation": "26,895", "Net Income from Continuing Operation Net Minority Interest": "146,549", "Total Unusual Items Excluding Goodwill": "-10,342", "Total Unusual Items": "-10,342", "Normalized EBITDA": "220,645", "Tax Rate for Calcs": "0", "Tax Effect of Unusual Items": "-1,944"}, "12/31/2018": {"Duration": "12/31/2018", "Total Revenue": "937,237", "Cost of Revenue": "618,001", "Gross Profit": "319,236", "Operating Expense": "179,816", "Operating Income": "139,420", "Net Non Operating Interest Income Expense": "2,972", "Other Income Expense": "-5,269", "Pretax Income": "137,123", "Tax Provision": "9,077", "Net Income Common Stockholders": "128,833", "Average Dilution Earnings": "-", "Diluted NI Available to Com Stockholders": "128,833", "Basic EPS": "2.85", "Diluted EPS": "2.69", "Basic Average Shares": "45,205", "Diluted Average Shares": "47,980", "Total Operating Income as Reported": "139,420", "Total Expenses": "797,817", "Net Income from Continuing & Discontinued Operation": "128,833", "Normalized Income": "132,593", "Interest Income": "5,629", "Interest Expense": "2,536", "Net Interest Income": "2,972", "EBIT": "139,659", "EBITDA": "-", "Reconciled Cost of Revenue": "618,001", "Reconciled Depreciation": "12,619", "Net Income from Continuing Operation Net Minority Interest": "128,833", "Total Unusual Items Excluding Goodwill": "-4,027", "Total Unusual Items": "-4,027", "Normalized EBITDA": "156,305", "Tax Rate for Calcs": "0", "Tax Effect of Unusual Items": "-266.5715"}}, "bs": {"12/31/2020": {"Duration": "12/31/2020", "Total Assets": "2,437,109", "Total Liabilities Net Minority Interest": "1,351,352", "Total Equity Gross Minority Interest": "1,085,757", "Total Capitalization": "1,659,107", "Common Stock Equity": "1,085,757", "Capital Lease Obligations": "72,361", "Net Tangible Assets": "877,460", "Working Capital": "1,283,242", "Invested Capital": "1,676,001", "Tangible Book Value": "877,460", "Total Debt": "662,605", "Share Issued": "51,561", "Ordinary Shares Number": "51,561", "Treasury Shares Number": "0"}, "12/31/2019": {"Duration": "12/31/2019", "Total Assets": "1,494,624", "Total Liabilities Net Minority Interest": "682,954", "Total Equity Gross Minority Interest": "811,670", "Total Capitalization": "811,843", "Common Stock Equity": "811,670", "Capital Lease Obligations": "39,803", "Net Tangible Assets": "608,008", "Working Capital": "496,049", "Invested Capital": "827,516", "Tangible Book Value": "608,008", "Total Debt": "55,649", "Share Issued": "49,081", "Ordinary Shares Number": "48,898", "Treasury Shares Number": "183.395"}, "12/31/2018": {"Duration": "12/31/2018", "Total Assets": "964,472", "Total Liabilities Net Minority Interest": "393,746", "Total Equity Gross Minority Interest": "570,726", "Total Capitalization": "565,918", "Common Stock Equity": "562,408", "Capital Lease Obligations": "-", "Net Tangible Assets": "489,030", "Working Capital": "452,395", "Invested Capital": "582,557", "Tangible Book Value": "489,030", "Total Debt": "20,149", "Share Issued": "46,053", "Ordinary Shares Number": "46,053", "Treasury Shares Number": "-"}}, "cf": {"TTM": {"Duration": "TTM", "Operating Cash Flow": "138,993", "Investing Cash Flow": "-370,295", "Financing Cash Flow": "635,107", "End Cash Position": "727,877", "Income Tax Paid Supplemental Data": "-", "Interest Paid Supplemental Data": "-", "Capital Expenditure": "-124,282", "Issuance of Capital Stock": "-", "Issuance of Debt": "619,518", "Repayment of Debt": "-397", "Free Cash Flow": "14,711"}, "12/31/2020": {"Duration": "12/31/2020", "Operating Cash Flow": "222,655", "Investing Cash Flow": "-236,637", "Financing Cash Flow": "640,484", "End Cash Position": "827,146", "Income Tax Paid Supplemental Data": "38,990", "Interest Paid Supplemental Data": "321", "Capital Expenditure": "-126,790", "Issuance of Capital Stock": "-", "Issuance of Debt": "634,813", "Repayment of Debt": "-15,595", "Free Cash Flow": "95,865"}, "12/31/2019": {"Duration": "12/31/2019", "Operating Cash Flow": "259,000", "Investing Cash Flow": "-152,853", "Financing Cash Flow": "-73,021", "End Cash Position": "223,901", "Income Tax Paid Supplemental Data": "41,076", "Interest Paid Supplemental Data": "1,096", "Capital Expenditure": "-72,562", "Issuance of Capital Stock": "-", "Issuance of Debt": "-", "Repayment of Debt": "-9,265", "Free Cash Flow": "186,438"}, "12/31/2018": {"Duration": "12/31/2018", "Operating Cash Flow": "189,079", "Investing Cash Flow": "-152,628", "Financing Cash Flow": "-7,955", "End Cash Position": "193,261", "Income Tax Paid Supplemental Data": "-", "Interest Paid Supplemental Data": "-", "Capital Expenditure": "-38,608", "Issuance of Capital Stock": "-", "Issuance of Debt": "-", "Repayment of Debt": "-3,786", "Free Cash Flow": "150,471"}}}}, {"SOL": {"quote": {"03/27/2021": {"value": "10.76", "Market Cap": "748.699M", "Beta (5Y Monthly)": "2.42", "PE Ratio (TTM)": "N/A", "EPS (TTM)": "-0.21", "Earnings Date": "May 27, 2021 - May 31, 2021", "Forward Dividend & Yield": "N/A (N/A)", "Ex-Dividend Date": "N/A", "1y Target Est": "11.00"}}, "fin": {"TTM": {"Duration": "TTM", "Total Revenue": "73,503", "Cost of Revenue": "56,817", "Gross Profit": "16,686", "Operating Expense": "8,473", "Operating Income": "8,212", "Net Non Operating Interest Income Expense": "-5,230", "Other Income Expense": "-663.113", "Pretax Income": "2,319", "Tax Provision": "163.036", "Net Income Common Stockholders": "2,779", "Diluted NI Available to Com Stockholders": "2,779", "Basic EPS": "-", "Diluted EPS": "-", "Basic Average Shares": "-", "Diluted Average Shares": "-", "Total Operating Income as Reported": "6,780", "Total Expenses": "65,290", "Net Income from Continuing & Discontinued Operation": "2,779", "Normalized Income": "3,395", "Interest Income": "975.719", "Interest Expense": "6,206", "Net Interest Income": "-5,230", "EBIT": "8,525", "EBITDA": "15,867", "Reconciled Cost of Revenue": "56,817", "Reconciled Depreciation": "7,342", "Net Income from Continuing Operation Net Minority Interest": "2,779", "Total Unusual Items Excluding Goodwill": "-663.113", "Total Unusual Items": "-663.113", "Normalized EBITDA": "16,531", "Tax Rate for Calcs": "0", "Tax Effect of Unusual Items": "-46.4179"}, "12/31/2020": {"Duration": "12/31/2020", "Total Revenue": "73,503", "Cost of Revenue": "56,817", "Gross Profit": "16,686", "Operating Expense": "8,473", "Operating Income": "8,212", "Net Non Operating Interest Income Expense": "-5,230", "Other Income Expense": "-663.113", "Pretax Income": "2,319", "Tax Provision": "163.036", "Net Income Common Stockholders": "2,779", "Diluted NI Available to Com Stockholders": "2,779", "Basic EPS": "0.06", "Diluted EPS": "0.06", "Basic Average Shares": "49,166", "Diluted Average Shares": "49,788", "Total Operating Income as Reported": "6,780", "Total Expenses": "65,290", "Net Income from Continuing & Discontinued Operation": "2,779", "Normalized Income": "3,395", "Interest Income": "975.719", "Interest Expense": "6,206", "Net Interest Income": "-5,230", "EBIT": "8,525", "EBITDA": "-", "Reconciled Cost of Revenue": "56,817", "Reconciled Depreciation": "7,342", "Net Income from Continuing Operation Net Minority Interest": "2,779", "Total Unusual Items Excluding Goodwill": "-663.113", "Total Unusual Items": "-663.113", "Normalized EBITDA": "16,531", "Tax Rate for Calcs": "0", "Tax Effect of Unusual Items": "-46.4179"}, "12/31/2019": {"Duration": "12/31/2019", "Total Revenue": "119,117", "Cost of Revenue": "84,891", "Gross Profit": "34,226", "Operating Expense": "28,310", "Operating Income": "5,916", "Net Non Operating Interest Income Expense": "-8,337", "Other Income Expense": "-8,154", "Pretax Income": "-10,575", "Tax Provision": "1,105", "Net Income Common Stockholders": "-8,831", "Diluted NI Available to Com Stockholders": "-8,831", "Basic EPS": "-0.22", "Diluted EPS": "-0.22", "Basic Average Shares": "40,596", "Diluted Average Shares": "40,596", "Total Operating Income as Reported": "-964.304", "Total Expenses": "113,201", "Net Income from Continuing & Discontinued Operation": "-8,831", "Normalized Income": "-2,716", "Interest Income": "822.915", "Interest Expense": "9,160", "Net Interest Income": "-8,337", "EBIT": "-1,415", "EBITDA": "-", "Reconciled Cost of Revenue": "84,891", "Reconciled Depreciation": "7,796", "Net Income from Continuing Operation Net Minority Interest": "-8,831", "Total Unusual Items Excluding Goodwill": "-8,154", "Total Unusual Items": "-8,154", "Normalized EBITDA": "14,535", "Tax Rate for Calcs": "0", "Tax Effect of Unusual Items": "-2,039"}, "12/31/2018": {"Duration": "12/31/2018", "Total Revenue": "96,906", "Cost of Revenue": "68,837", "Gross Profit": "28,070", "Operating Expense": "12,538", "Operating Income": "15,532", "Net Non Operating Interest Income Expense": "-8,510", "Other Income Expense": "-2,114", "Pretax Income": "4,908", "Tax Provision": "-188.791", "Net Income Common Stockholders": "1,760", "Diluted NI Available to Com Stockholders": "1,760", "Basic EPS": "0.05", "Diluted EPS": "0.05", "Basic Average Shares": "38,075", "Diluted Average Shares": "38,075", "Total Operating Income as Reported": "15,532", "Total Expenses": "81,374", "Net Income from Continuing & Discontinued Operation": "1,760", "Normalized Income": "3,605", "Interest Income": "193.552", "Interest Expense": "8,704", "Net Interest Income": "-8,510", "EBIT": "13,612", "EBITDA": "-", "Reconciled Cost of Revenue": "68,837", "Reconciled Depreciation": "8,402", "Net Income from Continuing Operation Net Minority Interest": "1,760", "Total Unusual Items Excluding Goodwill": "-2,461", "Total Unusual Items": "-2,461", "Normalized EBITDA": "24,475", "Tax Rate for Calcs": "0", "Tax Effect of Unusual Items": "-615.203"}}, "bs": {"12/31/2020": {"Duration": "12/31/2020", "Total Assets": "336,942", "Total Liabilities Net Minority Interest": "153,682", "Total Equity Gross Minority Interest": "183,260", "Total Capitalization": "139,138", "Common Stock Equity": "139,138", "Capital Lease Obligations": "74,563", "Net Tangible Assets": "138,115", "Working Capital": "48,440", "Invested Capital": "180,153", "Tangible Book Value": "138,115", "Total Debt": "115,579", "Net Debt": "422.465", "Share Issued": "582,259", "Ordinary Shares Number": "572,484", "Treasury Shares Number": "9,775"}, "12/31/2019": {"Duration": "12/31/2019", "Total Assets": "319,944", "Total Liabilities Net Minority Interest": "182,397", "Total Equity Gross Minority Interest": "137,547", "Total Capitalization": "98,084", "Common Stock Equity": "94,717", "Capital Lease Obligations": "79,656", "Net Tangible Assets": "94,717", "Working Capital": "-6,342", "Invested Capital": "136,344", "Tangible Book Value": "94,717", "Total Debt": "121,284", "Net Debt": "17,336", "Share Issued": "480,819", "Ordinary Shares Number": "480,819", "Treasury Shares Number": "208.1"}, "12/31/2018": {"Duration": "12/31/2018", "Total Assets": "377,712", "Total Liabilities Net Minority Interest": "253,047", "Total Equity Gross Minority Interest": "124,665", "Total Capitalization": "132,105", "Common Stock Equity": "90,670", "Capital Lease Obligations": "77,875", "Net Tangible Assets": "90,670", "Working Capital": "1,536", "Invested Capital": "176,569", "Tangible Book Value": "90,670", "Total Debt": "163,774", "Net Debt": "79,149", "Share Issued": "380,819", "Ordinary Shares Number": "380,819", "Treasury Shares Number": "208.1"}}, "cf": {"TTM": {"Duration": "TTM", "Operating Cash Flow": "-10,034", "Investing Cash Flow": "-3,387", "Financing Cash Flow": "30,177", "End Cash Position": "40,676", "Income Tax Paid Supplemental Data": "338.103", "Interest Paid Supplemental Data": "9,039", "Capital Expenditure": "-8,248", "Issuance of Capital Stock": "11,000", "Issuance of Debt": "18,409", "Repayment of Debt": "-29,727", "Repurchase of Capital Stock": "-", "Free Cash Flow": "-18,282"}, "12/31/2020": {"Duration": "12/31/2020", "Operating Cash Flow": "-10,034", "Investing Cash Flow": "-3,387", "Financing Cash Flow": "30,177", "End Cash Position": "40,676", "Income Tax Paid Supplemental Data": "509.493", "Interest Paid Supplemental Data": "6,193", "Capital Expenditure": "-8,248", "Issuance of Capital Stock": "44,999", "Issuance of Debt": "18,409", "Repayment of Debt": "-29,727", "Repurchase of Capital Stock": "-", "Free Cash Flow": "-18,282"}, "12/31/2019": {"Duration": "12/31/2019", "Operating Cash Flow": "55,914", "Investing Cash Flow": "-1,597", "Financing Cash Flow": "-39,306", "End Cash Position": "24,697", "Income Tax Paid Supplemental Data": "338.103", "Interest Paid Supplemental Data": "9,039", "Capital Expenditure": "-13,694", "Issuance of Capital Stock": "11,000", "Issuance of Debt": "34,423", "Repayment of Debt": "-97,716", "Repurchase of Capital Stock": "-", "Free Cash Flow": "42,220"}, "12/31/2018": {"Duration": "12/31/2018", "Operating Cash Flow": "-51,086", "Investing Cash Flow": "-40,400", "Financing Cash Flow": "85,825", "End Cash Position": "9,026", "Income Tax Paid Supplemental Data": "637.527", "Interest Paid Supplemental Data": "8,275", "Capital Expenditure": "-40,400", "Issuance of Capital Stock": "-", "Issuance of Debt": "102,127", "Repayment of Debt": "-46,622", "Repurchase of Capital Stock": "0", "Free Cash Flow": "-91,486"}}}}, {"RUN": {"quote": {"03/27/2021": {"value": "57.09", "Market Cap": "11.566B", "Beta (5Y Monthly)": "2.19", "PE Ratio (TTM)": "N/A", "EPS (TTM)": "-1.24", "Earnings Date": "May 04, 2021 - May 10, 2021", "Forward Dividend & Yield": "N/A (N/A)", "Ex-Dividend Date": "N/A", "1y Target Est": "81.18"}}, "fin": {"TTM": {"Duration": "TTM", "Total Revenue": "1,046,254", "Cost of Revenue": "868,010", "Gross Profit": "178,244", "Operating Expense": "758,860", "Operating Income": "-580,616", "Net Non Operating Interest Income Expense": "-254,947", "Other Income Expense": "42,485", "Pretax Income": "-793,078", "Tax Provision": "-71,357", "Net Income Common Stockholders": "-169,224", "Diluted NI Available to Com Stockholders": "-169,224", "Basic EPS": "-", "Diluted EPS": "-", "Basic Average Shares": "-", "Diluted Average Shares": "-", "Total Operating Income as Reported": "-580,616", "Total Expenses": "1,626,870", "Net Income from Continuing & Discontinued Operation": "-169,224", "Normalized Income": "-169,224", "Interest Expense": "254,947", "Net Interest Income": "-254,947", "EBIT": "-538,131", "EBITDA": "-254,255", "Reconciled Cost of Revenue": "589,176", "Reconciled Depreciation": "283,876", "Net Income from Continuing Operation Net Minority Interest": "-169,224", "Total Unusual Items Excluding Goodwill": "-", "Normalized EBITDA": "-254,255", "Tax Rate for Calcs": "0", "Tax Effect of Unusual Items": "0"}, "12/31/2020": {"Duration": "12/31/2020", "Total Revenue": "922,191", "Cost of Revenue": "743,526", "Gross Profit": "178,665", "Operating Expense": "643,773", "Operating Income": "-465,108", "Net Non Operating Interest Income Expense": "-230,601", "Other Income Expense": "8,188", "Pretax Income": "-687,521", "Tax Provision": "-60,573", "Net Income Common Stockholders": "-173,394", "Diluted NI Available to Com Stockholders": "-173,394", "Basic EPS": "-", "Diluted EPS": "-", "Basic Average Shares": "-", "Diluted Average Shares": "-", "Total Operating Income as Reported": "-465,108", "Total Expenses": "1,387,299", "Net Income from Continuing & Discontinued Operation": "-173,394", "Normalized Income": "-173,394", "Interest Expense": "230,601", "Net Interest Income": "-230,601", "EBIT": "-456,920", "EBITDA": "-", "Reconciled Cost of Revenue": "505,764", "Reconciled Depreciation": "242,942", "Net Income from Continuing Operation Net Minority Interest": "-173,394", "Total Unusual Items Excluding Goodwill": "-", "Normalized EBITDA": "-213,978", "Tax Rate for Calcs": "0", "Tax Effect of Unusual Items": "0"}, "12/31/2019": {"Duration": "12/31/2019", "Total Revenue": "858,578", "Cost of Revenue": "645,829", "Gross Profit": "212,749", "Operating Expense": "428,489", "Operating Income": "-215,740", "Net Non Operating Interest Income Expense": "-174,246", "Other Income Expense": "-9,254", "Pretax Income": "-399,240", "Tax Provision": "-8,218", "Net Income Common Stockholders": "26,335", "Diluted NI Available to Com Stockholders": "26,335", "Basic EPS": "0.23", "Diluted EPS": "0.21", "Basic Average Shares": "116,397", "Diluted Average Shares": "123,876", "Total Operating Income as Reported": "-215,740", "Total Expenses": "1,074,318", "Net Income from Continuing & Discontinued Operation": "26,335", "Normalized Income": "26,335", "Interest Expense": "174,246", "Net Interest Income": "-174,246", "EBIT": "-224,994", "EBITDA": "-", "Reconciled Cost of Revenue": "463,421", "Reconciled Depreciation": "187,163", "Net Income from Continuing Operation Net Minority Interest": "26,335", "Total Unusual Items Excluding Goodwill": "-", "Normalized EBITDA": "-37,831", "Tax Rate for Calcs": "0", "Tax Effect of Unusual Items": "0"}, "12/31/2018": {"Duration": "12/31/2018", "Total Revenue": "759,981", "Cost of Revenue": "534,923", "Gross Profit": "225,058", "Operating Expense": "346,939", "Operating Income": "-121,881", "Net Non Operating Interest Income Expense": "-131,771", "Other Income Expense": "2,788", "Pretax Income": "-250,864", "Tax Provision": "9,322", "Net Income Common Stockholders": "26,657", "Diluted NI Available to Com Stockholders": "26,657", "Basic EPS": "0.24", "Diluted EPS": "0.23", "Basic Average Shares": "110,089", "Diluted Average Shares": "117,112", "Total Operating Income as Reported": "-121,881", "Total Expenses": "881,862", "Net Income from Continuing & Discontinued Operation": "26,657", "Normalized Income": "26,657", "Interest Expense": "131,771", "Net Interest Income": "-131,771", "EBIT": "-119,093", "EBITDA": "-", "Reconciled Cost of Revenue": "383,120", "Reconciled Depreciation": "156,007", "Net Income from Continuing Operation Net Minority Interest": "26,657", "Total Unusual Items Excluding Goodwill": "-", "Normalized EBITDA": "36,914", "Tax Rate for Calcs": "0", "Tax Effect of Unusual Items": "0"}}, "bs": {"12/31/2020": {"Duration": "12/31/2020", "Total Assets": "14,382,943", "Total Liabilities Net Minority Interest": "7,654,033", "Total Equity Gross Minority Interest": "6,728,910", "Total Capitalization": "10,679,020", "Common Stock Equity": "6,077,911", "Capital Lease Obligations": "385,821", "Net Tangible Assets": "1,779,480", "Working Capital": "236,373", "Invested Capital": "10,874,056", "Tangible Book Value": "1,779,480", "Total Debt": "5,181,966", "Net Debt": "4,276,180", "Share Issued": "201,406", "Ordinary Shares Number": "201,406", "Preferred Shares Number": "-"}, "12/31/2019": {"Duration": "12/31/2019", "Total Assets": "5,806,341", "Total Liabilities Net Minority Interest": "4,474,909", "Total Equity Gross Minority Interest": "1,331,432", "Total Capitalization": "3,184,323", "Common Stock Equity": "964,731", "Capital Lease Obligations": "371,754", "Net Tangible Assets": "850,094", "Working Capital": "203,736", "Invested Capital": "3,219,671", "Tangible Book Value": "850,094", "Total Debt": "2,626,694", "Net Debt": "1,985,363", "Share Issued": "118,451", "Ordinary Shares Number": "118,451", "Preferred Shares Number": "-"}, "12/31/2018": {"Duration": "12/31/2018", "Total Assets": "4,749,787", "Total Liabilities Net Minority Interest": "3,467,005", "Total Equity Gross Minority Interest": "1,282,782", "Total Capitalization": "2,662,145", "Common Stock Equity": "948,707", "Capital Lease Obligations": "390,785", "Net Tangible Assets": "851,076", "Working Capital": "89,222", "Invested Capital": "2,697,629", "Tangible Book Value": "851,076", "Total Debt": "2,139,707", "Net Debt": "1,522,297", "Share Issued": "113,149", "Ordinary Shares Number": "113,149", "Preferred Shares Number": "54,841"}}, "cf": {"TTM": {"Duration": "TTM", "Operating Cash Flow": "-386,734", "Investing Cash Flow": "-644,375", "Financing Cash Flow": "1,478,294", "End Cash Position": "813,433", "Income Tax Paid Supplemental Data": "0", "Interest Paid Supplemental Data": "147,101", "Capital Expenditure": "-1,116,261", "Issuance of Capital Stock": "-", "Issuance of Debt": "1,719,719", "Repayment of Debt": "-1,095,268", "Repurchase of Capital Stock": "-", "Free Cash Flow": "-1,502,995"}, "12/31/2020": {"Duration": "12/31/2020", "Operating Cash Flow": "-317,972", "Investing Cash Flow": "-497,789", "Financing Cash Flow": "1,160,740", "End Cash Position": "708,208", "Income Tax Paid Supplemental Data": "0", "Interest Paid Supplemental Data": "119,626", "Capital Expenditure": "-969,675", "Issuance of Capital Stock": "75,000", "Issuance of Debt": "942,894", "Repayment of Debt": "-601,562", "Repurchase of Capital Stock": "0", "Free Cash Flow": "-1,287,647"}, "12/31/2019": {"Duration": "12/31/2019", "Operating Cash Flow": "-204,487", "Investing Cash Flow": "-843,255", "Financing Cash Flow": "1,106,572", "End Cash Position": "363,229", "Income Tax Paid Supplemental Data": "0", "Interest Paid Supplemental Data": "99,472", "Capital Expenditure": "-840,533", "Issuance of Capital Stock": "-", "Issuance of Debt": "1,376,139", "Repayment of Debt": "-884,989", "Repurchase of Capital Stock": "-5,000", "Free Cash Flow": "-1,045,020"}, "12/31/2018": {"Duration": "12/31/2018", "Operating Cash Flow": "-62,461", "Investing Cash Flow": "-811,316", "Financing Cash Flow": "936,386", "End Cash Position": "304,399", "Income Tax Paid Supplemental Data": "0", "Interest Paid Supplemental Data": "76,313", "Capital Expenditure": "-811,316", "Issuance of Capital Stock": "-", "Issuance of Debt": "1,214,626", "Repayment of Debt": "-543,619", "Repurchase of Capital Stock": "-", "Free Cash Flow": "-873,777"}}}}, {"AKDS": {"quote": {"03/27/2021": {"value": "", "Net Assets": "N/A", "Beta (5Y Monthly)": "N/A", "Yield": "N/A", "5y Average Return": "N/A", "Holdings Turnover": "N/A", "Last Dividend": "N/A", "Average for Category": "N/A", "Inception Date": "N/A"}}, "fin": {}, "bs": {}, "cf": {}}}, {"APSI": {"quote": {"03/27/2021": {"value": "0.1160", "Market Cap": "4.123M", "Beta (5Y Monthly)": "5.75", "PE Ratio (TTM)": "N/A", "EPS (TTM)": "-0.0020", "Earnings Date": "N/A", "Forward Dividend & Yield": "N/A (N/A)", "Ex-Dividend Date": "N/A", "1y Target Est": "N/A"}}, "fin": {}, "bs": {}, "cf": {}}}, {"SIGM": {"fin": {}, "bs": {}, "cf": {}}}, {"EVSI": {"fin": {}, "bs": {}, "cf": {}}}, {"VSLR": {"fin": {}, "bs": {}, "cf": {}}}]