[{"AMD": {"quote": {"03/23/2021": {"value": "78.38", "Market Cap": "94.943B", "Beta (5Y Monthly)": "2.18", "PE Ratio (TTM)": "37.97", "EPS (TTM)": "2.06", "Earnings Date": "Apr 26, 2021 - Apr 30, 2021", "Forward Dividend & Yield": "N/A (N/A)", "Ex-Dividend Date": "Apr 27, 1995", "1y Target Est": "102.86"}, "03/27/2021": {"value": "77.41", "Market Cap": "93.768B", "Beta (5Y Monthly)": "2.18", "PE Ratio (TTM)": "37.50", "EPS (TTM)": "2.06", "Earnings Date": "Apr 26, 2021 - Apr 30, 2021", "Forward Dividend & Yield": "N/A (N/A)", "Ex-Dividend Date": "Apr 27, 1995", "1y Target Est": "103.21"}, "05/08/2021": {"value": "78.81", "Market Cap": "95.756B", "Beta (5Y Monthly)": "2.03", "PE Ratio (TTM)": "33.09", "EPS (TTM)": "2.38", "Earnings Date": "Jul 26, 2021 - Jul 30, 2021", "Forward Dividend & Yield": "N/A (N/A)", "Ex-Dividend Date": "Apr 27, 1995", "1y Target Est": "104.92"}}, "fin": {"TTM": {"Duration": "TTM", "Total Revenue": "11,422,000", "Cost of Revenue": "6,306,000", "Gross Profit": "5,116,000", "Operating Expense": "3,262,000", "Operating Income": "1,854,000", "Net Non Operating Interest Income Expense": "-35,000", "Other Income Expense": "-70,000", "Pretax Income": "1,749,000", "Tax Provision": "-1,127,000", "Earnings from Equity Interest Net of Tax": "7,000", "Net Income Common Stockholders": "2,883,000", "Average Dilution Earnings": "-", "Diluted NI Available to Com Stockholders": "2,880,000", "Basic EPS": "-", "Diluted EPS": "-", "Basic Average Shares": "-", "Diluted Average Shares": "-", "Total Operating Income as Reported": "1,854,000", "Total Expenses": "9,568,000", "Net Income from Continuing & Discontinued Operation": "2,883,000", "Normalized Income": "2,915,400", "Interest Income": "-", "Interest Expense": "43,000", "Net Interest Income": "-35,000", "EBIT": "1,792,000", "EBITDA": "2,175,000", "Reconciled Cost of Revenue": "6,306,000", "Reconciled Depreciation": "383,000", "Net Income from Continuing Operation Net Minority Interest": "2,883,000", "Total Unusual Items Excluding Goodwill": "-54,000", "Total Unusual Items": "-54,000", "Normalized EBITDA": "2,229,000", "Tax Rate for Calcs": "0", "Tax Effect of Unusual Items": "-21,600"}, "12/31/2020": {"Duration": "12/31/2020", "Total Revenue": "9,763,000", "Cost of Revenue": "5,416,000", "Gross Profit": "4,347,000", "Operating Expense": "2,978,000", "Operating Income": "1,369,000", "Net Non Operating Interest Income Expense": "-39,000", "Other Income Expense": "-55,000", "Pretax Income": "1,275,000", "Tax Provision": "-1,210,000", "Earnings from Equity Interest Net of Tax": "5,000", "Net Income Common Stockholders": "2,490,000", "Average Dilution Earnings": "1,000", "Diluted NI Available to Com Stockholders": "2,491,000", "Basic EPS": "2.10", "Diluted EPS": "2.06", "Basic Average Shares": "1,184,000", "Diluted Average Shares": "1,207,000", "Total Operating Income as Reported": "1,369,000", "Total Expenses": "8,394,000", "Net Income from Continuing & Discontinued Operation": "2,490,000", "Normalized Income": "2,529,420", "Interest Income": "8,000", "Interest Expense": "47,000", "Net Interest Income": "-39,000", "EBIT": "1,322,000", "EBITDA": "-", "Reconciled Cost of Revenue": "5,416,000", "Reconciled Depreciation": "354,000", "Net Income from Continuing Operation Net Minority Interest": "2,490,000", "Total Unusual Items Excluding Goodwill": "-54,000", "Total Unusual Items": "-54,000", "Normalized EBITDA": "1,730,000", "Tax Rate for Calcs": "0", "Tax Effect of Unusual Items": "-14,580"}, "12/31/2019": {"Duration": "12/31/2019", "Total Revenue": "6,731,000", "Cost of Revenue": "3,863,000", "Gross Profit": "2,868,000", "Operating Expense": "2,237,000", "Operating Income": "631,000", "Net Non Operating Interest Income Expense": "-79,000", "Other Income Expense": "-180,000", "Pretax Income": "372,000", "Tax Provision": "31,000", "Earnings from Equity Interest Net of Tax": "0", "Net Income Common Stockholders": "341,000", "Average Dilution Earnings": "-", "Diluted NI Available to Com Stockholders": "341,000", "Basic EPS": "0.31", "Diluted EPS": "0.30", "Basic Average Shares": "1,091,000", "Diluted Average Shares": "1,120,000", "Total Operating Income as Reported": "631,000", "Total Expenses": "6,100,000", "Net Income from Continuing & Discontinued Operation": "341,000", "Normalized Income": "502,333", "Interest Income": "15,000", "Interest Expense": "94,000", "Net Interest Income": "-79,000", "EBIT": "466,000", "EBITDA": "-", "Reconciled Cost of Revenue": "3,863,000", "Reconciled Depreciation": "258,000", "Net Income from Continuing Operation Net Minority Interest": "341,000", "Total Unusual Items Excluding Goodwill": "-176,000", "Total Unusual Items": "-176,000", "Normalized EBITDA": "900,000", "Tax Rate for Calcs": "0", "Tax Effect of Unusual Items": "-14,667"}, "12/31/2018": {"Duration": "12/31/2018", "Total Revenue": "6,475,000", "Cost of Revenue": "4,028,000", "Gross Profit": "2,447,000", "Operating Expense": "1,996,000", "Operating Income": "451,000", "Net Non Operating Interest Income Expense": "-103,000", "Other Income Expense": "-18,000", "Pretax Income": "330,000", "Tax Provision": "-9,000", "Earnings from Equity Interest Net of Tax": "-2,000", "Net Income Common Stockholders": "337,000", "Average Dilution Earnings": "-", "Diluted NI Available to Com Stockholders": "337,000", "Basic EPS": "0.34", "Diluted EPS": "0.32", "Basic Average Shares": "982,000", "Diluted Average Shares": "1,064,000", "Total Operating Income as Reported": "451,000", "Total Expenses": "6,024,000", "Net Income from Continuing & Discontinued Operation": "337,000", "Normalized Income": "345,760", "Interest Income": "18,000", "Interest Expense": "121,000", "Net Interest Income": "-103,000", "EBIT": "451,000", "EBITDA": "-", "Reconciled Cost of Revenue": "4,028,000", "Reconciled Depreciation": "170,000", "Net Income from Continuing Operation Net Minority Interest": "337,000", "Total Unusual Items Excluding Goodwill": "-12,000", "Total Unusual Items": "-12,000", "Normalized EBITDA": "633,000", "Tax Rate for Calcs": "0", "Tax Effect of Unusual Items": "-3,240"}}, "bs": {"12/31/2020": {"Duration": "12/31/2020", "Total Assets": "8,962,000", "Total Liabilities Net Minority Interest": "3,125,000", "Total Equity Gross Minority Interest": "5,837,000", "Total Capitalization": "6,167,000", "Common Stock Equity": "5,837,000", "Capital Lease Obligations": "201,000", "Net Tangible Assets": "5,319,000", "Working Capital": "3,726,000", "Invested Capital": "6,167,000", "Tangible Book Value": "5,319,000", "Total Debt": "531,000", "Net Debt": "-", "Share Issued": "1,217,000", "Ordinary Shares Number": "1,211,000", "Treasury Shares Number": "6,000"}, "12/31/2019": {"Duration": "12/31/2019", "Total Assets": "6,028,000", "Total Liabilities Net Minority Interest": "3,201,000", "Total Equity Gross Minority Interest": "2,827,000", "Total Capitalization": "3,313,000", "Common Stock Equity": "2,827,000", "Capital Lease Obligations": "242,000", "Net Tangible Assets": "2,328,000", "Working Capital": "2,238,000", "Invested Capital": "3,313,000", "Tangible Book Value": "2,328,000", "Total Debt": "728,000", "Net Debt": "-", "Share Issued": "1,175,000", "Ordinary Shares Number": "1,170,000", "Treasury Shares Number": "5,000"}, "12/31/2018": {"Duration": "12/31/2018", "Total Assets": "4,556,000", "Total Liabilities Net Minority Interest": "3,290,000", "Total Equity Gross Minority Interest": "1,266,000", "Total Capitalization": "2,380,000", "Common Stock Equity": "1,266,000", "Capital Lease Obligations": "-", "Net Tangible Assets": "751,000", "Working Capital": "1,556,000", "Invested Capital": "2,516,000", "Tangible Book Value": "751,000", "Total Debt": "1,250,000", "Net Debt": "172,000", "Share Issued": "1,010,000", "Ordinary Shares Number": "1,005,000", "Treasury Shares Number": "5,000"}}, "cf": {"TTM": {"Duration": "TTM", "Operating Cash Flow": "2,034,000", "Investing Cash Flow": "-1,601,000", "Financing Cash Flow": "-4,000", "End Cash Position": "1,763,000", "Income Tax Paid Supplemental Data": "-", "Interest Paid Supplemental Data": "-", "Capital Expenditure": "-305,000", "Issuance of Capital Stock": "-", "Issuance of Debt": "-", "Repayment of Debt": "-", "Repurchase of Capital Stock": "-87,000", "Free Cash Flow": "1,729,000"}, "12/31/2020": {"Duration": "12/31/2020", "Operating Cash Flow": "1,071,000", "Investing Cash Flow": "-952,000", "Financing Cash Flow": "6,000", "End Cash Position": "1,595,000", "Income Tax Paid Supplemental Data": "8,000", "Interest Paid Supplemental Data": "31,000", "Capital Expenditure": "-294,000", "Issuance of Capital Stock": "-", "Issuance of Debt": "200,000", "Repayment of Debt": "-200,000", "Repurchase of Capital Stock": "-78,000", "Free Cash Flow": "777,000"}, "12/31/2019": {"Duration": "12/31/2019", "Operating Cash Flow": "493,000", "Investing Cash Flow": "-149,000", "Financing Cash Flow": "43,000", "End Cash Position": "1,470,000", "Income Tax Paid Supplemental Data": "-", "Interest Paid Supplemental Data": "67,000", "Capital Expenditure": "-217,000", "Issuance of Capital Stock": "-", "Issuance of Debt": "-", "Repayment of Debt": "-403,000", "Repurchase of Capital Stock": "-", "Free Cash Flow": "276,000"}, "12/31/2018": {"Duration": "12/31/2018", "Operating Cash Flow": "34,000", "Investing Cash Flow": "-170,000", "Financing Cash Flow": "28,000", "End Cash Position": "1,083,000", "Income Tax Paid Supplemental Data": "-", "Interest Paid Supplemental Data": "79,000", "Capital Expenditure": "-163,000", "Issuance of Capital Stock": "0", "Issuance of Debt": "-", "Repayment of Debt": "-41,000", "Repurchase of Capital Stock": "-", "Free Cash Flow": "-129,000"}}}}, {"AVGO": {"quote": {"03/23/2021": {"value": "464.06", "Market Cap": "189.477B", "Beta (5Y Monthly)": "1.04", "PE Ratio (TTM)": "53.67", "EPS (TTM)": "8.65", "Earnings Date": "Jun 02, 2021 - Jun 07, 2021", "Forward Dividend & Yield": "14.40 (3.03%)", "Ex-Dividend Date": "Mar 19, 2021", "1y Target Est": "511.19"}, "05/08/2021": {"value": "452.58", "Market Cap": "184.789B", "Beta (5Y Monthly)": "0.95", "PE Ratio (TTM)": "52.34", "EPS (TTM)": "8.65", "Earnings Date": "Jun 03, 2021", "Forward Dividend & Yield": "14.40 (3.18%)", "Ex-Dividend Date": "Mar 19, 2021", "1y Target Est": "512.85"}}, "fin": {"TTM": {"Duration": "TTM", "Total Revenue": "24,685,000", "Cost of Revenue": "10,481,000", "Gross Profit": "14,204,000", "Operating Expense": "8,855,000", "Operating Income": "5,349,000", "Net Non Operating Interest Income Expense": "-1,888,000", "Other Income Expense": "62,000", "Pretax Income": "3,523,000", "Tax Provision": "-436,000", "Net Income Common Stockholders": "3,656,000", "Diluted NI Available to Com Stockholders": "3,656,000", "Basic EPS": "-", "Diluted EPS": "-", "Basic Average Shares": "-", "Diluted Average Shares": "-", "Total Operating Income as Reported": "5,137,000", "Total Expenses": "19,336,000", "Net Income from Continuing & Discontinued Operation": "3,953,000", "Normalized Income": "4,016,600", "Interest Income": "53,000", "Interest Expense": "1,941,000", "Net Interest Income": "-1,888,000", "EBIT": "5,464,000", "EBITDA": "12,174,000", "Reconciled Cost of Revenue": "6,063,000", "Reconciled Depreciation": "6,710,000", "Net Income from Continuing Operation Net Minority Interest": "3,959,000", "Total Unusual Items Excluding Goodwill": "-96,000", "Total Unusual Items": "-96,000", "Normalized EBITDA": "12,270,000", "Tax Rate for Calcs": "0", "Tax Effect of Unusual Items": "-38,400"}, "10/31/2020": {"Duration": "10/31/2020", "Total Revenue": "23,888,000", "Cost of Revenue": "10,372,000", "Gross Profit": "13,516,000", "Operating Expense": "9,304,000", "Operating Income": "4,212,000", "Net Non Operating Interest Income Expense": "-1,724,000", "Other Income Expense": "-45,000", "Pretax Income": "2,443,000", "Tax Provision": "-518,000", "Net Income Common Stockholders": "2,663,000", "Diluted NI Available to Com Stockholders": "2,663,000", "Basic EPS": "6.62", "Diluted EPS": "6.33", "Basic Average Shares": "402,000", "Diluted Average Shares": "421,000", "Total Operating Income as Reported": "4,014,000", "Total Expenses": "19,676,000", "Net Income from Continuing & Discontinued Operation": "2,960,000", "Normalized Income": "2,998,230", "Interest Income": "53,000", "Interest Expense": "1,777,000", "Net Interest Income": "-1,724,000", "EBIT": "4,220,000", "EBITDA": "-", "Reconciled Cost of Revenue": "5,868,000", "Reconciled Depreciation": "6,905,000", "Net Income from Continuing Operation Net Minority Interest": "2,961,000", "Total Unusual Items Excluding Goodwill": "-51,000", "Total Unusual Items": "-51,000", "Normalized EBITDA": "11,176,000", "Tax Rate for Calcs": "0", "Tax Effect of Unusual Items": "-13,770"}, "10/31/2019": {"Duration": "10/31/2019", "Total Revenue": "22,597,000", "Cost of Revenue": "10,114,000", "Gross Profit": "12,483,000", "Operating Expense": "8,303,000", "Operating Income": "4,180,000", "Net Non Operating Interest Income Expense": "-1,346,000", "Other Income Expense": "-608,000", "Pretax Income": "2,226,000", "Tax Provision": "-510,000", "Net Income Common Stockholders": "2,695,000", "Diluted NI Available to Com Stockholders": "2,695,000", "Basic EPS": "6.77", "Diluted EPS": "6.43", "Basic Average Shares": "398,000", "Diluted Average Shares": "419,000", "Total Operating Income as Reported": "3,444,000", "Total Expenses": "18,417,000", "Net Income from Continuing & Discontinued Operation": "2,724,000", "Normalized Income": "3,191,661", "Interest Income": "98,000", "Interest Expense": "1,444,000", "Net Interest Income": "-1,346,000", "EBIT": "3,670,000", "EBITDA": "-", "Reconciled Cost of Revenue": "6,204,000", "Reconciled Depreciation": "5,808,000", "Net Income from Continuing Operation Net Minority Interest": "2,736,000", "Total Unusual Items Excluding Goodwill": "-591,000", "Total Unusual Items": "-591,000", "Normalized EBITDA": "10,069,000", "Tax Rate for Calcs": "0", "Tax Effect of Unusual Items": "-135,339"}, "10/31/2018": {"Duration": "10/31/2018", "Total Revenue": "20,848,000", "Cost of Revenue": "10,115,000", "Gross Profit": "10,733,000", "Operating Expense": "5,365,000", "Operating Income": "5,368,000", "Net Non Operating Interest Income Expense": "-514,000", "Other Income Expense": "-309,000", "Pretax Income": "4,545,000", "Tax Provision": "-8,084,000", "Net Income Common Stockholders": "12,259,000", "Diluted NI Available to Com Stockholders": "12,259,000", "Basic EPS": "29.33", "Diluted EPS": "28.44", "Basic Average Shares": "418,000", "Diluted Average Shares": "431,000", "Total Operating Income as Reported": "5,135,000", "Total Expenses": "15,480,000", "Net Income from Continuing & Discontinued Operation": "12,259,000", "Normalized Income": "12,525,470", "Interest Income": "114,000", "Interest Expense": "628,000", "Net Interest Income": "-514,000", "EBIT": "5,173,000", "EBITDA": "-", "Reconciled Cost of Revenue": "6,575,000", "Reconciled Depreciation": "4,081,000", "Net Income from Continuing Operation Net Minority Interest": "12,278,000", "Total Unusual Items Excluding Goodwill": "-339,000", "Total Unusual Items": "-339,000", "Normalized EBITDA": "9,593,000", "Tax Rate for Calcs": "0", "Tax Effect of Unusual Items": "-91,530"}}, "bs": {"10/31/2020": {"Duration": "10/31/2020", "Total Assets": "75,933,000", "Total Liabilities Net Minority Interest": "52,032,000", "Total Equity Gross Minority Interest": "23,901,000", "Total Capitalization": "64,136,000", "Preferred Stock Equity": "27,000", "Common Stock Equity": "23,874,000", "Net Tangible Assets": "-36,328,000", "Working Capital": "5,524,000", "Invested Capital": "64,936,000", "Tangible Book Value": "-36,355,000", "Total Debt": "41,062,000", "Net Debt": "33,444,000", "Share Issued": "407,000", "Ordinary Shares Number": "407,000", "Preferred Shares Number": "4,000"}, "10/31/2019": {"Duration": "10/31/2019", "Total Assets": "67,493,000", "Total Liabilities Net Minority Interest": "42,523,000", "Total Equity Gross Minority Interest": "24,970,000", "Total Capitalization": "54,981,000", "Preferred Stock Equity": "29,000", "Common Stock Equity": "24,941,000", "Net Tangible Assets": "-29,298,000", "Working Capital": "3,018,000", "Invested Capital": "57,739,000", "Tangible Book Value": "-29,327,000", "Total Debt": "32,798,000", "Net Debt": "27,743,000", "Share Issued": "398,000", "Ordinary Shares Number": "398,000", "Preferred Shares Number": "-"}, "10/31/2018": {"Duration": "10/31/2018", "Total Assets": "50,124,000", "Total Liabilities Net Minority Interest": "23,467,000", "Total Equity Gross Minority Interest": "26,657,000", "Total Capitalization": "44,150,000", "Preferred Stock Equity": "-", "Common Stock Equity": "26,657,000", "Net Tangible Assets": "-11,018,000", "Working Capital": "6,769,000", "Invested Capital": "44,150,000", "Tangible Book Value": "-11,018,000", "Total Debt": "17,493,000", "Net Debt": "13,201,000", "Share Issued": "408,000", "Ordinary Shares Number": "408,000", "Preferred Shares Number": "-"}}, "cf": {"TTM": {"Duration": "TTM", "Operating Cash Flow": "12,852,000", "Investing Cash Flow": "-244,000", "Financing Cash Flow": "-9,500,000", "End Cash Position": "9,552,000", "Income Tax Paid Supplemental Data": "501,000", "Interest Paid Supplemental Data": "1,408,000", "Capital Expenditure": "-469,000", "Issuance of Capital Stock": "274,000", "Issuance of Debt": "21,607,000", "Repayment of Debt": "-24,762,000", "Repurchase of Capital Stock": "-821,000", "Free Cash Flow": "12,383,000"}, "10/31/2020": {"Duration": "10/31/2020", "Operating Cash Flow": "12,061,000", "Investing Cash Flow": "-11,109,000", "Financing Cash Flow": "1,611,000", "End Cash Position": "7,618,000", "Income Tax Paid Supplemental Data": "501,000", "Interest Paid Supplemental Data": "1,408,000", "Capital Expenditure": "-463,000", "Issuance of Capital Stock": "276,000", "Issuance of Debt": "27,802,000", "Repayment of Debt": "-20,099,000", "Repurchase of Capital Stock": "-765,000", "Free Cash Flow": "11,598,000"}, "10/31/2019": {"Duration": "10/31/2019", "Operating Cash Flow": "9,697,000", "Investing Cash Flow": "-15,422,000", "Financing Cash Flow": "6,488,000", "End Cash Position": "5,055,000", "Income Tax Paid Supplemental Data": "741,000", "Interest Paid Supplemental Data": "1,287,000", "Capital Expenditure": "-432,000", "Issuance of Capital Stock": "3,932,000", "Issuance of Debt": "30,034,000", "Repayment of Debt": "-16,800,000", "Repurchase of Capital Stock": "-6,407,000", "Free Cash Flow": "9,265,000"}, "10/31/2018": {"Duration": "10/31/2018", "Operating Cash Flow": "8,880,000", "Investing Cash Flow": "-4,674,000", "Financing Cash Flow": "-11,118,000", "End Cash Position": "4,292,000", "Income Tax Paid Supplemental Data": "512,000", "Interest Paid Supplemental Data": "547,000", "Capital Expenditure": "-635,000", "Issuance of Capital Stock": "156,000", "Issuance of Debt": "0", "Repayment of Debt": "-994,000", "Repurchase of Capital Stock": "-7,258,000", "Free Cash Flow": "8,245,000"}}}}, {"INTC": {"quote": {"03/23/2021": {"value": "63.48", "Market Cap": "257.919B", "Beta (5Y Monthly)": "0.68", "PE Ratio (TTM)": "12.85", "EPS (TTM)": "4.94", "Earnings Date": "Apr 21, 2021 - Apr 26, 2021", "Forward Dividend & Yield": "1.39 (2.12%)", "Ex-Dividend Date": "May 06, 2021", "1y Target Est": "63.28"}, "05/08/2021": {"value": "57.67", "Market Cap": "232.871B", "Beta (5Y Monthly)": "0.60", "PE Ratio (TTM)": "12.94", "EPS (TTM)": "4.46", "Earnings Date": "Jul 21, 2021 - Jul 26, 2021", "Forward Dividend & Yield": "1.39 (2.41%)", "Ex-Dividend Date": "May 06, 2021", "1y Target Est": "66.17"}}, "fin": {"TTM": {"Duration": "TTM", "Total Revenue": "77,712,000", "Cost of Revenue": "35,262,000", "Gross Profit": "42,450,000", "Operating Expense": "19,871,000", "Operating Income": "22,579,000", "Net Non Operating Interest Income Expense": "-468,000", "Other Income Expense": "259,000", "Pretax Income": "22,370,000", "Tax Provision": "3,771,000", "Net Income Common Stockholders": "18,599,000", "Diluted NI Available to Com Stockholders": "18,599,000", "Basic EPS": "-", "Diluted EPS": "-", "Basic Average Shares": "-", "Diluted Average Shares": "-", "Total Operating Income as Reported": "20,334,000", "Total Expenses": "55,133,000", "Net Income from Continuing & Discontinued Operation": "18,599,000", "Normalized Income": "18,484,263", "Interest Income": "216,000", "Interest Expense": "684,000", "Net Interest Income": "-468,000", "EBIT": "23,054,000", "EBITDA": "35,145,000", "Reconciled Cost of Revenue": "35,262,000", "Reconciled Depreciation": "12,091,000", "Net Income from Continuing Operation Net Minority Interest": "18,599,000", "Total Unusual Items Excluding Goodwill": "138,000", "Total Unusual Items": "138,000", "Normalized EBITDA": "35,007,000", "Tax Rate for Calcs": "0", "Tax Effect of Unusual Items": "23,263"}, "12/31/2020": {"Duration": "12/31/2020", "Total Revenue": "77,867,000", "Cost of Revenue": "34,255,000", "Gross Profit": "43,612,000", "Operating Expense": "19,736,000", "Operating Income": "23,876,000", "Net Non Operating Interest Income Expense": "-357,000", "Other Income Expense": "1,559,000", "Pretax Income": "25,078,000", "Tax Provision": "4,179,000", "Net Income Common Stockholders": "20,899,000", "Diluted NI Available to Com Stockholders": "20,899,000", "Basic EPS": "4.98", "Diluted EPS": "4.94", "Basic Average Shares": "4,199,000", "Diluted Average Shares": "4,232,000", "Total Operating Income as Reported": "23,678,000", "Total Expenses": "53,991,000", "Net Income from Continuing & Discontinued Operation": "20,899,000", "Normalized Income": "19,477,902", "Interest Income": "272,000", "Interest Expense": "629,000", "Net Interest Income": "-357,000", "EBIT": "25,707,000", "EBITDA": "-", "Reconciled Cost of Revenue": "34,255,000", "Reconciled Depreciation": "12,239,000", "Net Income from Continuing Operation Net Minority Interest": "20,899,000", "Total Unusual Items Excluding Goodwill": "1,706,000", "Total Unusual Items": "1,706,000", "Normalized EBITDA": "36,240,000", "Tax Rate for Calcs": "0", "Tax Effect of Unusual Items": "284,902"}, "12/31/2019": {"Duration": "12/31/2019", "Total Revenue": "71,965,000", "Cost of Revenue": "29,825,000", "Gross Profit": "42,140,000", "Operating Expense": "19,712,000", "Operating Income": "22,428,000", "Net Non Operating Interest Income Expense": "-6,000", "Other Income Expense": "1,636,000", "Pretax Income": "24,058,000", "Tax Provision": "3,010,000", "Net Income Common Stockholders": "21,048,000", "Diluted NI Available to Com Stockholders": "21,048,000", "Basic EPS": "4.77", "Diluted EPS": "4.71", "Basic Average Shares": "4,417,000", "Diluted Average Shares": "4,473,000", "Total Operating Income as Reported": "22,035,000", "Total Expenses": "49,537,000", "Net Income from Continuing & Discontinued Operation": "21,048,000", "Normalized Income": "20,045,250", "Interest Income": "483,000", "Interest Expense": "489,000", "Net Interest Income": "-6,000", "EBIT": "24,547,000", "EBITDA": "-", "Reconciled Cost of Revenue": "19,199,000", "Reconciled Depreciation": "10,826,000", "Net Income from Continuing Operation Net Minority Interest": "21,048,000", "Total Unusual Items Excluding Goodwill": "1,146,000", "Total Unusual Items": "1,146,000", "Normalized EBITDA": "34,227,000", "Tax Rate for Calcs": "0", "Tax Effect of Unusual Items": "143,250"}, "12/31/2018": {"Duration": "12/31/2018", "Total Revenue": "70,848,000", "Cost of Revenue": "27,111,000", "Gross Profit": "43,737,000", "Operating Expense": "20,493,000", "Operating Income": "23,244,000", "Net Non Operating Interest Income Expense": "-30,000", "Other Income Expense": "103,000", "Pretax Income": "23,317,000", "Tax Provision": "2,264,000", "Net Income Common Stockholders": "21,053,000", "Diluted NI Available to Com Stockholders": "21,053,000", "Basic EPS": "4.57", "Diluted EPS": "4.48", "Basic Average Shares": "4,611,000", "Diluted Average Shares": "4,701,000", "Total Operating Income as Reported": "23,316,000", "Total Expenses": "47,604,000", "Net Income from Continuing & Discontinued Operation": "21,053,000", "Normalized Income": "21,100,859", "Interest Income": "438,000", "Interest Expense": "468,000", "Net Interest Income": "-30,000", "EBIT": "23,785,000", "EBITDA": "-", "Reconciled Cost of Revenue": "18,226,000", "Reconciled Depreciation": "9,085,000", "Net Income from Continuing Operation Net Minority Interest": "21,053,000", "Total Unusual Items Excluding Goodwill": "-53,000", "Total Unusual Items": "-53,000", "Normalized EBITDA": "32,923,000", "Tax Rate for Calcs": "0", "Tax Effect of Unusual Items": "-5,141"}}, "bs": {"12/31/2020": {"Duration": "12/31/2020", "Total Assets": "153,091,000", "Total Liabilities Net Minority Interest": "72,053,000", "Total Equity Gross Minority Interest": "81,038,000", "Total Capitalization": "114,935,000", "Common Stock Equity": "81,038,000", "Net Tangible Assets": "45,041,000", "Working Capital": "22,495,000", "Invested Capital": "117,439,000", "Tangible Book Value": "45,041,000", "Total Debt": "36,401,000", "Net Debt": "30,536,000", "Share Issued": "4,062,000", "Ordinary Shares Number": "4,062,000"}, "12/31/2019": {"Duration": "12/31/2019", "Total Assets": "136,524,000", "Total Liabilities Net Minority Interest": "59,020,000", "Total Equity Gross Minority Interest": "77,504,000", "Total Capitalization": "102,812,000", "Common Stock Equity": "77,504,000", "Net Tangible Assets": "40,401,000", "Working Capital": "8,929,000", "Invested Capital": "106,505,000", "Tangible Book Value": "40,401,000", "Total Debt": "29,001,000", "Net Debt": "24,807,000", "Share Issued": "4,290,000", "Ordinary Shares Number": "4,290,000"}, "12/31/2018": {"Duration": "12/31/2018", "Total Assets": "127,963,000", "Total Liabilities Net Minority Interest": "53,400,000", "Total Equity Gross Minority Interest": "74,563,000", "Total Capitalization": "99,661,000", "Common Stock Equity": "74,563,000", "Net Tangible Assets": "38,214,000", "Working Capital": "12,161,000", "Invested Capital": "100,922,000", "Tangible Book Value": "38,214,000", "Total Debt": "26,359,000", "Net Debt": "23,340,000", "Share Issued": "4,516,000", "Ordinary Shares Number": "4,516,000"}}, "cf": {"TTM": {"Duration": "TTM", "Operating Cash Flow": "34,774,000", "Investing Cash Flow": "-19,607,000", "Financing Cash Flow": "-21,355,000", "End Cash Position": "5,192,000", "Income Tax Paid Supplemental Data": "2,397,000", "Interest Paid Supplemental Data": "688,000", "Capital Expenditure": "-15,573,000", "Issuance of Debt": "0", "Repayment of Debt": "-3,450,000", "Repurchase of Capital Stock": "-12,301,000", "Free Cash Flow": "19,201,000"}, "12/31/2020": {"Duration": "12/31/2020", "Operating Cash Flow": "35,384,000", "Investing Cash Flow": "-20,796,000", "Financing Cash Flow": "-12,917,000", "End Cash Position": "5,865,000", "Income Tax Paid Supplemental Data": "2,436,000", "Interest Paid Supplemental Data": "594,000", "Capital Expenditure": "-14,453,000", "Issuance of Debt": "10,247,000", "Repayment of Debt": "-4,525,000", "Repurchase of Capital Stock": "-14,229,000", "Free Cash Flow": "20,931,000"}, "12/31/2019": {"Duration": "12/31/2019", "Operating Cash Flow": "33,145,000", "Investing Cash Flow": "-14,405,000", "Financing Cash Flow": "-17,565,000", "End Cash Position": "4,194,000", "Income Tax Paid Supplemental Data": "2,110,000", "Interest Paid Supplemental Data": "469,000", "Capital Expenditure": "-16,213,000", "Issuance of Debt": "3,392,000", "Repayment of Debt": "-2,627,000", "Repurchase of Capital Stock": "-13,576,000", "Free Cash Flow": "16,932,000"}, "12/31/2018": {"Duration": "12/31/2018", "Operating Cash Flow": "29,432,000", "Investing Cash Flow": "-11,239,000", "Financing Cash Flow": "-18,607,000", "End Cash Position": "3,019,000", "Income Tax Paid Supplemental Data": "3,813,000", "Interest Paid Supplemental Data": "448,000", "Capital Expenditure": "-15,181,000", "Issuance of Debt": "423,000", "Repayment of Debt": "-3,026,000", "Repurchase of Capital Stock": "-10,730,000", "Free Cash Flow": "14,251,000"}}}}, {"NPTN": {"quote": {"03/23/2021": {"value": "12.21", "Market Cap": "620.048M", "Beta (5Y Monthly)": "1.13", "PE Ratio (TTM)": "N/A", "EPS (TTM)": "-0.09", "Earnings Date": "Feb 25, 2021", "Forward Dividend & Yield": "N/A (N/A)", "Ex-Dividend Date": "N/A", "1y Target Est": "14.44"}}, "fin": {"TTM": {"Duration": "TTM", "Total Revenue": "406,326", "Cost of Revenue": "287,492", "Gross Profit": "118,834", "Operating Expense": "102,758", "Operating Income": "16,076", "Net Non Operating Interest Income Expense": "-1,165", "Other Income Expense": "-4,407", "Pretax Income": "10,504", "Tax Provision": "1,306", "Net Income Common Stockholders": "9,198", "Diluted NI Available to Com Stockholders": "9,198", "Basic EPS": "-", "Diluted EPS": "-", "Basic Average Shares": "-", "Diluted Average Shares": "-", "Total Operating Income as Reported": "15,793", "Total Expenses": "390,250", "Net Income from Continuing & Discontinued Operation": "9,198", "Normalized Income": "9,446", "Interest Income": "224", "Interest Expense": "1,389", "Net Interest Income": "-1,165", "EBIT": "11,893", "EBITDA": "44,690", "Reconciled Cost of Revenue": "254,695", "Reconciled Depreciation": "32,797", "Net Income from Continuing Operation Net Minority Interest": "9,198", "Total Unusual Items Excluding Goodwill": "-283", "Total Unusual Items": "-283", "Normalized EBITDA": "44,973", "Tax Rate for Calcs": "0", "Tax Effect of Unusual Items": "-35.1864"}, "12/31/2020": {"Duration": "12/31/2020", "Total Revenue": "371,163", "Cost of Revenue": "268,081", "Gross Profit": "103,082", "Operating Expense": "102,298", "Operating Income": "784", "Net Non Operating Interest Income Expense": "-1,000", "Other Income Expense": "-2,948", "Pretax Income": "-3,164", "Tax Provision": "1,202", "Net Income Common Stockholders": "-4,366", "Diluted NI Available to Com Stockholders": "-4,366", "Basic EPS": "-", "Diluted EPS": "-", "Basic Average Shares": "-", "Diluted Average Shares": "-", "Total Operating Income as Reported": "3,566", "Total Expenses": "370,379", "Net Income from Continuing & Discontinued Operation": "-4,366", "Normalized Income": "-6,397", "Interest Income": "182", "Interest Expense": "1,182", "Net Interest Income": "-1,000", "EBIT": "-1,982", "EBITDA": "-", "Reconciled Cost of Revenue": "235,521", "Reconciled Depreciation": "32,560", "Net Income from Continuing Operation Net Minority Interest": "-4,366", "Total Unusual Items Excluding Goodwill": "2,782", "Total Unusual Items": "2,782", "Normalized EBITDA": "27,796", "Tax Rate for Calcs": "0", "Tax Effect of Unusual Items": "751.14"}, "12/31/2019": {"Duration": "12/31/2019", "Total Revenue": "356,804", "Cost of Revenue": "267,991", "Gross Profit": "88,813", "Operating Expense": "103,600", "Operating Income": "-14,787", "Net Non Operating Interest Income Expense": "-1,543", "Other Income Expense": "887", "Pretax Income": "-15,443", "Tax Provision": "1,633", "Net Income Common Stockholders": "-17,076", "Diluted NI Available to Com Stockholders": "-17,076", "Basic EPS": "-0.36", "Diluted EPS": "-0.36", "Basic Average Shares": "47,304", "Diluted Average Shares": "47,304", "Total Operating Income as Reported": "-14,542", "Total Expenses": "371,591", "Net Income from Continuing & Discontinued Operation": "-17,076", "Normalized Income": "-17,255", "Interest Income": "376", "Interest Expense": "1,919", "Net Interest Income": "-1,543", "EBIT": "-13,524", "EBITDA": "-", "Reconciled Cost of Revenue": "235,548", "Reconciled Depreciation": "32,562", "Net Income from Continuing Operation Net Minority Interest": "-17,076", "Total Unusual Items Excluding Goodwill": "245", "Total Unusual Items": "245", "Normalized EBITDA": "18,793", "Tax Rate for Calcs": "0", "Tax Effect of Unusual Items": "66.15"}, "12/31/2018": {"Duration": "12/31/2018", "Total Revenue": "322,540", "Cost of Revenue": "256,367", "Gross Profit": "66,173", "Operating Expense": "101,424", "Operating Income": "-35,251", "Net Non Operating Interest Income Expense": "-2,096", "Other Income Expense": "-4,961", "Pretax Income": "-42,308", "Tax Provision": "1,329", "Net Income Common Stockholders": "-43,637", "Diluted NI Available to Com Stockholders": "-43,637", "Basic EPS": "-0.97", "Diluted EPS": "-0.97", "Basic Average Shares": "45,144", "Diluted Average Shares": "45,144", "Total Operating Income as Reported": "-41,658", "Total Expenses": "357,791", "Net Income from Continuing & Discontinued Operation": "-43,637", "Normalized Income": "-38,960", "Interest Income": "397", "Interest Expense": "2,493", "Net Interest Income": "-2,096", "EBIT": "-39,815", "EBITDA": "-", "Reconciled Cost of Revenue": "225,737", "Reconciled Depreciation": "31,105", "Net Income from Continuing Operation Net Minority Interest": "-43,637", "Total Unusual Items Excluding Goodwill": "-6,407", "Total Unusual Items": "-6,407", "Normalized EBITDA": "-2,303", "Tax Rate for Calcs": "0", "Tax Effect of Unusual Items": "-1,730"}}}}, {"IPHI": {"quote": {"03/23/2021": {"value": "161.63", "Market Cap": "8.675B", "Beta (5Y Monthly)": "1.06", "PE Ratio (TTM)": "N/A", "EPS (TTM)": "-1.20", "Earnings Date": "May 05, 2021 - May 10, 2021", "Forward Dividend & Yield": "N/A (N/A)", "Ex-Dividend Date": "N/A", "1y Target Est": "173.64"}}, "fin": {"TTM": {"Duration": "TTM", "Total Revenue": "365,635", "Cost of Revenue": "152,814", "Gross Profit": "212,821", "Operating Expense": "262,269", "Operating Income": "-49,448", "Net Non Operating Interest Income Expense": "-34,920", "Other Income Expense": "11,853", "Pretax Income": "-72,515", "Tax Provision": "396", "Net Income Common Stockholders": "-72,911", "Diluted NI Available to Com Stockholders": "-72,911", "Basic EPS": "-", "Diluted EPS": "-", "Basic Average Shares": "-", "Diluted Average Shares": "-", "Total Operating Income as Reported": "-49,448", "Total Expenses": "415,083", "Net Income from Continuing & Discontinued Operation": "-72,911", "Normalized Income": "-72,911", "Interest Expense": "34,920", "Net Interest Income": "-34,920", "EBIT": "-37,595", "EBITDA": "59,099", "Reconciled Cost of Revenue": "152,814", "Reconciled Depreciation": "96,694", "Net Income from Continuing Operation Net Minority Interest": "-72,911", "Total Unusual Items Excluding Goodwill": "-13,539", "Total Unusual Items": "-13,539", "Normalized EBITDA": "59,099", "Tax Rate for Calcs": "0", "Tax Effect of Unusual Items": "0"}, "12/31/2020": {"Duration": "12/31/2020", "Total Revenue": "682,954", "Cost of Revenue": "311,823", "Gross Profit": "371,131", "Operating Expense": "387,956", "Operating Income": "-16,825", "Net Non Operating Interest Income Expense": "-35,221", "Other Income Expense": "-3,244", "Pretax Income": "-55,290", "Tax Provision": "4,454", "Net Income Common Stockholders": "-59,744", "Diluted NI Available to Com Stockholders": "-59,744", "Basic EPS": "-", "Diluted EPS": "-", "Basic Average Shares": "-", "Diluted Average Shares": "-", "Total Operating Income as Reported": "-16,825", "Total Expenses": "699,779", "Net Income from Continuing & Discontinued Operation": "-59,744", "Normalized Income": "-49,861", "Interest Expense": "35,221", "Net Interest Income": "-35,221", "EBIT": "-20,069", "EBITDA": "-", "Reconciled Cost of Revenue": "311,823", "Reconciled Depreciation": "127,650", "Net Income from Continuing Operation Net Minority Interest": "-59,744", "Total Unusual Items Excluding Goodwill": "-13,539", "Total Unusual Items": "-13,539", "Normalized EBITDA": "121,120", "Tax Rate for Calcs": "0", "Tax Effect of Unusual Items": "-3,656"}, "12/31/2019": {"Duration": "12/31/2019", "Total Revenue": "365,635", "Cost of Revenue": "152,814", "Gross Profit": "212,821", "Operating Expense": "262,269", "Operating Income": "-49,448", "Net Non Operating Interest Income Expense": "-34,920", "Other Income Expense": "11,853", "Pretax Income": "-72,515", "Tax Provision": "396", "Net Income Common Stockholders": "-72,911", "Diluted NI Available to Com Stockholders": "-72,911", "Basic EPS": "-1.61", "Diluted EPS": "-1.61", "Basic Average Shares": "45,227", "Diluted Average Shares": "45,227", "Total Operating Income as Reported": "-49,448", "Total Expenses": "415,083", "Net Income from Continuing & Discontinued Operation": "-72,911", "Normalized Income": "-72,911", "Interest Expense": "34,920", "Net Interest Income": "-34,920", "EBIT": "-37,595", "EBITDA": "-", "Reconciled Cost of Revenue": "152,814", "Reconciled Depreciation": "96,694", "Net Income from Continuing Operation Net Minority Interest": "-72,911", "Total Unusual Items Excluding Goodwill": "-", "Total Unusual Items": "-", "Normalized EBITDA": "59,099", "Tax Rate for Calcs": "0", "Tax Effect of Unusual Items": "0"}, "12/31/2018": {"Duration": "12/31/2018", "Total Revenue": "294,490", "Cost of Revenue": "129,345", "Gross Profit": "165,145", "Operating Expense": "239,306", "Operating Income": "-74,161", "Net Non Operating Interest Income Expense": "-32,209", "Other Income Expense": "2,408", "Pretax Income": "-103,962", "Tax Provision": "-8,211", "Net Income Common Stockholders": "-95,751", "Diluted NI Available to Com Stockholders": "-95,751", "Basic EPS": "-2.19", "Diluted EPS": "-2.19", "Basic Average Shares": "43,691", "Diluted Average Shares": "43,691", "Total Operating Income as Reported": "-74,161", "Total Expenses": "368,651", "Net Income from Continuing & Discontinued Operation": "-95,751", "Normalized Income": "-95,751", "Interest Expense": "32,209", "Net Interest Income": "-32,209", "EBIT": "-71,753", "EBITDA": "-", "Reconciled Cost of Revenue": "129,345", "Reconciled Depreciation": "82,719", "Net Income from Continuing Operation Net Minority Interest": "-95,751", "Total Unusual Items Excluding Goodwill": "-", "Total Unusual Items": "-", "Normalized EBITDA": "10,966", "Tax Rate for Calcs": "0", "Tax Effect of Unusual Items": "0"}}}}, {"ON": {"quote": {"03/23/2021": {"value": "38.58", "Market Cap": "15.89B", "Beta (5Y Monthly)": "1.98", "PE Ratio (TTM)": "68.89", "EPS (TTM)": "0.56", "Earnings Date": "May 10, 2021 - May 14, 2021", "Forward Dividend & Yield": "N/A (N/A)", "Ex-Dividend Date": "N/A", "1y Target Est": "41.28"}}, "fin": {"TTM": {"Duration": "TTM", "Total Revenue": "5,275,000", "Cost of Revenue": "3,537,100", "Gross Profit": "1,737,900", "Operating Expense": "1,356,400", "Operating Income": "381,500", "Net Non Operating Interest Income Expense": "-159,200", "Other Income Expense": "-246,200", "Pretax Income": "-23,900", "Tax Provision": "-6,200", "Net Income Common Stockholders": "-19,600", "Diluted NI Available to Com Stockholders": "-19,600", "Basic EPS": "-", "Diluted EPS": "-", "Basic Average Shares": "-", "Diluted Average Shares": "-", "Total Operating Income as Reported": "156,700", "Total Expenses": "4,893,500", "Net Income from Continuing & Discontinued Operation": "-19,600", "Normalized Income": "151,179", "Interest Income": "8,100", "Interest Expense": "167,300", "Net Interest Income": "-159,200", "EBIT": "143,400", "EBITDA": "771,800", "Reconciled Cost of Revenue": "3,032,100", "Reconciled Depreciation": "628,400", "Net Income from Continuing Operation Net Minority Interest": "-19,600", "Total Unusual Items Excluding Goodwill": "-230,600", "Total Unusual Items": "-230,600", "Normalized EBITDA": "1,002,400", "Tax Rate for Calcs": "0", "Tax Effect of Unusual Items": "-59,821"}, "12/31/2020": {"Duration": "12/31/2020", "Total Revenue": "5,255,000", "Cost of Revenue": "3,539,200", "Gross Profit": "1,715,800", "Operating Expense": "1,300,600", "Operating Income": "415,200", "Net Non Operating Interest Income Expense": "-163,500", "Other Income Expense": "-75,100", "Pretax Income": "176,600", "Tax Provision": "-59,800", "Net Income Common Stockholders": "234,200", "Diluted NI Available to Com Stockholders": "234,200", "Basic EPS": "-", "Diluted EPS": "-", "Basic Average Shares": "-", "Diluted Average Shares": "-", "Total Operating Income as Reported": "348,700", "Total Expenses": "4,839,800", "Net Income from Continuing & Discontinued Operation": "234,200", "Normalized Income": "282,745", "Interest Income": "4,900", "Interest Expense": "168,400", "Net Interest Income": "-163,500", "EBIT": "345,000", "EBITDA": "-", "Reconciled Cost of Revenue": "3,034,400", "Reconciled Depreciation": "625,100", "Net Income from Continuing Operation Net Minority Interest": "234,200", "Total Unusual Items Excluding Goodwill": "-66,500", "Total Unusual Items": "-66,500", "Normalized EBITDA": "1,036,600", "Tax Rate for Calcs": "0", "Tax Effect of Unusual Items": "-17,955"}, "12/31/2019": {"Duration": "12/31/2019", "Total Revenue": "5,517,900", "Cost of Revenue": "3,544,300", "Gross Profit": "1,973,600", "Operating Expense": "1,341,100", "Operating Income": "632,500", "Net Non Operating Interest Income Expense": "-138,100", "Other Income Expense": "-217,800", "Pretax Income": "276,600", "Tax Provision": "62,700", "Net Income Common Stockholders": "211,700", "Diluted NI Available to Com Stockholders": "211,700", "Basic EPS": "0.52", "Diluted EPS": "0.51", "Basic Average Shares": "410,900", "Diluted Average Shares": "416,000", "Total Operating Income as Reported": "432,700", "Total Expenses": "4,885,400", "Net Income from Continuing & Discontinued Operation": "211,700", "Normalized Income": "370,938", "Interest Income": "10,200", "Interest Expense": "148,300", "Net Interest Income": "-138,100", "EBIT": "424,900", "EBITDA": "-", "Reconciled Cost of Revenue": "3,066,400", "Reconciled Depreciation": "593,100", "Net Income from Continuing Operation Net Minority Interest": "211,700", "Total Unusual Items Excluding Goodwill": "-206,000", "Total Unusual Items": "-206,000", "Normalized EBITDA": "1,224,000", "Tax Rate for Calcs": "0", "Tax Effect of Unusual Items": "-46,762"}, "12/31/2018": {"Duration": "12/31/2018", "Total Revenue": "5,878,300", "Cost of Revenue": "3,639,600", "Gross Profit": "2,238,700", "Operating Expense": "1,380,400", "Operating Income": "858,300", "Net Non Operating Interest Income Expense": "-122,100", "Other Income Expense": "18,800", "Pretax Income": "755,000", "Tax Provision": "125,100", "Net Income Common Stockholders": "627,400", "Diluted NI Available to Com Stockholders": "627,400", "Basic EPS": "1.48", "Diluted EPS": "1.44", "Basic Average Shares": "423,800", "Diluted Average Shares": "435,900", "Total Operating Income as Reported": "847,200", "Total Expenses": "5,020,000", "Net Income from Continuing & Discontinued Operation": "627,400", "Normalized Income": "605,799", "Interest Income": "6,100", "Interest Expense": "128,200", "Net Interest Income": "-122,100", "EBIT": "883,200", "EBITDA": "-", "Reconciled Cost of Revenue": "3,242,600", "Reconciled Depreciation": "508,700", "Net Income from Continuing Operation Net Minority Interest": "627,400", "Total Unusual Items Excluding Goodwill": "25,900", "Total Unusual Items": "25,900", "Normalized EBITDA": "1,366,000", "Tax Rate for Calcs": "0", "Tax Effect of Unusual Items": "4,299"}}}}, {"CAVM": {"quote": {"03/23/2021": {"value": "", "Net Assets": "N/A", "Beta (5Y Monthly)": "N/A", "Yield": "N/A", "5y Average Return": "N/A", "Holdings Turnover": "N/A", "Last Dividend": "N/A", "Average for Category": "N/A", "Inception Date": "N/A"}}, "fin": {}}}, {"KOPN": {"quote": {"03/23/2021": {"value": "9.80", "Market Cap": "894.592M", "Beta (5Y Monthly)": "2.19", "PE Ratio (TTM)": "N/A", "EPS (TTM)": "-0.05", "Earnings Date": "Mar 02, 2021", "Forward Dividend & Yield": "N/A (N/A)", "Ex-Dividend Date": "N/A", "1y Target Est": "12.00"}}, "fin": {"TTM": {"Duration": "TTM", "Total Revenue": "34,932", "Cost of Revenue": "24,561", "Gross Profit": "10,372", "Operating Expense": "19,672", "Operating Income": "-9,300", "Net Non Operating Interest Income Expense": "225.63", "Other Income Expense": "-3,876", "Pretax Income": "-12,951", "Tax Provision": "130", "Earnings from Equity Interest Net of Tax": "-", "Net Income Common Stockholders": "-12,964", "Diluted NI Available to Com Stockholders": "-12,964", "Basic EPS": "-", "Diluted EPS": "-", "Basic Average Shares": "-", "Diluted Average Shares": "-", "Total Operating Income as Reported": "-9,300", "Total Expenses": "44,233", "Net Income from Continuing & Discontinued Operation": "-12,964", "Normalized Income": "-9,776", "Interest Income": "225.63", "Net Interest Income": "225.63", "EBIT": "-9,300", "EBITDA": "-8,631", "Reconciled Cost of Revenue": "24,561", "Reconciled Depreciation": "669.567", "Net Income from Continuing Operation Net Minority Interest": "-12,964", "Total Unusual Items Excluding Goodwill": "-4,367", "Total Unusual Items": "-4,367", "Normalized EBITDA": "-4,264", "Tax Rate for Calcs": "0", "Tax Effect of Unusual Items": "-1,179"}, "12/31/2020": {"Duration": "12/31/2020", "Total Revenue": "40,128", "Cost of Revenue": "29,144", "Gross Profit": "10,984", "Operating Expense": "15,747", "Operating Income": "-4,763", "Net Non Operating Interest Income Expense": "132.642", "Other Income Expense": "228.851", "Pretax Income": "-4,402", "Tax Provision": "129", "Earnings from Equity Interest Net of Tax": "-", "Net Income Common Stockholders": "-4,411", "Diluted NI Available to Com Stockholders": "-4,411", "Basic EPS": "-", "Diluted EPS": "-", "Basic Average Shares": "-", "Diluted Average Shares": "-", "Total Operating Income as Reported": "-4,763", "Total Expenses": "44,891", "Net Income from Continuing & Discontinued Operation": "-4,411", "Normalized Income": "-4,604", "Interest Income": "132.642", "Net Interest Income": "132.642", "EBIT": "-4,763", "EBITDA": "-", "Reconciled Cost of Revenue": "29,144", "Reconciled Depreciation": "651.083", "Net Income from Continuing Operation Net Minority Interest": "-4,411", "Total Unusual Items Excluding Goodwill": "264.314", "Total Unusual Items": "264.314", "Normalized EBITDA": "-4,377", "Tax Rate for Calcs": "0", "Tax Effect of Unusual Items": "71.3648"}, "12/31/2019": {"Duration": "12/31/2019", "Total Revenue": "29,519", "Cost of Revenue": "25,118", "Gross Profit": "4,401", "Operating Expense": "30,449", "Operating Income": "-26,048", "Net Non Operating Interest Income Expense": "543.759", "Other Income Expense": "-3,762", "Pretax Income": "-29,266", "Tax Provision": "108", "Earnings from Equity Interest Net of Tax": "-", "Net Income Common Stockholders": "-29,506", "Diluted NI Available to Com Stockholders": "-29,506", "Basic EPS": "-0.37", "Diluted EPS": "-0.37", "Basic Average Shares": "80,282", "Diluted Average Shares": "80,282", "Total Operating Income as Reported": "-26,380", "Total Expenses": "55,567", "Net Income from Continuing & Discontinued Operation": "-29,506", "Normalized Income": "-26,596", "Interest Income": "543.759", "Net Interest Income": "543.759", "EBIT": "-26,048", "EBITDA": "-", "Reconciled Cost of Revenue": "25,118", "Reconciled Depreciation": "792.221", "Net Income from Continuing Operation Net Minority Interest": "-29,506", "Total Unusual Items Excluding Goodwill": "-3,987", "Total Unusual Items": "-3,987", "Normalized EBITDA": "-21,269", "Tax Rate for Calcs": "0", "Tax Effect of Unusual Items": "-1,077"}, "12/31/2018": {"Duration": "12/31/2018", "Total Revenue": "24,465", "Cost of Revenue": "20,724", "Gross Profit": "3,741", "Operating Expense": "39,764", "Operating Income": "-36,023", "Net Non Operating Interest Income Expense": "640.059", "Other Income Expense": "-406.046", "Pretax Income": "-35,789", "Tax Provision": "30", "Earnings from Equity Interest Net of Tax": "-", "Net Income Common Stockholders": "-35,870", "Diluted NI Available to Com Stockholders": "-35,870", "Basic EPS": "-0.49", "Diluted EPS": "-0.49", "Basic Average Shares": "73,157", "Diluted Average Shares": "73,157", "Total Operating Income as Reported": "-39,967", "Total Expenses": "60,488", "Net Income from Continuing & Discontinued Operation": "-35,870", "Normalized Income": "-34,949", "Interest Income": "640.059", "Net Interest Income": "640.059", "EBIT": "-36,023", "EBITDA": "-", "Reconciled Cost of Revenue": "20,724", "Reconciled Depreciation": "1,959", "Net Income from Continuing Operation Net Minority Interest": "-35,870", "Total Unusual Items Excluding Goodwill": "-1,261", "Total Unusual Items": "-1,261", "Normalized EBITDA": "-32,803", "Tax Rate for Calcs": "0", "Tax Effect of Unusual Items": "-340.511"}}}}, {"FORM": {"quote": {"03/23/2021": {"value": "42.24", "Market Cap": "3.284B", "Beta (5Y Monthly)": "1.40", "PE Ratio (TTM)": "42.67", "EPS (TTM)": "0.99", "Earnings Date": "May 04, 2021 - May 10, 2021", "Forward Dividend & Yield": "N/A (N/A)", "Ex-Dividend Date": "N/A", "1y Target Est": "52.29"}, "05/08/2021": {"value": "38.69", "Market Cap": "3.003B", "Beta (5Y Monthly)": "1.38", "PE Ratio (TTM)": "37.20", "EPS (TTM)": "1.04", "Earnings Date": "Jul 28, 2021 - Aug 02, 2021", "Forward Dividend & Yield": "N/A (N/A)", "Ex-Dividend Date": "N/A", "1y Target Est": "53.43"}}, "fin": {"TTM": {"Duration": "TTM", "Total Revenue": "719,499", "Cost of Revenue": "422,263", "Gross Profit": "297,236", "Operating Expense": "209,233", "Operating Income": "88,003", "Net Non Operating Interest Income Expense": "284", "Other Income Expense": "1,013", "Pretax Income": "89,300", "Tax Provision": "7,042", "Net Income Common Stockholders": "82,258", "Diluted NI Available to Com Stockholders": "82,258", "Basic EPS": "-", "Diluted EPS": "-", "Basic Average Shares": "-", "Diluted Average Shares": "-", "Total Operating Income as Reported": "88,003", "Total Expenses": "631,496", "Net Income from Continuing & Discontinued Operation": "82,258", "Normalized Income": "82,258", "Interest Income": "1,010", "Interest Expense": "726", "Net Interest Income": "284", "EBIT": "90,026", "EBITDA": "139,822", "Reconciled Cost of Revenue": "422,263", "Reconciled Depreciation": "49,796", "Net Income from Continuing Operation Net Minority Interest": "82,258", "Total Unusual Items Excluding Goodwill": "-", "Total Unusual Items": "-", "Normalized EBITDA": "139,822", "Tax Rate for Calcs": "0", "Tax Effect of Unusual Items": "0"}, "12/31/2020": {"Duration": "12/31/2020", "Total Revenue": "693,616", "Cost of Revenue": "405,696", "Gross Profit": "287,920", "Operating Expense": "204,132", "Operating Income": "83,788", "Net Non Operating Interest Income Expense": "637", "Other Income Expense": "750", "Pretax Income": "85,175", "Tax Provision": "6,652", "Net Income Common Stockholders": "78,523", "Diluted NI Available to Com Stockholders": "78,523", "Basic EPS": "1.02", "Diluted EPS": "0.99", "Basic Average Shares": "76,681", "Diluted Average Shares": "79,001", "Total Operating Income as Reported": "83,788", "Total Expenses": "609,828", "Net Income from Continuing & Discontinued Operation": "78,523", "Normalized Income": "78,523", "Interest Income": "1,501", "Interest Expense": "864", "Net Interest Income": "637", "EBIT": "86,039", "EBITDA": "-", "Reconciled Cost of Revenue": "405,696", "Reconciled Depreciation": "48,685", "Net Income from Continuing Operation Net Minority Interest": "78,523", "Total Unusual Items Excluding Goodwill": "-", "Total Unusual Items": "-", "Normalized EBITDA": "134,724", "Tax Rate for Calcs": "0", "Tax Effect of Unusual Items": "0"}, "12/31/2019": {"Duration": "12/31/2019", "Total Revenue": "589,464", "Cost of Revenue": "351,968", "Gross Profit": "237,496", "Operating Expense": "187,834", "Operating Income": "49,662", "Net Non Operating Interest Income Expense": "799", "Other Income Expense": "602", "Pretax Income": "51,063", "Tax Provision": "11,717", "Net Income Common Stockholders": "39,346", "Diluted NI Available to Com Stockholders": "39,346", "Basic EPS": "0.52", "Diluted EPS": "0.51", "Basic Average Shares": "74,994", "Diluted Average Shares": "77,286", "Total Operating Income as Reported": "49,662", "Total Expenses": "539,802", "Net Income from Continuing & Discontinued Operation": "39,346", "Normalized Income": "39,346", "Interest Income": "2,714", "Interest Expense": "1,915", "Net Interest Income": "799", "EBIT": "52,978", "EBITDA": "-", "Reconciled Cost of Revenue": "351,968", "Reconciled Depreciation": "44,857", "Net Income from Continuing Operation Net Minority Interest": "39,346", "Total Unusual Items Excluding Goodwill": "-", "Total Unusual Items": "-", "Normalized EBITDA": "97,835", "Tax Rate for Calcs": "0", "Tax Effect of Unusual Items": "0"}, "12/31/2018": {"Duration": "12/31/2018", "Total Revenue": "529,675", "Cost of Revenue": "319,336", "Gross Profit": "210,339", "Operating Expense": "174,070", "Operating Income": "36,269", "Net Non Operating Interest Income Expense": "-1,958", "Other Income Expense": "-384", "Pretax Income": "33,927", "Tax Provision": "-70,109", "Net Income Common Stockholders": "104,036", "Diluted NI Available to Com Stockholders": "104,036", "Basic EPS": "1.42", "Diluted EPS": "1.38", "Basic Average Shares": "73,482", "Diluted Average Shares": "75,182", "Total Operating Income as Reported": "36,109", "Total Expenses": "493,406", "Net Income from Continuing & Discontinued Operation": "104,036", "Normalized Income": "104,153", "Interest Income": "1,356", "Interest Expense": "3,314", "Net Interest Income": "-1,958", "EBIT": "37,241", "EBITDA": "-", "Reconciled Cost of Revenue": "319,336", "Reconciled Depreciation": "43,687", "Net Income from Continuing Operation Net Minority Interest": "104,036", "Total Unusual Items Excluding Goodwill": "-160", "Total Unusual Items": "-160", "Normalized EBITDA": "81,088", "Tax Rate for Calcs": "0", "Tax Effect of Unusual Items": "-43.2"}}, "bs": {"12/31/2020": {"Duration": "12/31/2020", "Total Assets": "963,217", "Total Liabilities Net Minority Interest": "219,133", "Total Equity Gross Minority Interest": "744,084", "Total Capitalization": "769,062", "Common Stock Equity": "744,084", "Capital Lease Obligations": "34,700", "Net Tangible Assets": "472,176", "Working Capital": "332,503", "Invested Capital": "778,578", "Tangible Book Value": "472,176", "Total Debt": "69,194", "Net Debt": "-", "Share Issued": "77,438", "Ordinary Shares Number": "77,438"}, "12/31/2019": {"Duration": "12/31/2019", "Total Assets": "839,882", "Total Liabilities Net Minority Interest": "198,885", "Total Equity Gross Minority Interest": "640,997", "Total Capitalization": "656,636", "Common Stock Equity": "640,997", "Capital Lease Obligations": "35,639", "Net Tangible Assets": "384,191", "Working Capital": "282,483", "Invested Capital": "699,482", "Tangible Book Value": "384,191", "Total Debt": "94,124", "Net Debt": "-", "Share Issued": "75,765", "Ordinary Shares Number": "75,765"}, "12/31/2018": {"Duration": "12/31/2018", "Total Assets": "728,222", "Total Liabilities Net Minority Interest": "148,058", "Total Equity Gross Minority Interest": "580,164", "Total Capitalization": "615,135", "Common Stock Equity": "580,164", "Capital Lease Obligations": "-", "Net Tangible Assets": "323,310", "Working Capital": "235,302", "Invested Capital": "644,975", "Tangible Book Value": "323,310", "Total Debt": "64,811", "Net Debt": "-", "Share Issued": "74,140", "Ordinary Shares Number": "74,140"}}, "cf": {"TTM": {"Duration": "TTM", "Operating Cash Flow": "162,273", "Investing Cash Flow": "-133,402", "Financing Cash Flow": "-25,632", "End Cash Position": "176,314", "Income Tax Paid Supplemental Data": "-", "Interest Paid Supplemental Data": "-", "Capital Expenditure": "-57,285", "Issuance of Capital Stock": "10,984", "Issuance of Debt": "-", "Repayment of Debt": "-32,594", "Repurchase of Capital Stock": "0", "Free Cash Flow": "104,988"}, "12/31/2020": {"Duration": "12/31/2020", "Operating Cash Flow": "169,256", "Investing Cash Flow": "-98,922", "Financing Cash Flow": "-30,935", "End Cash Position": "191,098", "Income Tax Paid Supplemental Data": "9,150", "Interest Paid Supplemental Data": "867", "Capital Expenditure": "-55,865", "Issuance of Capital Stock": "10,010", "Issuance of Debt": "18,000", "Repayment of Debt": "-43,417", "Repurchase of Capital Stock": "-", "Free Cash Flow": "113,391"}, "12/31/2019": {"Duration": "12/31/2019", "Operating Cash Flow": "121,048", "Investing Cash Flow": "-66,352", "Financing Cash Flow": "-6,578", "End Cash Position": "147,937", "Income Tax Paid Supplemental Data": "4,324", "Interest Paid Supplemental Data": "1,405", "Capital Expenditure": "-20,847", "Issuance of Capital Stock": "8,093", "Issuance of Debt": "23,354", "Repayment of Debt": "-30,000", "Repurchase of Capital Stock": "0", "Free Cash Flow": "100,201"}, "12/31/2018": {"Duration": "12/31/2018", "Operating Cash Flow": "68,700", "Investing Cash Flow": "-21,295", "Financing Cash Flow": "-39,329", "End Cash Position": "100,546", "Income Tax Paid Supplemental Data": "4,576", "Interest Paid Supplemental Data": "3,113", "Capital Expenditure": "-19,869", "Issuance of Capital Stock": "7,712", "Issuance of Debt": "0", "Repayment of Debt": "-41,250", "Repurchase of Capital Stock": "0", "Free Cash Flow": "48,831"}}}}, {"GSIT": {"quote": {"03/23/2021": {"value": "7.15", "Market Cap": "170.156M", "Beta (5Y Monthly)": "0.88", "PE Ratio (TTM)": "N/A", "EPS (TTM)": "-0.87", "Earnings Date": "Jan 28, 2021", "Forward Dividend & Yield": "N/A (N/A)", "Ex-Dividend Date": "N/A", "1y Target Est": "N/A"}, "05/08/2021": {"value": "5.88", "Market Cap": "139.932M", "Beta (5Y Monthly)": "0.79", "PE Ratio (TTM)": "N/A", "EPS (TTM)": "-0.87", "Earnings Date": "May 06, 2021", "Forward Dividend & Yield": "N/A (N/A)", "Ex-Dividend Date": "N/A", "1y Target Est": "N/A"}}, "fin": {"TTM": {"Duration": "TTM", "Total Revenue": "28,578", "Cost of Revenue": "14,736", "Gross Profit": "13,842", "Operating Expense": "33,748", "Operating Income": "-19,906", "Net Non Operating Interest Income Expense": "417", "Other Income Expense": "-154", "Pretax Income": "-19,643", "Tax Provision": "704", "Net Income Common Stockholders": "-20,347", "Diluted NI Available to Com Stockholders": "-20,347", "Basic EPS": "-", "Diluted EPS": "-", "Basic Average Shares": "-", "Diluted Average Shares": "-", "Total Operating Income as Reported": "-19,906", "Total Expenses": "48,484", "Net Income from Continuing & Discontinued Operation": "-20,347", "Normalized Income": "-20,347", "Interest Income": "417", "Net Interest Income": "417", "EBIT": "-19,906", "EBITDA": "-18,589", "Reconciled Cost of Revenue": "14,736", "Reconciled Depreciation": "1,317", "Net Income from Continuing Operation Net Minority Interest": "-20,347", "Normalized EBITDA": "-18,589", "Tax Rate for Calcs": "0", "Tax Effect of Unusual Items": "0"}, "3/31/2020": {"Duration": "3/31/2020", "Total Revenue": "43,343", "Cost of Revenue": "18,000", "Gross Profit": "25,343", "Operating Expense": "36,145", "Operating Income": "-10,802", "Net Non Operating Interest Income Expense": "783", "Other Income Expense": "-71", "Pretax Income": "-10,090", "Tax Provision": "247", "Net Income Common Stockholders": "-10,337", "Diluted NI Available to Com Stockholders": "-10,337", "Basic EPS": "-0.45", "Diluted EPS": "-0.45", "Basic Average Shares": "22,968", "Diluted Average Shares": "22,968", "Total Operating Income as Reported": "-10,802", "Total Expenses": "54,145", "Net Income from Continuing & Discontinued Operation": "-10,337", "Normalized Income": "-10,337", "Interest Income": "783", "Net Interest Income": "783", "EBIT": "-10,802", "EBITDA": "-", "Reconciled Cost of Revenue": "18,000", "Reconciled Depreciation": "1,434", "Net Income from Continuing Operation Net Minority Interest": "-10,337", "Normalized EBITDA": "-9,368", "Tax Rate for Calcs": "0", "Tax Effect of Unusual Items": "0"}, "3/31/2019": {"Duration": "3/31/2019", "Total Revenue": "51,486", "Cost of Revenue": "19,858", "Gross Profit": "31,628", "Operating Expense": "31,810", "Operating Income": "-182", "Net Non Operating Interest Income Expense": "671", "Other Income Expense": "-221", "Pretax Income": "268", "Tax Provision": "105", "Net Income Common Stockholders": "163", "Diluted NI Available to Com Stockholders": "163", "Basic EPS": "0.01", "Diluted EPS": "0.01", "Basic Average Shares": "21,889", "Diluted Average Shares": "23,349", "Total Operating Income as Reported": "-182", "Total Expenses": "51,668", "Net Income from Continuing & Discontinued Operation": "163", "Normalized Income": "163", "Interest Income": "671", "Net Interest Income": "671", "EBIT": "-182", "EBITDA": "-", "Reconciled Cost of Revenue": "19,858", "Reconciled Depreciation": "1,454", "Net Income from Continuing Operation Net Minority Interest": "163", "Normalized EBITDA": "1,272", "Tax Rate for Calcs": "0", "Tax Effect of Unusual Items": "0"}, "3/31/2018": {"Duration": "3/31/2018", "Total Revenue": "42,643", "Cost of Revenue": "20,217", "Gross Profit": "22,426", "Operating Expense": "26,897", "Operating Income": "-4,471", "Net Non Operating Interest Income Expense": "421", "Other Income Expense": "-12", "Pretax Income": "-4,062", "Tax Provision": "453", "Net Income Common Stockholders": "-4,515", "Diluted NI Available to Com Stockholders": "-4,515", "Basic EPS": "-0.21", "Diluted EPS": "-0.21", "Basic Average Shares": "21,085", "Diluted Average Shares": "21,085", "Total Operating Income as Reported": "-4,471", "Total Expenses": "47,114", "Net Income from Continuing & Discontinued Operation": "-4,515", "Normalized Income": "-4,515", "Interest Income": "421", "Net Interest Income": "421", "EBIT": "-4,471", "EBITDA": "-", "Reconciled Cost of Revenue": "20,217", "Reconciled Depreciation": "1,255", "Net Income from Continuing Operation Net Minority Interest": "-4,515", "Normalized EBITDA": "-3,216", "Tax Rate for Calcs": "0", "Tax Effect of Unusual Items": "0"}}, "bs": {"3/31/2020": {"Duration": "3/31/2020", "Total Assets": "102,561", "Total Liabilities Net Minority Interest": "12,920", "Total Equity Gross Minority Interest": "89,641", "Total Capitalization": "89,641", "Common Stock Equity": "89,641", "Capital Lease Obligations": "640", "Net Tangible Assets": "79,174", "Working Capital": "70,853", "Invested Capital": "89,641", "Tangible Book Value": "79,174", "Total Debt": "640", "Share Issued": "23,229", "Ordinary Shares Number": "23,229"}, "3/31/2019": {"Duration": "3/31/2019", "Total Assets": "106,223", "Total Liabilities Net Minority Interest": "13,068", "Total Equity Gross Minority Interest": "93,155", "Total Capitalization": "93,155", "Common Stock Equity": "93,155", "Capital Lease Obligations": "-", "Net Tangible Assets": "82,455", "Working Capital": "68,632", "Invested Capital": "93,155", "Tangible Book Value": "82,455", "Total Debt": "-", "Share Issued": "22,320", "Ordinary Shares Number": "22,320"}}, "cf": {"TTM": {"Duration": "TTM", "Operating Cash Flow": "-14,848", "Investing Cash Flow": "6,095", "Financing Cash Flow": "3,846", "End Cash Position": "43,064", "Income Tax Paid Supplemental Data": "892", "Capital Expenditure": "-188", "Repurchase of Capital Stock": "0", "Free Cash Flow": "-15,036"}, "3/31/2020": {"Duration": "3/31/2020", "Operating Cash Flow": "-4,681", "Investing Cash Flow": "9,971", "Financing Cash Flow": "3,721", "End Cash Position": "51,506", "Income Tax Paid Supplemental Data": "345", "Capital Expenditure": "-331", "Repurchase of Capital Stock": "0", "Free Cash Flow": "-5,012"}, "3/31/2019": {"Duration": "3/31/2019", "Operating Cash Flow": "3,006", "Investing Cash Flow": "-3,474", "Financing Cash Flow": "2,722", "End Cash Position": "42,495", "Income Tax Paid Supplemental Data": "11", "Capital Expenditure": "-2,090", "Repurchase of Capital Stock": "-103", "Free Cash Flow": "916"}}}}, {"MTSI": {"quote": {"03/23/2021": {"value": "57.03", "Market Cap": "3.898B", "Beta (5Y Monthly)": "2.35", "PE Ratio (TTM)": "N/A", "EPS (TTM)": "-0.40", "Earnings Date": "Apr 27, 2021 - May 03, 2021", "Forward Dividend & Yield": "N/A (N/A)", "Ex-Dividend Date": "N/A", "1y Target Est": "68.92"}, "05/08/2021": {"value": "56.14", "Market Cap": "3.855B", "Beta (5Y Monthly)": "2.24", "PE Ratio (TTM)": "N/A", "EPS (TTM)": "-0.02", "Earnings Date": "Jul 27, 2021 - Aug 02, 2021", "Forward Dividend & Yield": "N/A (N/A)", "Ex-Dividend Date": "N/A", "1y Target Est": "69.67"}}, "fin": {"TTM": {"Duration": "TTM", "Total Revenue": "583,603", "Cost of Revenue": "270,637", "Gross Profit": "312,966", "Operating Expense": "263,646", "Operating Income": "49,320", "Net Non Operating Interest Income Expense": "-20,672", "Other Income Expense": "-25,882", "Pretax Income": "2,766", "Tax Provision": "4,417", "Net Income Common Stockholders": "-1,651", "Diluted NI Available to Com Stockholders": "-1,651", "Basic EPS": "-", "Diluted EPS": "-", "Basic Average Shares": "-", "Diluted Average Shares": "-", "Total Operating Income as Reported": "50,230", "Total Expenses": "534,283", "Net Income from Continuing & Discontinued Operation": "-1,651", "Normalized Income": "14,986", "Interest Expense": "20,672", "Net Interest Income": "-20,672", "EBIT": "23,438", "EBITDA": "97,636", "Reconciled Cost of Revenue": "270,637", "Reconciled Depreciation": "74,198", "Net Income from Continuing Operation Net Minority Interest": "-1,651", "Total Unusual Items Excluding Goodwill": "-27,728", "Total Unusual Items": "-27,728", "Normalized EBITDA": "125,364", "Tax Rate for Calcs": "0", "Tax Effect of Unusual Items": "-11,091"}, "9/30/2020": {"Duration": "9/30/2020", "Total Revenue": "530,037", "Cost of Revenue": "259,871", "Gross Profit": "270,166", "Operating Expense": "265,639", "Operating Income": "4,527", "Net Non Operating Interest Income Expense": "-27,380", "Other Income Expense": "-18,709", "Pretax Income": "-41,562", "Tax Provision": "4,516", "Net Income Common Stockholders": "-46,078", "Diluted NI Available to Com Stockholders": "-46,078", "Basic EPS": "-0.69", "Diluted EPS": "-0.69", "Basic Average Shares": "66,606", "Diluted Average Shares": "66,606", "Total Operating Income as Reported": "3,388", "Total Expenses": "525,510", "Net Income from Continuing & Discontinued Operation": "-46,078", "Normalized Income": "-35,794", "Interest Expense": "27,380", "Net Interest Income": "-27,380", "EBIT": "-14,182", "EBITDA": "-", "Reconciled Cost of Revenue": "259,871", "Reconciled Depreciation": "78,826", "Net Income from Continuing Operation Net Minority Interest": "-46,078", "Total Unusual Items Excluding Goodwill": "-14,087", "Total Unusual Items": "-14,087", "Normalized EBITDA": "78,731", "Tax Rate for Calcs": "0", "Tax Effect of Unusual Items": "-3,803"}, "9/30/2019": {"Duration": "9/30/2019", "Total Revenue": "499,708", "Cost of Revenue": "279,000", "Gross Profit": "220,708", "Operating Expense": "316,755", "Operating Income": "-96,047", "Net Non Operating Interest Income Expense": "-35,803", "Other Income Expense": "-291,303", "Pretax Income": "-423,153", "Tax Provision": "-39,355", "Net Income Common Stockholders": "-383,798", "Diluted NI Available to Com Stockholders": "-383,798", "Basic EPS": "-5.88", "Diluted EPS": "-5.88", "Basic Average Shares": "65,686", "Diluted Average Shares": "65,686", "Total Operating Income as Reported": "-380,376", "Total Expenses": "595,755", "Net Income from Continuing & Discontinued Operation": "-383,798", "Normalized Income": "-126,605", "Interest Expense": "35,803", "Net Interest Income": "-35,803", "EBIT": "-387,350", "EBITDA": "-", "Reconciled Cost of Revenue": "279,000", "Reconciled Depreciation": "104,418", "Net Income from Continuing Operation Net Minority Interest": "-383,798", "Total Unusual Items Excluding Goodwill": "-283,564", "Total Unusual Items": "-283,564", "Normalized EBITDA": "632", "Tax Rate for Calcs": "0", "Tax Effect of Unusual Items": "-26,371"}, "9/30/2018": {"Duration": "9/30/2018", "Total Revenue": "570,398", "Cost of Revenue": "324,692", "Gross Profit": "245,706", "Operating Expense": "339,386", "Operating Income": "-93,680", "Net Non Operating Interest Income Expense": "-31,338", "Other Income Expense": "-30,217", "Pretax Income": "-155,235", "Tax Provision": "-21,473", "Net Income Common Stockholders": "-139,977", "Diluted NI Available to Com Stockholders": "-139,977", "Basic EPS": "-2.16", "Diluted EPS": "-2.57", "Basic Average Shares": "64,741", "Diluted Average Shares": "65,311", "Total Operating Income as Reported": "-106,520", "Total Expenses": "664,078", "Net Income from Continuing & Discontinued Operation": "-139,977", "Normalized Income": "-146,525", "Interest Expense": "31,338", "Net Interest Income": "-31,338", "EBIT": "-123,897", "EBITDA": "-", "Reconciled Cost of Revenue": "324,692", "Reconciled Depreciation": "112,383", "Net Income from Continuing Operation Net Minority Interest": "-133,762", "Total Unusual Items Excluding Goodwill": "14,806", "Total Unusual Items": "14,806", "Normalized EBITDA": "-26,320", "Tax Rate for Calcs": "0", "Tax Effect of Unusual Items": "2,043"}}, "bs": {"9/30/2020": {"Duration": "9/30/2020", "Total Assets": "1,146,428", "Total Liabilities Net Minority Interest": "846,282", "Total Equity Gross Minority Interest": "300,146", "Total Capitalization": "952,318", "Common Stock Equity": "300,146", "Capital Lease Obligations": "37,963", "Net Tangible Assets": "-145,764", "Working Capital": "386,569", "Invested Capital": "959,203", "Tangible Book Value": "-145,764", "Total Debt": "697,020", "Net Debt": "529,616", "Share Issued": "66,921", "Ordinary Shares Number": "66,898", "Treasury Shares Number": "23"}, "9/30/2019": {"Duration": "9/30/2019", "Total Assets": "1,105,574", "Total Liabilities Net Minority Interest": "791,678", "Total Equity Gross Minority Interest": "313,896", "Total Capitalization": "969,168", "Common Stock Equity": "313,896", "Capital Lease Obligations": "30,590", "Net Tangible Assets": "-182,059", "Working Capital": "323,746", "Invested Capital": "976,053", "Tangible Book Value": "-182,059", "Total Debt": "692,747", "Net Debt": "586,638", "Share Issued": "66,177", "Ordinary Shares Number": "66,154", "Treasury Shares Number": "23"}, "9/30/2018": {"Duration": "9/30/2018", "Total Assets": "1,482,495", "Total Liabilities Net Minority Interest": "813,820", "Total Equity Gross Minority Interest": "668,675", "Total Capitalization": "1,327,047", "Common Stock Equity": "668,675", "Capital Lease Obligations": "29,490", "Net Tangible Assets": "-158,186", "Working Capital": "351,856", "Invested Capital": "1,333,932", "Tangible Book Value": "-158,186", "Total Debt": "694,747", "Net Debt": "570,581", "Share Issued": "65,202", "Ordinary Shares Number": "65,179", "Treasury Shares Number": "23"}}, "cf": {"TTM": {"Duration": "TTM", "Operating Cash Flow": "171,180", "Investing Cash Flow": "-64,135", "Financing Cash Flow": "-123,604", "End Cash Position": "104,176", "Capital Expenditure": "-15,865", "Issuance of Capital Stock": "-", "Issuance of Debt": "394,871", "Repayment of Debt": "-500,967", "Repurchase of Capital Stock": "-23,097", "Free Cash Flow": "155,315"}, "9/30/2020": {"Duration": "9/30/2020", "Operating Cash Flow": "171,397", "Investing Cash Flow": "-107,195", "Financing Cash Flow": "-10,716", "End Cash Position": "129,441", "Capital Expenditure": "-17,573", "Issuance of Capital Stock": "-", "Issuance of Debt": "0", "Repayment of Debt": "-8,593", "Repurchase of Capital Stock": "-6,708", "Free Cash Flow": "153,824"}, "9/30/2019": {"Duration": "9/30/2019", "Operating Cash Flow": "20,700", "Investing Cash Flow": "-33,891", "Financing Cash Flow": "-5,828", "End Cash Position": "75,519", "Capital Expenditure": "-37,963", "Issuance of Capital Stock": "-", "Issuance of Debt": "0", "Repayment of Debt": "-8,306", "Repurchase of Capital Stock": "-4,137", "Free Cash Flow": "-17,263"}, "9/30/2018": {"Duration": "9/30/2018", "Operating Cash Flow": "36,293", "Investing Cash Flow": "-67,119", "Financing Cash Flow": "-4,451", "End Cash Position": "94,676", "Capital Expenditure": "-53,044", "Issuance of Capital Stock": "-", "Issuance of Debt": "4,000", "Repayment of Debt": "-7,598", "Repurchase of Capital Stock": "-6,828", "Free Cash Flow": "-16,751"}}}}, {"TXN": {"quote": {"03/23/2021": {"value": "178.78", "Market Cap": "165.015B", "Beta (5Y Monthly)": "1.06", "PE Ratio (TTM)": "29.96", "EPS (TTM)": "5.97", "Earnings Date": "Apr 19, 2021 - Apr 23, 2021", "Forward Dividend & Yield": "4.08 (2.27%)", "Ex-Dividend Date": "Jan 29, 2021", "1y Target Est": "182.15"}, "03/27/2021": {"value": "188.20", "Market Cap": "173.71B", "Beta (5Y Monthly)": "1.06", "PE Ratio (TTM)": "31.53", "EPS (TTM)": "5.97", "Earnings Date": "Apr 19, 2021 - Apr 23, 2021", "Forward Dividend & Yield": "4.08 (2.17%)", "Ex-Dividend Date": "Jan 29, 2021", "1y Target Est": "183.56"}, "05/08/2021": {"value": "187.76", "Market Cap": "173.401B", "Beta (5Y Monthly)": "1.03", "PE Ratio (TTM)": "28.44", "EPS (TTM)": "6.60", "Earnings Date": "Jul 19, 2021 - Jul 23, 2021", "Forward Dividend & Yield": "4.08 (2.21%)", "Ex-Dividend Date": "Apr 30, 2021", "1y Target Est": "200.08"}}, "fin": {"TTM": {"Duration": "TTM", "Total Revenue": "15,421,000", "Cost of Revenue": "5,443,000", "Gross Profit": "9,978,000", "Operating Expense": "3,170,000", "Operating Income": "6,808,000", "Net Non Operating Interest Income Expense": "-191,000", "Other Income Expense": "115,000", "Pretax Income": "6,732,000", "Tax Provision": "558,000", "Net Income Common Stockholders": "6,174,000", "Average Dilution Earnings": "-29,000", "Diluted NI Available to Com Stockholders": "6,145,000", "Basic EPS": "-", "Diluted EPS": "-", "Basic Average Shares": "-", "Diluted Average Shares": "-", "Total Operating Income as Reported": "6,589,000", "Total Expenses": "8,613,000", "Net Income from Continuing & Discontinued Operation": "6,174,000", "Normalized Income": "6,374,848", "Interest Expense": "191,000", "Net Interest Income": "-191,000", "EBIT": "6,923,000", "EBITDA": "7,906,000", "Reconciled Cost of Revenue": "5,443,000", "Reconciled Depreciation": "983,000", "Net Income from Continuing Operation Net Minority Interest": "6,174,000", "Total Unusual Items Excluding Goodwill": "-219,000", "Total Unusual Items": "-219,000", "Normalized EBITDA": "8,125,000", "Tax Rate for Calcs": "0", "Tax Effect of Unusual Items": "-18,152"}, "12/31/2020": {"Duration": "12/31/2020", "Total Revenue": "14,461,000", "Cost of Revenue": "5,192,000", "Gross Profit": "9,269,000", "Operating Expense": "3,153,000", "Operating Income": "6,116,000", "Net Non Operating Interest Income Expense": "-190,000", "Other Income Expense": "91,000", "Pretax Income": "6,017,000", "Tax Provision": "422,000", "Net Income Common Stockholders": "5,595,000", "Average Dilution Earnings": "-27,000", "Diluted NI Available to Com Stockholders": "5,568,000", "Basic EPS": "6.07", "Diluted EPS": "5.97", "Basic Average Shares": "921,000", "Diluted Average Shares": "933,000", "Total Operating Income as Reported": "5,894,000", "Total Expenses": "8,345,000", "Net Income from Continuing & Discontinued Operation": "5,595,000", "Normalized Income": "5,801,460", "Interest Expense": "190,000", "Net Interest Income": "-190,000", "EBIT": "6,207,000", "EBITDA": "-", "Reconciled Cost of Revenue": "5,192,000", "Reconciled Depreciation": "992,000", "Net Income from Continuing Operation Net Minority Interest": "5,595,000", "Total Unusual Items Excluding Goodwill": "-222,000", "Total Unusual Items": "-222,000", "Normalized EBITDA": "7,421,000", "Tax Rate for Calcs": "0", "Tax Effect of Unusual Items": "-15,540"}, "12/31/2019": {"Duration": "12/31/2019", "Total Revenue": "14,383,000", "Cost of Revenue": "5,219,000", "Gross Profit": "9,164,000", "Operating Expense": "3,189,000", "Operating Income": "5,975,000", "Net Non Operating Interest Income Expense": "-170,000", "Other Income Expense": "-77,000", "Pretax Income": "5,728,000", "Tax Provision": "711,000", "Net Income Common Stockholders": "5,017,000", "Average Dilution Earnings": "-31,000", "Diluted NI Available to Com Stockholders": "4,986,000", "Basic EPS": "5.36", "Diluted EPS": "5.24", "Basic Average Shares": "936,000", "Diluted Average Shares": "952,000", "Total Operating Income as Reported": "5,723,000", "Total Expenses": "8,408,000", "Net Income from Continuing & Discontinued Operation": "5,017,000", "Normalized Income": "5,237,720", "Interest Expense": "170,000", "Net Interest Income": "-170,000", "EBIT": "5,898,000", "EBITDA": "-", "Reconciled Cost of Revenue": "5,219,000", "Reconciled Depreciation": "1,050,000", "Net Income from Continuing Operation Net Minority Interest": "5,017,000", "Total Unusual Items Excluding Goodwill": "-252,000", "Total Unusual Items": "-252,000", "Normalized EBITDA": "7,200,000", "Tax Rate for Calcs": "0", "Tax Effect of Unusual Items": "-31,280"}, "12/31/2018": {"Duration": "12/31/2018", "Total Revenue": "15,784,000", "Cost of Revenue": "5,507,000", "Gross Profit": "10,277,000", "Operating Expense": "3,243,000", "Operating Income": "7,034,000", "Net Non Operating Interest Income Expense": "-125,000", "Other Income Expense": "-223,000", "Pretax Income": "6,686,000", "Tax Provision": "1,106,000", "Net Income Common Stockholders": "5,537,000", "Average Dilution Earnings": "1,000", "Diluted NI Available to Com Stockholders": "5,538,000", "Basic EPS": "5.75", "Diluted EPS": "5.59", "Basic Average Shares": "970,000", "Diluted Average Shares": "990,000", "Total Operating Income as Reported": "6,713,000", "Total Expenses": "8,750,000", "Net Income from Continuing & Discontinued Operation": "5,580,000", "Normalized Income": "5,848,035", "Interest Expense": "125,000", "Net Interest Income": "-125,000", "EBIT": "6,811,000", "EBITDA": "-", "Reconciled Cost of Revenue": "5,507,000", "Reconciled Depreciation": "954,000", "Net Income from Continuing Operation Net Minority Interest": "5,580,000", "Total Unusual Items Excluding Goodwill": "-321,000", "Total Unusual Items": "-321,000", "Normalized EBITDA": "8,086,000", "Tax Rate for Calcs": "0", "Tax Effect of Unusual Items": "-52,965"}}, "bs": {"12/31/2020": {"Duration": "12/31/2020", "Total Assets": "19,351,000", "Total Liabilities Net Minority Interest": "10,164,000", "Total Equity Gross Minority Interest": "9,187,000", "Total Capitalization": "15,435,000", "Common Stock Equity": "9,187,000", "Capital Lease Obligations": "249,000", "Net Tangible Assets": "4,551,000", "Working Capital": "7,849,000", "Invested Capital": "15,985,000", "Tangible Book Value": "4,551,000", "Total Debt": "7,047,000", "Net Debt": "3,691,000", "Share Issued": "1,740,816", "Ordinary Shares Number": "919,354", "Treasury Shares Number": "821,462"}, "12/31/2019": {"Duration": "12/31/2019", "Total Assets": "18,018,000", "Total Liabilities Net Minority Interest": "9,111,000", "Total Equity Gross Minority Interest": "8,907,000", "Total Capitalization": "14,210,000", "Common Stock Equity": "8,907,000", "Capital Lease Obligations": "259,000", "Net Tangible Assets": "4,136,000", "Working Capital": "6,638,000", "Invested Capital": "14,710,000", "Tangible Book Value": "4,136,000", "Total Debt": "6,062,000", "Net Debt": "3,366,000", "Share Issued": "1,740,816", "Ordinary Shares Number": "932,032", "Treasury Shares Number": "808,784"}, "12/31/2018": {"Duration": "12/31/2018", "Total Assets": "17,137,000", "Total Liabilities Net Minority Interest": "8,143,000", "Total Equity Gross Minority Interest": "8,994,000", "Total Capitalization": "13,313,000", "Common Stock Equity": "8,994,000", "Capital Lease Obligations": "-", "Net Tangible Assets": "3,915,000", "Working Capital": "5,623,000", "Invested Capital": "14,062,000", "Tangible Book Value": "3,915,000", "Total Debt": "5,068,000", "Net Debt": "2,630,000", "Share Issued": "1,740,816", "Ordinary Shares Number": "945,150", "Treasury Shares Number": "795,666"}}, "cf": {"TTM": {"Duration": "TTM", "Operating Cash Flow": "7,138,000", "Investing Cash Flow": "-2,857,000", "Financing Cash Flow": "-4,357,000", "End Cash Position": "2,442,000", "Capital Expenditure": "-796,000", "Issuance of Capital Stock": "520,000", "Issuance of Debt": "749,000", "Repayment of Debt": "-1,050,000", "Repurchase of Capital Stock": "-1,012,000", "Free Cash Flow": "6,342,000"}, "12/31/2020": {"Duration": "12/31/2020", "Operating Cash Flow": "6,139,000", "Investing Cash Flow": "-922,000", "Financing Cash Flow": "-4,547,000", "End Cash Position": "3,107,000", "Capital Expenditure": "-649,000", "Issuance of Capital Stock": "470,000", "Issuance of Debt": "1,498,000", "Repayment of Debt": "-500,000", "Repurchase of Capital Stock": "-2,553,000", "Free Cash Flow": "5,490,000"}, "12/31/2019": {"Duration": "12/31/2019", "Operating Cash Flow": "6,649,000", "Investing Cash Flow": "-1,920,000", "Financing Cash Flow": "-4,730,000", "End Cash Position": "2,437,000", "Capital Expenditure": "-847,000", "Issuance of Capital Stock": "539,000", "Issuance of Debt": "1,491,000", "Repayment of Debt": "-750,000", "Repurchase of Capital Stock": "-2,960,000", "Free Cash Flow": "5,802,000"}, "12/31/2018": {"Duration": "12/31/2018", "Operating Cash Flow": "7,189,000", "Investing Cash Flow": "-78,000", "Financing Cash Flow": "-6,329,000", "End Cash Position": "2,438,000", "Capital Expenditure": "-1,131,000", "Issuance of Capital Stock": "373,000", "Issuance of Debt": "1,500,000", "Repayment of Debt": "-500,000", "Repurchase of Capital Stock": "-5,100,000", "Free Cash Flow": "6,058,000"}}}}, {"MCHP": {"quote": {"03/23/2021": {"value": "149.98", "Market Cap": "40.384B", "Beta (5Y Monthly)": "1.72", "PE Ratio (TTM)": "119.22", "EPS (TTM)": "1.26", "Earnings Date": "May 05, 2021 - May 10, 2021", "Forward Dividend & Yield": "1.56 (1.01%)", "Ex-Dividend Date": "Feb 19, 2021", "1y Target Est": "170.05"}, "05/08/2021": {"value": "149.75", "Market Cap": "40.322B", "Beta (5Y Monthly)": "1.67", "PE Ratio (TTM)": "116.09", "EPS (TTM)": "1.29", "Earnings Date": "Aug 02, 2021 - Aug 06, 2021", "Forward Dividend & Yield": "1.65 (1.10%)", "Ex-Dividend Date": "Feb 19, 2021", "1y Target Est": "171.48"}}, "fin": {"TTM": {"Duration": "TTM", "Total Revenue": "5,297,700", "Cost of Revenue": "2,031,800", "Gross Profit": "3,265,900", "Operating Expense": "2,389,000", "Operating Income": "876,900", "Net Non Operating Interest Income Expense": "-393,000", "Other Income Expense": "-243,000", "Pretax Income": "240,900", "Tax Provision": "-92,400", "Net Income Common Stockholders": "333,300", "Diluted NI Available to Com Stockholders": "333,300", "Basic EPS": "-", "Diluted EPS": "-", "Basic Average Shares": "-", "Diluted Average Shares": "-", "Total Operating Income as Reported": "850,800", "Total Expenses": "4,420,800", "Net Income from Continuing & Discontinued Operation": "333,300", "Normalized Income": "511,055", "Interest Income": "1,300", "Interest Expense": "394,300", "Net Interest Income": "-393,000", "EBIT": "635,200", "EBITDA": "1,811,600", "Reconciled Cost of Revenue": "1,803,800", "Reconciled Depreciation": "1,176,400", "Net Income from Continuing Operation Net Minority Interest": "333,300", "Total Unusual Items Excluding Goodwill": "-243,500", "Total Unusual Items": "-243,500", "Normalized EBITDA": "2,055,100", "Tax Rate for Calcs": "0", "Tax Effect of Unusual Items": "-65,745"}, "3/31/2020": {"Duration": "3/31/2020", "Total Revenue": "5,274,200", "Cost of Revenue": "2,032,100", "Gross Profit": "3,242,100", "Operating Expense": "2,548,300", "Operating Income": "693,800", "Net Non Operating Interest Income Expense": "-494,500", "Other Income Expense": "-48,900", "Pretax Income": "150,400", "Tax Provision": "-420,200", "Net Income Common Stockholders": "570,600", "Diluted NI Available to Com Stockholders": "570,600", "Basic EPS": "2.39", "Diluted EPS": "2.23", "Basic Average Shares": "238,900", "Diluted Average Shares": "256,200", "Total Operating Income as Reported": "647,100", "Total Expenses": "4,580,400", "Net Income from Continuing & Discontinued Operation": "570,600", "Normalized Income": "608,633", "Interest Income": "2,800", "Interest Expense": "497,300", "Net Interest Income": "-494,500", "EBIT": "647,700", "EBITDA": "-", "Reconciled Cost of Revenue": "1,810,400", "Reconciled Depreciation": "1,215,600", "Net Income from Continuing Operation Net Minority Interest": "570,600", "Total Unusual Items Excluding Goodwill": "-52,100", "Total Unusual Items": "-52,100", "Normalized EBITDA": "1,915,400", "Tax Rate for Calcs": "0", "Tax Effect of Unusual Items": "-14,067"}, "3/31/2019": {"Duration": "3/31/2019", "Total Revenue": "5,349,500", "Cost of Revenue": "2,418,200", "Gross Profit": "2,931,300", "Operating Expense": "2,183,300", "Operating Income": "748,000", "Net Non Operating Interest Income Expense": "-494,800", "Other Income Expense": "-48,700", "Pretax Income": "204,500", "Tax Provision": "-151,400", "Net Income Common Stockholders": "355,900", "Diluted NI Available to Com Stockholders": "355,900", "Basic EPS": "1.51", "Diluted EPS": "1.42", "Basic Average Shares": "236,200", "Diluted Average Shares": "249,900", "Total Operating Income as Reported": "714,300", "Total Expenses": "4,601,500", "Net Income from Continuing & Discontinued Operation": "355,900", "Normalized Income": "389,699", "Interest Income": "8,100", "Interest Expense": "502,900", "Net Interest Income": "-494,800", "EBIT": "707,400", "EBITDA": "-", "Reconciled Cost of Revenue": "2,215,900", "Reconciled Depreciation": "876,400", "Net Income from Continuing Operation Net Minority Interest": "355,900", "Total Unusual Items Excluding Goodwill": "-46,300", "Total Unusual Items": "-46,300", "Normalized EBITDA": "1,630,100", "Tax Rate for Calcs": "0", "Tax Effect of Unusual Items": "-12,501"}, "3/31/2018": {"Duration": "3/31/2018", "Total Revenue": "3,980,800", "Cost of Revenue": "1,560,100", "Gross Profit": "2,420,700", "Operating Expense": "1,466,900", "Operating Income": "953,800", "Net Non Operating Interest Income Expense": "-177,000", "Other Income Expense": "-39,500", "Pretax Income": "737,300", "Tax Provision": "481,900", "Net Income Common Stockholders": "255,400", "Diluted NI Available to Com Stockholders": "255,400", "Basic EPS": "1.10", "Diluted EPS": "1.03", "Basic Average Shares": "232,900", "Diluted Average Shares": "248,900", "Total Operating Income as Reported": "936,300", "Total Expenses": "3,027,000", "Net Income from Continuing & Discontinued Operation": "255,400", "Normalized Income": "279,855", "Interest Income": "22,000", "Interest Expense": "199,000", "Net Interest Income": "-177,000", "EBIT": "936,300", "EBITDA": "-", "Reconciled Cost of Revenue": "1,429,700", "Reconciled Depreciation": "615,900", "Net Income from Continuing Operation Net Minority Interest": "255,400", "Total Unusual Items Excluding Goodwill": "-33,500", "Total Unusual Items": "-33,500", "Normalized EBITDA": "1,585,700", "Tax Rate for Calcs": "0", "Tax Effect of Unusual Items": "-9,045"}}, "bs": {"3/31/2020": {"Duration": "3/31/2020", "Total Assets": "17,426,100", "Total Liabilities Net Minority Interest": "11,840,600", "Total Equity Gross Minority Interest": "5,585,500", "Total Capitalization": "14,458,900", "Common Stock Equity": "5,585,500", "Capital Lease Obligations": "139,200", "Net Tangible Assets": "-6,781,600", "Working Capital": "579,800", "Invested Capital": "15,067,700", "Tangible Book Value": "-6,781,600", "Total Debt": "9,621,400", "Net Debt": "9,081,200", "Share Issued": "258,391", "Ordinary Shares Number": "245,326", "Treasury Shares Number": "13,066"}, "3/31/2019": {"Duration": "3/31/2019", "Total Assets": "18,350,000", "Total Liabilities Net Minority Interest": "13,062,500", "Total Equity Gross Minority Interest": "5,287,500", "Total Capitalization": "14,233,700", "Common Stock Equity": "5,287,500", "Capital Lease Obligations": "-", "Net Tangible Assets": "-8,062,000", "Working Capital": "-159,700", "Invested Capital": "15,594,500", "Tangible Book Value": "-8,062,000", "Total Debt": "10,307,000", "Net Debt": "9,878,400", "Share Issued": "253,233", "Ordinary Shares Number": "237,590", "Treasury Shares Number": "15,643"}}, "cf": {"TTM": {"Duration": "TTM", "Operating Cash Flow": "1,839,000", "Investing Cash Flow": "-145,600", "Financing Cash Flow": "-1,719,800", "End Cash Position": "370,700", "Income Tax Paid Supplemental Data": "101,300", "Interest Paid Supplemental Data": "355,200", "Capital Expenditure": "-49,100", "Issuance of Capital Stock": "60,200", "Issuance of Debt": "7,606,700", "Repayment of Debt": "-8,891,400", "Repurchase of Capital Stock": "-", "Free Cash Flow": "1,789,900"}, "3/31/2020": {"Duration": "3/31/2020", "Operating Cash Flow": "1,543,800", "Investing Cash Flow": "-133,200", "Financing Cash Flow": "-1,438,200", "End Cash Position": "401,000", "Income Tax Paid Supplemental Data": "101,300", "Interest Paid Supplemental Data": "355,200", "Capital Expenditure": "-67,600", "Issuance of Capital Stock": "58,800", "Issuance of Debt": "1,637,900", "Repayment of Debt": "-2,707,800", "Repurchase of Capital Stock": "-", "Free Cash Flow": "1,476,200"}, "3/31/2019": {"Duration": "3/31/2019", "Operating Cash Flow": "1,674,800", "Investing Cash Flow": "-6,811,000", "Financing Cash Flow": "4,663,500", "End Cash Position": "428,600", "Income Tax Paid Supplemental Data": "-", "Interest Paid Supplemental Data": "-", "Capital Expenditure": "-228,900", "Issuance of Capital Stock": "42,600", "Issuance of Debt": "9,406,000", "Repayment of Debt": "-4,296,200", "Repurchase of Capital Stock": "-", "Free Cash Flow": "1,445,900"}}}}, {"MXIM": {"quote": {"03/23/2021": {"value": "88.85", "Market Cap": "23.815B", "Beta (5Y Monthly)": "1.24", "PE Ratio (TTM)": "33.13", "EPS (TTM)": "2.68", "Earnings Date": "Apr 26, 2021 - Apr 30, 2021", "Forward Dividend & Yield": "N/A (N/A)", "Ex-Dividend Date": "Aug 26, 2020", "1y Target Est": "91.92"}, "05/08/2021": {"value": "96.58", "Market Cap": "25.919B", "Beta (5Y Monthly)": "1.20", "PE Ratio (TTM)": "33.40", "EPS (TTM)": "2.89", "Earnings Date": "Jul 26, 2021 - Jul 30, 2021", "Forward Dividend & Yield": "N/A (N/A)", "Ex-Dividend Date": "Aug 26, 2020", "1y Target Est": "96.70"}}, "fin": {"TTM": {"Duration": "TTM", "Total Revenue": "2,458,043", "Cost of Revenue": "819,354", "Gross Profit": "1,638,689", "Operating Expense": "785,366", "Operating Income": "853,323", "Net Non Operating Interest Income Expense": "-16,008", "Other Income Expense": "-15,694", "Pretax Income": "821,621", "Tax Provision": "40,801", "Net Income Common Stockholders": "780,820", "Diluted NI Available to Com Stockholders": "780,820", "Basic EPS": "-", "Diluted EPS": "-", "Basic Average Shares": "-", "Diluted Average Shares": "-", "Total Operating Income as Reported": "840,350", "Total Expenses": "1,604,720", "Net Income from Continuing & Discontinued Operation": "780,820", "Normalized Income": "793,149", "Interest Income": "-", "Interest Expense": "-", "Net Interest Income": "-16,008", "EBIT": "875,459", "EBITDA": "984,735", "Reconciled Cost of Revenue": "713,596", "Reconciled Depreciation": "109,276", "Net Income from Continuing Operation Net Minority Interest": "780,820", "Total Unusual Items Excluding Goodwill": "-12,973", "Total Unusual Items": "-12,973", "Normalized EBITDA": "997,708", "Tax Rate for Calcs": "0", "Tax Effect of Unusual Items": "-644.2281"}, "6/30/2020": {"Duration": "6/30/2020", "Total Revenue": "2,191,395", "Cost of Revenue": "758,743", "Gross Profit": "1,432,652", "Operating Expense": "740,895", "Operating Income": "691,757", "Net Non Operating Interest Income Expense": "-5,577", "Other Income Expense": "-8,084", "Pretax Income": "678,096", "Tax Provision": "23,402", "Net Income Common Stockholders": "654,694", "Diluted NI Available to Com Stockholders": "654,694", "Basic EPS": "2.43", "Diluted EPS": "2.41", "Basic Average Shares": "269,341", "Diluted Average Shares": "272,028", "Total Operating Income as Reported": "686,394", "Total Expenses": "1,499,638", "Net Income from Continuing & Discontinued Operation": "654,694", "Normalized Income": "659,869", "Interest Income": "30,220", "Interest Expense": "35,797", "Net Interest Income": "-5,577", "EBIT": "713,893", "EBITDA": "-", "Reconciled Cost of Revenue": "653,288", "Reconciled Depreciation": "108,533", "Net Income from Continuing Operation Net Minority Interest": "654,694", "Total Unusual Items Excluding Goodwill": "-5,363", "Total Unusual Items": "-5,363", "Normalized EBITDA": "827,789", "Tax Rate for Calcs": "0", "Tax Effect of Unusual Items": "-187.705"}, "6/30/2019": {"Duration": "6/30/2019", "Total Revenue": "2,314,329", "Cost of Revenue": "813,823", "Gross Profit": "1,500,506", "Operating Expense": "747,023", "Operating Income": "753,483", "Net Non Operating Interest Income Expense": "4,301", "Other Income Expense": "-3,363", "Pretax Income": "754,421", "Tax Provision": "-73,065", "Net Income Common Stockholders": "827,486", "Diluted NI Available to Com Stockholders": "827,486", "Basic EPS": "3.01", "Diluted EPS": "2.97", "Basic Average Shares": "274,966", "Diluted Average Shares": "278,777", "Total Operating Income as Reported": "747,098", "Total Expenses": "1,560,846", "Net Income from Continuing & Discontinued Operation": "827,486", "Normalized Income": "833,252", "Interest Income": "47,844", "Interest Expense": "43,543", "Net Interest Income": "4,301", "EBIT": "797,964", "EBITDA": "-", "Reconciled Cost of Revenue": "706,119", "Reconciled Depreciation": "110,745", "Net Income from Continuing Operation Net Minority Interest": "827,486", "Total Unusual Items Excluding Goodwill": "-6,385", "Total Unusual Items": "-6,385", "Normalized EBITDA": "915,094", "Tax Rate for Calcs": "0", "Tax Effect of Unusual Items": "-619.345"}, "6/30/2018": {"Duration": "6/30/2018", "Total Revenue": "2,480,066", "Cost of Revenue": "853,945", "Gross Profit": "1,626,121", "Operating Expense": "776,721", "Operating Income": "849,400", "Net Non Operating Interest Income Expense": "-11,923", "Other Income Expense": "-12,592", "Pretax Income": "824,885", "Tax Provision": "357,567", "Net Income Common Stockholders": "467,318", "Diluted NI Available to Com Stockholders": "467,318", "Basic EPS": "1.66", "Diluted EPS": "1.64", "Basic Average Shares": "280,979", "Diluted Average Shares": "285,674", "Total Operating Income as Reported": "833,448", "Total Expenses": "1,630,666", "Net Income from Continuing & Discontinued Operation": "467,318", "Normalized Income": "478,963", "Interest Income": "38,292", "Interest Expense": "50,215", "Net Interest Income": "-11,923", "EBIT": "875,100", "EBITDA": "-", "Reconciled Cost of Revenue": "713,438", "Reconciled Depreciation": "144,974", "Net Income from Continuing Operation Net Minority Interest": "467,318", "Total Unusual Items Excluding Goodwill": "-15,952", "Total Unusual Items": "-15,952", "Normalized EBITDA": "1,036,026", "Tax Rate for Calcs": "0", "Tax Effect of Unusual Items": "-4,307"}}, "bs": {"6/30/2020": {"Duration": "6/30/2020", "Total Assets": "3,629,303", "Total Liabilities Net Minority Interest": "1,971,846", "Total Equity Gross Minority Interest": "1,657,457", "Total Capitalization": "2,651,479", "Common Stock Equity": "1,657,457", "Net Tangible Assets": "1,006,958", "Working Capital": "1,864,495", "Invested Capital": "2,651,479", "Tangible Book Value": "1,006,958", "Total Debt": "994,022", "Share Issued": "266,797", "Ordinary Shares Number": "266,797"}, "6/30/2019": {"Duration": "6/30/2019", "Total Assets": "3,743,982", "Total Liabilities Net Minority Interest": "1,898,706", "Total Equity Gross Minority Interest": "1,845,276", "Total Capitalization": "2,837,860", "Common Stock Equity": "1,845,276", "Net Tangible Assets": "1,256,783", "Working Capital": "2,168,333", "Invested Capital": "2,837,860", "Tangible Book Value": "1,256,783", "Total Debt": "992,584", "Share Issued": "271,852", "Ordinary Shares Number": "271,852"}, "6/30/2018": {"Duration": "6/30/2018", "Total Assets": "4,451,561", "Total Liabilities Net Minority Interest": "2,520,621", "Total Equity Gross Minority Interest": "1,930,940", "Total Capitalization": "2,922,087", "Common Stock Equity": "1,930,940", "Net Tangible Assets": "1,320,443", "Working Capital": "2,413,014", "Invested Capital": "3,421,493", "Tangible Book Value": "1,320,443", "Total Debt": "1,490,553", "Share Issued": "278,664", "Ordinary Shares Number": "278,664"}}, "cf": {"TTM": {"Duration": "TTM", "Operating Cash Flow": "856,779", "Investing Cash Flow": "-85,699", "Financing Cash Flow": "-369,016", "End Cash Position": "2,040,731", "Income Tax Paid Supplemental Data": "111,179", "Interest Paid Supplemental Data": "34,126", "Capital Expenditure": "-61,122", "Issuance of Debt": "-", "Repayment of Debt": "-", "Repurchase of Capital Stock": "-114,280", "Free Cash Flow": "795,657"}, "6/30/2020": {"Duration": "6/30/2020", "Operating Cash Flow": "800,855", "Investing Cash Flow": "-32,049", "Financing Cash Flow": "-940,720", "End Cash Position": "1,585,428", "Income Tax Paid Supplemental Data": "98,211", "Interest Paid Supplemental Data": "34,126", "Capital Expenditure": "-67,049", "Issuance of Debt": "-", "Repayment of Debt": "0", "Repurchase of Capital Stock": "-440,811", "Free Cash Flow": "733,806"}, "6/30/2019": {"Duration": "6/30/2019", "Operating Cash Flow": "875,840", "Investing Cash Flow": "856,911", "Financing Cash Flow": "-1,518,893", "End Cash Position": "1,757,342", "Income Tax Paid Supplemental Data": "98,104", "Interest Paid Supplemental Data": "40,376", "Capital Expenditure": "-82,823", "Issuance of Debt": "0", "Repayment of Debt": "-500,000", "Repurchase of Capital Stock": "-539,151", "Free Cash Flow": "793,017"}, "6/30/2018": {"Duration": "6/30/2018", "Operating Cash Flow": "819,464", "Investing Cash Flow": "-710,066", "Financing Cash Flow": "-812,035", "End Cash Position": "1,543,484", "Income Tax Paid Supplemental Data": "189,100", "Interest Paid Supplemental Data": "46,625", "Capital Expenditure": "-65,782", "Issuance of Debt": "0", "Repayment of Debt": "0", "Repurchase of Capital Stock": "-407,968", "Free Cash Flow": "753,682"}}}}, {"QRVO": {"quote": {"03/23/2021": {"value": "176.37", "Market Cap": "19.976B", "Beta (5Y Monthly)": "1.43", "PE Ratio (TTM)": "42.43", "EPS (TTM)": "4.16", "Earnings Date": "May 05, 2021 - May 10, 2021", "Forward Dividend & Yield": "N/A (N/A)", "Ex-Dividend Date": "N/A", "1y Target Est": "191.18"}, "05/08/2021": {"value": "184.18", "Market Cap": "20.861B", "Beta (5Y Monthly)": "1.39", "PE Ratio (TTM)": "29.14", "EPS (TTM)": "6.32", "Earnings Date": "Jul 27, 2021 - Aug 02, 2021", "Forward Dividend & Yield": "N/A (N/A)", "Ex-Dividend Date": "N/A", "1y Target Est": "204.13"}}, "fin": {"TTM": {"Duration": "TTM", "Total Revenue": "4,015,307", "Cost of Revenue": "2,131,741", "Gross Profit": "1,883,566", "Operating Expense": "976,939", "Operating Income": "906,627", "Net Non Operating Interest Income Expense": "-75,198", "Other Income Expense": "-24,049", "Pretax Income": "807,380", "Tax Provision": "73,769", "Net Income Common Stockholders": "733,611", "Diluted NI Available to Com Stockholders": "733,611", "Basic EPS": "-", "Diluted EPS": "-", "Basic Average Shares": "-", "Diluted Average Shares": "-", "Total Operating Income as Reported": "906,627", "Total Expenses": "3,108,680", "Net Income from Continuing & Discontinued Operation": "733,611", "Normalized Income": "733,611", "Interest Income": "-", "Interest Expense": "75,198", "Net Interest Income": "-75,198", "EBIT": "882,578", "EBITDA": "882,578", "Reconciled Cost of Revenue": "2,131,741", "Reconciled Depreciation": "-", "Net Income from Continuing Operation Net Minority Interest": "733,611", "Normalized EBITDA": "882,578", "Tax Rate for Calcs": "0", "Tax Effect of Unusual Items": "0"}, "3/31/2020": {"Duration": "3/31/2020", "Total Revenue": "3,239,141", "Cost of Revenue": "1,917,378", "Gross Profit": "1,321,763", "Operating Expense": "898,547", "Operating Income": "423,216", "Net Non Operating Interest Income Expense": "-48,326", "Other Income Expense": "20,199", "Pretax Income": "395,089", "Tax Provision": "60,764", "Net Income Common Stockholders": "334,325", "Diluted NI Available to Com Stockholders": "334,325", "Basic EPS": "2.92", "Diluted EPS": "2.80", "Basic Average Shares": "114,625", "Diluted Average Shares": "119,293", "Total Operating Income as Reported": "423,216", "Total Expenses": "2,815,925", "Net Income from Continuing & Discontinued Operation": "334,325", "Normalized Income": "334,325", "Interest Income": "12,066", "Interest Expense": "60,392", "Net Interest Income": "-48,326", "EBIT": "455,481", "EBITDA": "-", "Reconciled Cost of Revenue": "1,917,378", "Reconciled Depreciation": "468,931", "Net Income from Continuing Operation Net Minority Interest": "334,325", "Normalized EBITDA": "924,412", "Tax Rate for Calcs": "0", "Tax Effect of Unusual Items": "0"}, "3/31/2019": {"Duration": "3/31/2019", "Total Revenue": "3,090,325", "Cost of Revenue": "1,895,142", "Gross Profit": "1,195,183", "Operating Expense": "978,717", "Operating Income": "216,466", "Net Non Operating Interest Income Expense": "-32,992", "Other Income Expense": "-91,682", "Pretax Income": "91,792", "Tax Provision": "-41,333", "Net Income Common Stockholders": "133,125", "Diluted NI Available to Com Stockholders": "133,125", "Basic EPS": "1.12", "Diluted EPS": "1.05", "Basic Average Shares": "119,063", "Diluted Average Shares": "127,356", "Total Operating Income as Reported": "216,466", "Total Expenses": "2,873,859", "Net Income from Continuing & Discontinued Operation": "133,125", "Normalized Income": "133,125", "Interest Income": "10,971", "Interest Expense": "43,963", "Net Interest Income": "-32,992", "EBIT": "135,755", "EBITDA": "-", "Reconciled Cost of Revenue": "1,895,142", "Reconciled Depreciation": "663,097", "Net Income from Continuing Operation Net Minority Interest": "133,125", "Normalized EBITDA": "798,852", "Tax Rate for Calcs": "0", "Tax Effect of Unusual Items": "0"}, "3/31/2018": {"Duration": "3/31/2018", "Total Revenue": "2,973,536", "Cost of Revenue": "1,826,570", "Gross Profit": "1,146,966", "Operating Expense": "1,076,684", "Operating Income": "70,282", "Net Non Operating Interest Income Expense": "-52,531", "Other Income Expense": "-606", "Pretax Income": "17,145", "Tax Provision": "57,433", "Net Income Common Stockholders": "-40,288", "Diluted NI Available to Com Stockholders": "-40,288", "Basic EPS": "-0.32", "Diluted EPS": "-0.32", "Basic Average Shares": "126,322", "Diluted Average Shares": "126,946", "Total Operating Income as Reported": "70,282", "Total Expenses": "2,903,254", "Net Income from Continuing & Discontinued Operation": "-40,288", "Normalized Income": "-40,288", "Interest Income": "7,017", "Interest Expense": "59,548", "Net Interest Income": "-52,531", "EBIT": "76,693", "EBITDA": "-", "Reconciled Cost of Revenue": "1,826,570", "Reconciled Depreciation": "714,215", "Net Income from Continuing Operation Net Minority Interest": "-40,288", "Normalized EBITDA": "790,908", "Tax Rate for Calcs": "0", "Tax Effect of Unusual Items": "0"}, "3/31/2021": {"Duration": "3/31/2021", "Total Revenue": "4,015,307", "Cost of Revenue": "2,131,741", "Gross Profit": "1,883,566", "Operating Expense": "976,939", "Operating Income": "906,627", "Net Non Operating Interest Income Expense": "-75,198", "Other Income Expense": "-24,049", "Pretax Income": "807,380", "Tax Provision": "73,769", "Net Income Common Stockholders": "733,611", "Diluted NI Available to Com Stockholders": "733,611", "Basic EPS": "-", "Diluted EPS": "-", "Basic Average Shares": "-", "Diluted Average Shares": "-", "Total Operating Income as Reported": "906,627", "Total Expenses": "3,108,680", "Net Income from Continuing & Discontinued Operation": "733,611", "Normalized Income": "733,611", "Interest Income": "-", "Interest Expense": "75,198", "Net Interest Income": "-75,198", "EBIT": "882,578", "EBITDA": "-", "Reconciled Cost of Revenue": "2,131,741", "Reconciled Depreciation": "-", "Net Income from Continuing Operation Net Minority Interest": "733,611", "Normalized EBITDA": "882,578", "Tax Rate for Calcs": "0", "Tax Effect of Unusual Items": "0"}}, "bs": {"3/31/2021": {"Duration": "3/31/2021", "Total Assets": "7,221,470", "Total Liabilities Net Minority Interest": "2,592,045", "Total Equity Gross Minority Interest": "4,629,425", "Total Capitalization": "6,371,975", "Common Stock Equity": "4,629,425", "Net Tangible Assets": "1,375,562", "Working Capital": "1,802,223", "Invested Capital": "1,742,550", "Tangible Book Value": "1,375,562", "Total Debt": "1,742,550", "Net Debt": "344,670", "Share Issued": "113,263", "Ordinary Shares Number": "113,263"}, "3/31/2020": {"Duration": "3/31/2020", "Total Assets": "6,560,682", "Total Liabilities Net Minority Interest": "2,268,017", "Total Equity Gross Minority Interest": "4,292,665", "Total Capitalization": "5,859,896", "Common Stock Equity": "4,292,665", "Net Tangible Assets": "869,499", "Working Capital": "1,151,499", "Invested Capital": "5,866,789", "Tangible Book Value": "869,499", "Total Debt": "1,574,124", "Net Debt": "859,185", "Share Issued": "114,625", "Ordinary Shares Number": "114,625"}, "3/31/2019": {"Duration": "3/31/2019", "Total Assets": "5,808,024", "Total Liabilities Net Minority Interest": "1,448,345", "Total Equity Gross Minority Interest": "4,359,679", "Total Capitalization": "5,278,949", "Common Stock Equity": "4,359,679", "Net Tangible Assets": "1,777,580", "Working Capital": "1,249,227", "Invested Capital": "5,278,949", "Tangible Book Value": "1,777,580", "Total Debt": "919,270", "Net Debt": "208,235", "Share Issued": "119,063", "Ordinary Shares Number": "119,063"}}, "cf": {"TTM": {"Duration": "TTM", "Operating Cash Flow": "-", "Investing Cash Flow": "-", "Financing Cash Flow": "-", "End Cash Position": "-", "Income Tax Paid Supplemental Data": "-", "Interest Paid Supplemental Data": "-", "Capital Expenditure": "-", "Issuance of Capital Stock": "-", "Issuance of Debt": "-", "Repayment of Debt": "-", "Repurchase of Capital Stock": "-", "Free Cash Flow": "-"}, "3/31/2020": {"Duration": "3/31/2020", "Operating Cash Flow": "945,646", "Investing Cash Flow": "-1,105,742", "Financing Cash Flow": "165,559", "End Cash Position": "715,612", "Income Tax Paid Supplemental Data": "55,513", "Interest Paid Supplemental Data": "54,445", "Capital Expenditure": "-164,104", "Issuance of Capital Stock": "50,198", "Issuance of Debt": "659,000", "Repayment of Debt": "-", "Repurchase of Capital Stock": "-515,131", "Free Cash Flow": "781,542"}, "3/31/2019": {"Duration": "3/31/2019", "Operating Cash Flow": "810,364", "Investing Cash Flow": "-247,554", "Financing Cash Flow": "-776,664", "End Cash Position": "711,382", "Income Tax Paid Supplemental Data": "69,453", "Interest Paid Supplemental Data": "64,853", "Capital Expenditure": "-220,937", "Issuance of Capital Stock": "41,289", "Issuance of Debt": "905,350", "Repayment of Debt": "-1,050,680", "Repurchase of Capital Stock": "-638,074", "Free Cash Flow": "589,427"}}}}, {"MANY": {"quote": {"03/23/2021": {"value": "", "Net Assets": "N/A", "Beta (5Y Monthly)": "N/A", "Yield": "N/A", "5y Average Return": "N/A", "Holdings Turnover": "N/A", "Last Dividend": "N/A", "Average for Category": "N/A", "Inception Date": "N/A"}, "05/08/2021": {"value": "", "Net Assets": "N/A", "Beta (5Y Monthly)": "N/A", "Yield": "N/A", "5y Average Return": "N/A", "Holdings Turnover": "N/A", "Last Dividend": "N/A", "Average for Category": "N/A", "Inception Date": "N/A"}}, "fin": {}, "bs": {}, "cf": {}}}, {"NXPI": {"quote": {"03/23/2021": {"value": "191.62", "Market Cap": "53.08B", "Beta (5Y Monthly)": "1.49", "PE Ratio (TTM)": "1,064.56", "EPS (TTM)": "0.18", "Earnings Date": "Apr 26, 2021 - Apr 30, 2021", "Forward Dividend & Yield": "2.25 (1.12%)", "Ex-Dividend Date": "Mar 12, 2021", "1y Target Est": "206.08"}, "03/28/2021": {"value": "199.00", "Market Cap": "55.125B", "Beta (5Y Monthly)": "1.49", "PE Ratio (TTM)": "1,105.56", "EPS (TTM)": "0.18", "Earnings Date": "Apr 26, 2021 - Apr 30, 2021", "Forward Dividend & Yield": "2.25 (1.13%)", "Ex-Dividend Date": "Mar 12, 2021", "1y Target Est": "206.08"}, "05/08/2021": {"value": "197.92", "Market Cap": "54.576B", "Beta (5Y Monthly)": "1.44", "PE Ratio (TTM)": "131.77", "EPS (TTM)": "1.50", "Earnings Date": "Jul 26, 2021 - Jul 30, 2021", "Forward Dividend & Yield": "2.25 (1.17%)", "Ex-Dividend Date": "Mar 12, 2021", "1y Target Est": "224.21"}}, "fin": {"TTM": {"Duration": "TTM", "Total Revenue": "9,158,000", "Cost of Revenue": "4,565,000", "Gross Profit": "4,593,000", "Operating Expense": "3,755,000", "Operating Income": "838,000", "Net Non Operating Interest Income Expense": "-347,000", "Other Income Expense": "-75,000", "Pretax Income": "416,000", "Tax Provision": "-45,000", "Earnings from Equity Interest Net of Tax": "-4,000", "Net Income Common Stockholders": "426,000", "Diluted NI Available to Com Stockholders": "426,000", "Basic EPS": "-", "Diluted EPS": "-", "Basic Average Shares": "-", "Diluted Average Shares": "-", "Total Operating Income as Reported": "842,000", "Total Expenses": "8,320,000", "Net Income from Continuing & Discontinued Operation": "426,000", "Normalized Income": "473,400", "Interest Income": "10,000", "Interest Expense": "367,000", "Net Interest Income": "-347,000", "EBIT": "783,000", "EBITDA": "2,572,000", "Reconciled Cost of Revenue": "3,902,000", "Reconciled Depreciation": "1,789,000", "Net Income from Continuing Operation Net Minority Interest": "426,000", "Total Unusual Items Excluding Goodwill": "-79,000", "Total Unusual Items": "-79,000", "Normalized EBITDA": "2,651,000", "Tax Rate for Calcs": "0", "Tax Effect of Unusual Items": "-31,600"}, "12/31/2020": {"Duration": "12/31/2020", "Total Revenue": "8,612,000", "Cost of Revenue": "4,377,000", "Gross Profit": "4,235,000", "Operating Expense": "3,931,000", "Operating Income": "304,000", "Net Non Operating Interest Income Expense": "-341,000", "Other Income Expense": "38,000", "Pretax Income": "1,000", "Tax Provision": "-83,000", "Earnings from Equity Interest Net of Tax": "-4,000", "Net Income Common Stockholders": "52,000", "Diluted NI Available to Com Stockholders": "52,000", "Basic EPS": "0.19", "Diluted EPS": "0.18", "Basic Average Shares": "279,763", "Diluted Average Shares": "283,809", "Total Operating Income as Reported": "418,000", "Total Expenses": "8,308,000", "Net Income from Continuing & Discontinued Operation": "52,000", "Normalized Income": "109,000", "Interest Income": "13,000", "Interest Expense": "362,000", "Net Interest Income": "-341,000", "EBIT": "363,000", "EBITDA": "-", "Reconciled Cost of Revenue": "3,716,000", "Reconciled Depreciation": "1,988,000", "Net Income from Continuing Operation Net Minority Interest": "52,000", "Total Unusual Items Excluding Goodwill": "-76,000", "Total Unusual Items": "-76,000", "Normalized EBITDA": "2,427,000", "Tax Rate for Calcs": "0", "Tax Effect of Unusual Items": "-19,000"}, "12/31/2019": {"Duration": "12/31/2019", "Total Revenue": "8,877,000", "Cost of Revenue": "4,259,000", "Gross Profit": "4,618,000", "Operating Expense": "4,002,000", "Operating Income": "616,000", "Net Non Operating Interest Income Expense": "-324,000", "Other Income Expense": "-1,000", "Pretax Income": "291,000", "Tax Provision": "20,000", "Earnings from Equity Interest Net of Tax": "1,000", "Net Income Common Stockholders": "243,000", "Diluted NI Available to Com Stockholders": "243,000", "Basic EPS": "0.86", "Diluted EPS": "0.85", "Basic Average Shares": "282,056", "Diluted Average Shares": "285,911", "Total Operating Income as Reported": "641,000", "Total Expenses": "8,261,000", "Net Income from Continuing & Discontinued Operation": "243,000", "Normalized Income": "209,484", "Interest Income": "57,000", "Interest Expense": "370,000", "Net Interest Income": "-324,000", "EBIT": "661,000", "EBITDA": "-", "Reconciled Cost of Revenue": "3,647,000", "Reconciled Depreciation": "2,047,000", "Net Income from Continuing Operation Net Minority Interest": "243,000", "Total Unusual Items Excluding Goodwill": "36,000", "Total Unusual Items": "36,000", "Normalized EBITDA": "2,672,000", "Tax Rate for Calcs": "0", "Tax Effect of Unusual Items": "2,484"}, "12/31/2018": {"Duration": "12/31/2018", "Total Revenue": "9,407,000", "Cost of Revenue": "4,556,000", "Gross Profit": "4,851,000", "Operating Expense": "4,142,000", "Operating Income": "709,000", "Net Non Operating Interest Income Expense": "-295,000", "Other Income Expense": "1,961,000", "Pretax Income": "2,375,000", "Tax Provision": "176,000", "Earnings from Equity Interest Net of Tax": "59,000", "Net Income Common Stockholders": "2,208,000", "Diluted NI Available to Com Stockholders": "2,208,000", "Basic EPS": "6.78", "Diluted EPS": "6.72", "Basic Average Shares": "325,781", "Diluted Average Shares": "328,606", "Total Operating Income as Reported": "2,710,000", "Total Expenses": "8,698,000", "Net Income from Continuing & Discontinued Operation": "2,208,000", "Normalized Income": "2,208,000", "Interest Income": "48,000", "Interest Expense": "273,000", "Net Interest Income": "-295,000", "EBIT": "2,648,000", "EBITDA": "-", "Reconciled Cost of Revenue": "4,018,000", "Reconciled Depreciation": "1,987,000", "Net Income from Continuing Operation Net Minority Interest": "2,208,000", "Total Unusual Items Excluding Goodwill": "0", "Total Unusual Items": "0", "Normalized EBITDA": "4,635,000", "Tax Rate for Calcs": "0", "Tax Effect of Unusual Items": "0"}}, "bs": {"12/31/2020": {"Duration": "12/31/2020", "Total Assets": "19,847,000", "Total Liabilities Net Minority Interest": "10,696,000", "Total Equity Gross Minority Interest": "9,151,000", "Total Capitalization": "16,553,000", "Common Stock Equity": "8,944,000", "Net Tangible Assets": "-3,282,000", "Working Capital": "2,307,000", "Invested Capital": "16,553,000", "Tangible Book Value": "-3,282,000", "Total Debt": "7,609,000", "Net Debt": "5,334,000", "Share Issued": "289,520", "Ordinary Shares Number": "280,475", "Treasury Shares Number": "9,045"}, "12/31/2019": {"Duration": "12/31/2019", "Total Assets": "20,016,000", "Total Liabilities Net Minority Interest": "10,361,000", "Total Equity Gross Minority Interest": "9,655,000", "Total Capitalization": "16,806,000", "Common Stock Equity": "9,441,000", "Net Tangible Assets": "-4,128,000", "Working Capital": "1,476,000", "Invested Capital": "16,806,000", "Tangible Book Value": "-4,128,000", "Total Debt": "7,365,000", "Net Debt": "6,320,000", "Share Issued": "315,520", "Ordinary Shares Number": "281,437", "Treasury Shares Number": "34,082"}, "12/31/2018": {"Duration": "12/31/2018", "Total Assets": "21,530,000", "Total Liabilities Net Minority Interest": "10,840,000", "Total Equity Gross Minority Interest": "10,690,000", "Total Capitalization": "16,752,000", "Common Stock Equity": "10,505,000", "Net Tangible Assets": "-2,819,000", "Working Capital": "1,840,000", "Invested Capital": "17,859,000", "Tangible Book Value": "-2,819,000", "Total Debt": "7,354,000", "Net Debt": "4,565,000", "Share Issued": "328,703", "Ordinary Shares Number": "292,790", "Treasury Shares Number": "35,913"}}, "cf": {"TTM": {"Duration": "TTM", "Operating Cash Flow": "2,702,000", "Investing Cash Flow": "-562,000", "Financing Cash Flow": "-1,383,000", "End Cash Position": "1,836,000", "Income Tax Paid Supplemental Data": "-", "Interest Paid Supplemental Data": "-", "Capital Expenditure": "-521,000", "Issuance of Debt": "-", "Repayment of Debt": "-", "Repurchase of Capital Stock": "-1,177,000", "Free Cash Flow": "2,181,000"}, "12/31/2020": {"Duration": "12/31/2020", "Operating Cash Flow": "2,482,000", "Investing Cash Flow": "-418,000", "Financing Cash Flow": "-835,000", "End Cash Position": "2,275,000", "Income Tax Paid Supplemental Data": "148,000", "Interest Paid Supplemental Data": "336,000", "Capital Expenditure": "-522,000", "Issuance of Debt": "2,000,000", "Repayment of Debt": "-1,809,000", "Repurchase of Capital Stock": "-627,000", "Free Cash Flow": "1,960,000"}, "12/31/2019": {"Duration": "12/31/2019", "Operating Cash Flow": "2,373,000", "Investing Cash Flow": "-2,284,000", "Financing Cash Flow": "-1,831,000", "End Cash Position": "1,045,000", "Income Tax Paid Supplemental Data": "368,000", "Interest Paid Supplemental Data": "242,000", "Capital Expenditure": "-628,000", "Issuance of Debt": "1,894,000", "Repayment of Debt": "-1,750,000", "Repurchase of Capital Stock": "-1,443,000", "Free Cash Flow": "1,745,000"}, "12/31/2018": {"Duration": "12/31/2018", "Operating Cash Flow": "4,369,000", "Investing Cash Flow": "-522,000", "Financing Cash Flow": "-4,597,000", "End Cash Position": "2,789,000", "Income Tax Paid Supplemental Data": "188,000", "Interest Paid Supplemental Data": "177,000", "Capital Expenditure": "-661,000", "Issuance of Debt": "2,997,000", "Repayment of Debt": "-2,274,000", "Repurchase of Capital Stock": "-5,006,000", "Free Cash Flow": "3,708,000"}}}}, {"STM": {"quote": {"03/23/2021": {"value": "37.01", "Market Cap": "33.223B", "Beta (5Y Monthly)": "1.30", "PE Ratio (TTM)": "30.84", "EPS (TTM)": "1.20", "Earnings Date": "Nov 28, 2016 - Nov 29, 2016", "Forward Dividend & Yield": "0.17 (0.44%)", "Ex-Dividend Date": "Mar 22, 2021", "1y Target Est": "44.94"}, "05/08/2021": {"value": "37.33", "Market Cap": "33.595B", "Beta (5Y Monthly)": "1.35", "PE Ratio (TTM)": "27.05", "EPS (TTM)": "1.38", "Earnings Date": "Nov 28, 2016 - Nov 29, 2016", "Forward Dividend & Yield": "0.24 (0.64%)", "Ex-Dividend Date": "Jun 21, 2021", "1y Target Est": "45.56"}}, "fin": {"TTM": {"Duration": "TTM", "Total Revenue": "11,004,000", "Cost of Revenue": "6,886,000", "Gross Profit": "4,118,000", "Operating Expense": "2,561,000", "Operating Income": "1,557,000", "Net Non Operating Interest Income Expense": "-30,000", "Other Income Expense": "-58,000", "Pretax Income": "1,469,000", "Tax Provision": "186,000", "Net Income Common Stockholders": "1,278,000", "Average Dilution Earnings": "-", "Diluted NI Available to Com Stockholders": "1,278,000", "Basic EPS": "-", "Diluted EPS": "-", "Basic Average Shares": "-", "Diluted Average Shares": "-", "Total Operating Income as Reported": "1,532,000", "Total Expenses": "9,447,000", "Net Income from Continuing & Discontinued Operation": "1,278,000", "Normalized Income": "1,322,543", "Interest Income": "-", "Interest Expense": "-", "Net Interest Income": "-30,000", "EBIT": "1,563,000", "EBITDA": "2,531,000", "Reconciled Cost of Revenue": "6,886,000", "Reconciled Depreciation": "968,000", "Net Income from Continuing Operation Net Minority Interest": "1,278,000", "Total Unusual Items Excluding Goodwill": "-51,000", "Total Unusual Items": "-51,000", "Normalized EBITDA": "2,582,000", "Tax Rate for Calcs": "0", "Tax Effect of Unusual Items": "-6,457"}, "12/31/2020": {"Duration": "12/31/2020", "Total Revenue": "10,219,000", "Cost of Revenue": "6,430,000", "Gross Profit": "3,789,000", "Operating Expense": "2,438,000", "Operating Income": "1,351,000", "Net Non Operating Interest Income Expense": "-20,000", "Other Income Expense": "-64,000", "Pretax Income": "1,267,000", "Tax Provision": "159,000", "Net Income Common Stockholders": "1,106,000", "Average Dilution Earnings": "-", "Diluted NI Available to Com Stockholders": "1,106,000", "Basic EPS": "1.24", "Diluted EPS": "1.20", "Basic Average Shares": "894,578", "Diluted Average Shares": "919,730", "Total Operating Income as Reported": "1,323,000", "Total Expenses": "8,868,000", "Net Income from Continuing & Discontinued Operation": "1,106,000", "Normalized Income": "1,156,460", "Interest Income": "34,000", "Interest Expense": "54,000", "Net Interest Income": "-20,000", "EBIT": "1,321,000", "EBITDA": "-", "Reconciled Cost of Revenue": "6,430,000", "Reconciled Depreciation": "923,000", "Net Income from Continuing Operation Net Minority Interest": "1,106,000", "Total Unusual Items Excluding Goodwill": "-58,000", "Total Unusual Items": "-58,000", "Normalized EBITDA": "2,302,000", "Tax Rate for Calcs": "0", "Tax Effect of Unusual Items": "-7,540"}, "12/31/2019": {"Duration": "12/31/2019", "Total Revenue": "9,556,000", "Cost of Revenue": "5,860,000", "Gross Profit": "3,696,000", "Operating Expense": "2,475,000", "Operating Income": "1,221,000", "Net Non Operating Interest Income Expense": "1,000", "Other Income Expense": "-33,000", "Pretax Income": "1,189,000", "Tax Provision": "156,000", "Net Income Common Stockholders": "1,032,000", "Average Dilution Earnings": "-", "Diluted NI Available to Com Stockholders": "1,032,000", "Basic EPS": "1.15", "Diluted EPS": "1.14", "Basic Average Shares": "897,391", "Diluted Average Shares": "903,600", "Total Operating Income as Reported": "1,203,000", "Total Expenses": "8,335,000", "Net Income from Continuing & Discontinued Operation": "1,032,000", "Normalized Income": "1,031,130", "Interest Income": "55,000", "Interest Expense": "54,000", "Net Interest Income": "1,000", "EBIT": "1,243,000", "EBITDA": "-", "Reconciled Cost of Revenue": "5,860,000", "Reconciled Depreciation": "854,000", "Net Income from Continuing Operation Net Minority Interest": "1,032,000", "Total Unusual Items Excluding Goodwill": "1,000", "Total Unusual Items": "1,000", "Normalized EBITDA": "2,096,000", "Tax Rate for Calcs": "0", "Tax Effect of Unusual Items": "130"}, "12/31/2018": {"Duration": "12/31/2018", "Total Revenue": "9,664,000", "Cost of Revenue": "5,803,000", "Gross Profit": "3,861,000", "Operating Expense": "2,454,000", "Operating Income": "1,407,000", "Net Non Operating Interest Income Expense": "-7,000", "Other Income Expense": "-11,000", "Pretax Income": "1,389,000", "Tax Provision": "96,000", "Net Income Common Stockholders": "1,287,000", "Average Dilution Earnings": "-", "Diluted NI Available to Com Stockholders": "1,287,000", "Basic EPS": "1.81", "Diluted EPS": "1.80", "Basic Average Shares": "899,363", "Diluted Average Shares": "906,783", "Total Operating Income as Reported": "1,400,000", "Total Expenses": "8,257,000", "Net Income from Continuing & Discontinued Operation": "1,287,000", "Normalized Income": "1,303,740", "Interest Income": "47,000", "Interest Expense": "54,000", "Net Interest Income": "-7,000", "EBIT": "1,443,000", "EBITDA": "-", "Reconciled Cost of Revenue": "5,803,000", "Reconciled Depreciation": "791,000", "Net Income from Continuing Operation Net Minority Interest": "1,287,000", "Total Unusual Items Excluding Goodwill": "-18,000", "Total Unusual Items": "-18,000", "Normalized EBITDA": "2,252,000", "Tax Rate for Calcs": "0", "Tax Effect of Unusual Items": "-1,260"}}, "bs": {"12/31/2020": {"Duration": "12/31/2020", "Total Assets": "14,454,000", "Total Liabilities Net Minority Interest": "5,948,000", "Total Equity Gross Minority Interest": "8,506,000", "Total Capitalization": "10,274,000", "Common Stock Equity": "8,448,000", "Capital Lease Obligations": "196,000", "Net Tangible Assets": "7,673,000", "Working Capital": "4,557,000", "Invested Capital": "11,069,000", "Tangible Book Value": "7,673,000", "Total Debt": "2,817,000", "Share Issued": "911,239", "Ordinary Shares Number": "905,415", "Treasury Shares Number": "5,824"}, "12/31/2019": {"Duration": "12/31/2019", "Total Assets": "11,868,000", "Total Liabilities Net Minority Interest": "4,757,000", "Total Equity Gross Minority Interest": "7,111,000", "Total Capitalization": "8,942,000", "Common Stock Equity": "7,043,000", "Capital Lease Obligations": "55,000", "Net Tangible Assets": "6,582,000", "Working Capital": "4,193,000", "Invested Capital": "9,115,000", "Tangible Book Value": "6,582,000", "Total Debt": "2,127,000", "Share Issued": "911,187", "Ordinary Shares Number": "891,434", "Treasury Shares Number": "19,752"}, "12/31/2018": {"Duration": "12/31/2018", "Total Assets": "10,867,000", "Total Liabilities Net Minority Interest": "4,443,000", "Total Equity Gross Minority Interest": "6,424,000", "Total Capitalization": "8,123,000", "Common Stock Equity": "6,359,000", "Capital Lease Obligations": "-", "Net Tangible Assets": "6,026,000", "Working Capital": "3,734,000", "Invested Capital": "8,269,000", "Tangible Book Value": "6,026,000", "Total Debt": "1,910,000", "Share Issued": "911,157", "Ordinary Shares Number": "898,305", "Treasury Shares Number": "12,852"}}, "cf": {"TTM": {"Duration": "TTM", "Operating Cash Flow": "2,376,000", "Investing Cash Flow": "-1,635,000", "Financing Cash Flow": "673,000", "End Cash Position": "-", "Income Tax Paid Supplemental Data": "-", "Interest Paid Supplemental Data": "-", "Capital Expenditure": "-1,497,000", "Issuance of Debt": "-", "Repayment of Debt": "-", "Repurchase of Capital Stock": "-", "Free Cash Flow": "879,000"}, "12/31/2020": {"Duration": "12/31/2020", "Operating Cash Flow": "2,093,000", "Investing Cash Flow": "-2,043,000", "Financing Cash Flow": "348,000", "End Cash Position": "3,006,000", "Income Tax Paid Supplemental Data": "138,000", "Interest Paid Supplemental Data": "7,000", "Capital Expenditure": "-1,358,000", "Issuance of Debt": "1,571,000", "Repayment of Debt": "-893,000", "Repurchase of Capital Stock": "-125,000", "Free Cash Flow": "735,000"}, "12/31/2019": {"Duration": "12/31/2019", "Operating Cash Flow": "1,869,000", "Investing Cash Flow": "-1,172,000", "Financing Cash Flow": "-343,000", "End Cash Position": "2,607,000", "Income Tax Paid Supplemental Data": "130,000", "Interest Paid Supplemental Data": "13,000", "Capital Expenditure": "-1,250,000", "Issuance of Debt": "281,000", "Repayment of Debt": "-144,000", "Repurchase of Capital Stock": "-250,000", "Free Cash Flow": "619,000"}, "12/31/2018": {"Duration": "12/31/2018", "Operating Cash Flow": "1,845,000", "Investing Cash Flow": "-1,212,000", "Financing Cash Flow": "-122,000", "End Cash Position": "2,266,000", "Income Tax Paid Supplemental Data": "60,000", "Interest Paid Supplemental Data": "12,000", "Capital Expenditure": "-1,313,000", "Issuance of Debt": "281,000", "Repayment of Debt": "-103,000", "Repurchase of Capital Stock": "-62,000", "Free Cash Flow": "532,000"}}}}, {"VSH": {"quote": {"03/23/2021": {"value": "23.53", "Market Cap": "3.406B", "Beta (5Y Monthly)": "1.44", "PE Ratio (TTM)": "27.71", "EPS (TTM)": "0.85", "Earnings Date": "May 10, 2021 - May 14, 2021", "Forward Dividend & Yield": "0.38 (1.56%)", "Ex-Dividend Date": "Mar 16, 2021", "1y Target Est": "23.40"}, "05/08/2021": {"value": "24.59", "Market Cap": "3.561B", "Beta (5Y Monthly)": "1.43", "PE Ratio (TTM)": "21.38", "EPS (TTM)": "1.15", "Earnings Date": "Aug 02, 2021 - Aug 06, 2021", "Forward Dividend & Yield": "0.38 (1.55%)", "Ex-Dividend Date": "Mar 16, 2021", "1y Target Est": "26.00"}}, "fin": {"TTM": {"Duration": "TTM", "Total Revenue": "2,653,689", "Cost of Revenue": "2,016,077", "Gross Profit": "637,612", "Operating Expense": "377,303", "Operating Income": "260,309", "Net Non Operating Interest Income Expense": "-25,237", "Other Income Expense": "-25,721", "Pretax Income": "209,351", "Tax Provision": "41,309", "Net Income Common Stockholders": "167,139", "Average Dilution Earnings": "-", "Diluted NI Available to Com Stockholders": "167,139", "Basic EPS": "-", "Diluted EPS": "-", "Basic Average Shares": "-", "Diluted Average Shares": "-", "Total Operating Income as Reported": "259,566", "Total Expenses": "2,393,380", "Net Income from Continuing & Discontinued Operation": "167,139", "Normalized Income": "176,674", "Interest Income": "2,142", "Interest Expense": "27,379", "Net Interest Income": "-25,237", "EBIT": "236,730", "EBITDA": "403,586", "Reconciled Cost of Revenue": "2,016,077", "Reconciled Depreciation": "166,856", "Net Income from Continuing Operation Net Minority Interest": "167,139", "Total Unusual Items Excluding Goodwill": "-11,879", "Total Unusual Items": "-11,879", "Normalized EBITDA": "415,465", "Tax Rate for Calcs": "0", "Tax Effect of Unusual Items": "-2,344"}, "12/31/2020": {"Duration": "12/31/2020", "Total Revenue": "2,501,898", "Cost of Revenue": "1,919,995", "Gross Profit": "581,903", "Operating Expense": "371,450", "Operating Income": "210,453", "Net Non Operating Interest Income Expense": "-27,846", "Other Income Expense": "-24,279", "Pretax Income": "158,328", "Tax Provision": "34,545", "Net Income Common Stockholders": "122,923", "Average Dilution Earnings": "-", "Diluted NI Available to Com Stockholders": "122,923", "Basic EPS": "-", "Diluted EPS": "-", "Basic Average Shares": "-", "Diluted Average Shares": "-", "Total Operating Income as Reported": "209,710", "Total Expenses": "2,291,445", "Net Income from Continuing & Discontinued Operation": "122,923", "Normalized Income": "131,243", "Interest Income": "3,709", "Interest Expense": "31,555", "Net Interest Income": "-27,846", "EBIT": "189,883", "EBITDA": "-", "Reconciled Cost of Revenue": "1,919,995", "Reconciled Depreciation": "166,230", "Net Income from Continuing Operation Net Minority Interest": "122,923", "Total Unusual Items Excluding Goodwill": "-10,640", "Total Unusual Items": "-10,640", "Normalized EBITDA": "366,753", "Tax Rate for Calcs": "0", "Tax Effect of Unusual Items": "-2,320"}, "12/31/2019": {"Duration": "12/31/2019", "Total Revenue": "2,668,305", "Cost of Revenue": "1,997,105", "Gross Profit": "671,200", "Operating Expense": "384,631", "Operating Income": "286,569", "Net Non Operating Interest Income Expense": "-25,238", "Other Income Expense": "-35,033", "Pretax Income": "226,298", "Tax Provision": "61,508", "Net Income Common Stockholders": "163,936", "Average Dilution Earnings": "-", "Diluted NI Available to Com Stockholders": "163,936", "Basic EPS": "1.13", "Diluted EPS": "1.13", "Basic Average Shares": "144,608", "Diluted Average Shares": "145,136", "Total Operating Income as Reported": "262,430", "Total Expenses": "2,381,736", "Net Income from Continuing & Discontinued Operation": "163,936", "Normalized Income": "179,322", "Interest Income": "8,445", "Interest Expense": "33,683", "Net Interest Income": "-25,238", "EBIT": "259,981", "EBITDA": "-", "Reconciled Cost of Revenue": "1,997,105", "Reconciled Depreciation": "164,461", "Net Income from Continuing Operation Net Minority Interest": "163,936", "Total Unusual Items Excluding Goodwill": "-21,135", "Total Unusual Items": "-21,135", "Normalized EBITDA": "445,577", "Tax Rate for Calcs": "0", "Tax Effect of Unusual Items": "-5,749"}, "12/31/2018": {"Duration": "12/31/2018", "Total Revenue": "3,034,689", "Cost of Revenue": "2,146,165", "Gross Profit": "888,524", "Operating Expense": "403,404", "Operating Income": "485,120", "Net Non Operating Interest Income Expense": "-24,740", "Other Income Expense": "-43,604", "Pretax Income": "416,776", "Tax Provision": "70,239", "Net Income Common Stockholders": "345,758", "Average Dilution Earnings": "-", "Diluted NI Available to Com Stockholders": "345,758", "Basic EPS": "2.39", "Diluted EPS": "2.24", "Basic Average Shares": "144,370", "Diluted Average Shares": "154,622", "Total Operating Income as Reported": "485,120", "Total Expenses": "2,549,569", "Net Income from Continuing & Discontinued Operation": "345,758", "Normalized Income": "370,871", "Interest Income": "11,940", "Interest Expense": "36,680", "Net Interest Income": "-24,740", "EBIT": "453,456", "EBITDA": "-", "Reconciled Cost of Revenue": "2,146,165", "Reconciled Depreciation": "161,863", "Net Income from Continuing Operation Net Minority Interest": "345,758", "Total Unusual Items Excluding Goodwill": "-30,220", "Total Unusual Items": "-30,220", "Normalized EBITDA": "645,539", "Tax Rate for Calcs": "0", "Tax Effect of Unusual Items": "-5,107"}}, "bs": {"12/31/2020": {"Duration": "12/31/2020", "Total Assets": "3,154,473", "Total Liabilities Net Minority Interest": "1,575,288", "Total Equity Gross Minority Interest": "1,579,185", "Total Capitalization": "1,971,271", "Common Stock Equity": "1,576,385", "Capital Lease Obligations": "108,294", "Net Tangible Assets": "1,351,407", "Working Capital": "1,134,913", "Invested Capital": "1,971,271", "Tangible Book Value": "1,351,407", "Total Debt": "503,180", "Share Issued": "144,658", "Ordinary Shares Number": "144,658"}, "12/31/2019": {"Duration": "12/31/2019", "Total Assets": "3,120,775", "Total Liabilities Net Minority Interest": "1,632,912", "Total Equity Gross Minority Interest": "1,487,863", "Total Capitalization": "1,984,470", "Common Stock Equity": "1,485,323", "Capital Lease Obligations": "98,728", "Net Tangible Assets": "1,274,022", "Working Capital": "1,183,688", "Invested Capital": "1,984,472", "Tangible Book Value": "1,274,022", "Total Debt": "597,877", "Share Issued": "144,446", "Ordinary Shares Number": "144,446"}, "12/31/2018": {"Duration": "12/31/2018", "Total Assets": "3,106,198", "Total Liabilities Net Minority Interest": "1,719,512", "Total Equity Gross Minority Interest": "1,386,686", "Total Capitalization": "1,878,909", "Common Stock Equity": "1,384,400", "Capital Lease Obligations": "-", "Net Tangible Assets": "1,171,232", "Working Capital": "1,139,780", "Invested Capital": "1,878,927", "Tangible Book Value": "1,171,232", "Total Debt": "494,527", "Share Issued": "144,215", "Ordinary Shares Number": "144,215"}}, "cf": {"TTM": {"Duration": "TTM", "Operating Cash Flow": "337,782", "Investing Cash Flow": "-142,153", "Financing Cash Flow": "-243,906", "End Cash Position": "632,426", "Capital Expenditure": "-127,798", "Issuance of Debt": "-54,085", "Repayment of Debt": "-132,134", "Repurchase of Capital Stock": "-", "Free Cash Flow": "209,984"}, "12/31/2020": {"Duration": "12/31/2020", "Operating Cash Flow": "314,938", "Investing Cash Flow": "-192,084", "Financing Cash Flow": "-209,382", "End Cash Position": "619,874", "Capital Expenditure": "-123,599", "Issuance of Debt": "0", "Repayment of Debt": "-151,683", "Repurchase of Capital Stock": "-", "Free Cash Flow": "191,339"}, "12/31/2019": {"Duration": "12/31/2019", "Operating Cash Flow": "296,444", "Investing Cash Flow": "-194,958", "Financing Cash Flow": "-90,025", "End Cash Position": "694,133", "Capital Expenditure": "-156,641", "Issuance of Debt": "-", "Repayment of Debt": "-27,863", "Repurchase of Capital Stock": "-", "Free Cash Flow": "139,803"}, "12/31/2018": {"Duration": "12/31/2018", "Operating Cash Flow": "258,506", "Investing Cash Flow": "269,429", "Financing Cash Flow": "-575,932", "End Cash Position": "686,032", "Capital Expenditure": "-229,899", "Issuance of Debt": "600,000", "Repayment of Debt": "-1,110,995", "Repurchase of Capital Stock": "0", "Free Cash Flow": "28,607"}}}}, {"AUO": {"fin": {}, "bs": {}, "cf": {}}}, {"CY": {"fin": {}, "bs": {}, "cf": {}}}, {"IDTI": {"fin": {}, "bs": {}, "cf": {}}}, {"MLNX": {"fin": {}, "bs": {}, "cf": {}}}, {"SPIR": {"fin": {}, "bs": {}, "cf": {}}}]