[{"ASGN": {"quote": {"05/08/2021": {"value": "107.04", "Market Cap": "5.694B", "Beta (5Y Monthly)": "2.18", "PE Ratio (TTM)": "27.80", "EPS (TTM)": "3.85", "Earnings Date": "Jul 27, 2021 - Aug 02, 2021", "Forward Dividend & Yield": "N/A (N/A)", "Ex-Dividend Date": "N/A", "1y Target Est": "118.00"}}, "fin": {"TTM": {"Duration": "TTM", "Total Revenue": "3,985,800", "Cost of Revenue": "2,896,400", "Gross Profit": "1,089,400", "Operating Expense": "775,100", "Operating Income": "314,300", "Net Non Operating Interest Income Expense": "-37,500", "Other Income Expense": "-", "Pretax Income": "276,800", "Tax Provision": "71,600", "Net Income Common Stockholders": "205,200", "Diluted NI Available to Com Stockholders": "205,200", "Basic EPS": "-", "Diluted EPS": "-", "Basic Average Shares": "-", "Diluted Average Shares": "-", "Total Operating Income as Reported": "314,300", "Total Expenses": "3,671,500", "Net Income from Continuing & Discontinued Operation": "205,200", "Normalized Income": "205,200", "Interest Expense": "37,500", "Net Interest Income": "-37,500", "EBIT": "314,300", "EBITDA": "366,100", "Reconciled Cost of Revenue": "2,896,400", "Reconciled Depreciation": "51,800", "Net Income from Continuing Operation Net Minority Interest": "205,200", "Total Unusual Items Excluding Goodwill": "0", "Total Unusual Items": "0", "Normalized EBITDA": "366,100", "Tax Rate for Calcs": "0", "Tax Effect of Unusual Items": "0"}, "12/31/2020": {"Duration": "12/31/2020", "Total Revenue": "3,950,600", "Cost of Revenue": "2,861,300", "Gross Profit": "1,089,300", "Operating Expense": "778,900", "Operating Income": "310,400", "Net Non Operating Interest Income Expense": "-39,700", "Other Income Expense": "-", "Pretax Income": "270,700", "Tax Provision": "70,400", "Net Income Common Stockholders": "200,300", "Diluted NI Available to Com Stockholders": "200,300", "Basic EPS": "3.80", "Diluted EPS": "3.76", "Basic Average Shares": "52,700", "Diluted Average Shares": "53,300", "Total Operating Income as Reported": "310,400", "Total Expenses": "3,640,200", "Net Income from Continuing & Discontinued Operation": "200,300", "Normalized Income": "200,300", "Interest Expense": "39,700", "Net Interest Income": "-39,700", "EBIT": "310,400", "EBITDA": "-", "Reconciled Cost of Revenue": "2,823,300", "Reconciled Depreciation": "89,700", "Net Income from Continuing Operation Net Minority Interest": "200,300", "Total Unusual Items Excluding Goodwill": "0", "Total Unusual Items": "0", "Normalized EBITDA": "400,100", "Tax Rate for Calcs": "0", "Tax Effect of Unusual Items": "0"}, "12/31/2019": {"Duration": "12/31/2019", "Total Revenue": "3,923,900", "Cost of Revenue": "2,793,900", "Gross Profit": "1,130,000", "Operating Expense": "821,400", "Operating Income": "308,600", "Net Non Operating Interest Income Expense": "-52,900", "Other Income Expense": "-18,900", "Pretax Income": "236,800", "Tax Provision": "62,000", "Net Income Common Stockholders": "174,700", "Diluted NI Available to Com Stockholders": "174,700", "Basic EPS": "3.31", "Diluted EPS": "3.28", "Basic Average Shares": "52,800", "Diluted Average Shares": "53,400", "Total Operating Income as Reported": "308,600", "Total Expenses": "3,615,300", "Net Income from Continuing & Discontinued Operation": "174,700", "Normalized Income": "188,748", "Interest Expense": "52,900", "Net Interest Income": "-52,900", "EBIT": "289,700", "EBITDA": "-", "Reconciled Cost of Revenue": "2,753,800", "Reconciled Depreciation": "91,200", "Net Income from Continuing Operation Net Minority Interest": "174,800", "Total Unusual Items Excluding Goodwill": "-18,900", "Total Unusual Items": "-18,900", "Normalized EBITDA": "399,800", "Tax Rate for Calcs": "0", "Tax Effect of Unusual Items": "-4,952"}, "12/31/2018": {"Duration": "12/31/2018", "Total Revenue": "3,399,781", "Cost of Revenue": "2,376,130", "Gross Profit": "1,023,651", "Operating Expense": "763,503", "Operating Income": "260,148", "Net Non Operating Interest Income Expense": "-55,973", "Other Income Expense": "-", "Pretax Income": "204,175", "Tax Provision": "46,191", "Net Income Common Stockholders": "157,706", "Diluted NI Available to Com Stockholders": "157,706", "Basic EPS": "3.02", "Diluted EPS": "2.98", "Basic Average Shares": "52,333", "Diluted Average Shares": "53,061", "Total Operating Income as Reported": "260,148", "Total Expenses": "3,139,633", "Net Income from Continuing & Discontinued Operation": "157,706", "Normalized Income": "157,984", "Interest Expense": "55,973", "Net Interest Income": "-55,973", "EBIT": "260,148", "EBITDA": "-", "Reconciled Cost of Revenue": "2,339,661", "Reconciled Depreciation": "94,975", "Net Income from Continuing Operation Net Minority Interest": "157,984", "Total Unusual Items Excluding Goodwill": "-", "Total Unusual Items": "-", "Normalized EBITDA": "355,123", "Tax Rate for Calcs": "0", "Tax Effect of Unusual Items": "0"}}, "bs": {"12/31/2020": {"Duration": "12/31/2020", "Total Assets": "3,278,000", "Total Liabilities Net Minority Interest": "1,690,900", "Total Equity Gross Minority Interest": "1,587,100", "Total Capitalization": "2,620,500", "Common Stock Equity": "1,587,100", "Capital Lease Obligations": "92,300", "Net Tangible Assets": "-519,200", "Working Capital": "578,200", "Invested Capital": "2,620,500", "Tangible Book Value": "-519,200", "Total Debt": "1,125,700", "Net Debt": "759,000", "Share Issued": "52,900", "Ordinary Shares Number": "52,900"}, "12/31/2019": {"Duration": "12/31/2019", "Total Assets": "2,941,400", "Total Liabilities Net Minority Interest": "1,565,200", "Total Equity Gross Minority Interest": "1,376,200", "Total Capitalization": "2,408,500", "Common Stock Equity": "1,376,200", "Capital Lease Obligations": "101,500", "Net Tangible Assets": "-587,200", "Working Capital": "450,600", "Invested Capital": "2,408,500", "Tangible Book Value": "-587,200", "Total Debt": "1,133,800", "Net Debt": "937,100", "Share Issued": "52,900", "Ordinary Shares Number": "52,900"}, "12/31/2018": {"Duration": "12/31/2018", "Total Assets": "2,687,851", "Total Liabilities Net Minority Interest": "1,505,789", "Total Equity Gross Minority Interest": "1,182,062", "Total Capitalization": "2,282,486", "Common Stock Equity": "1,182,062", "Capital Lease Obligations": "-", "Net Tangible Assets": "-727,705", "Working Capital": "378,123", "Invested Capital": "2,282,486", "Tangible Book Value": "-727,705", "Total Debt": "1,100,424", "Net Debt": "1,058,598", "Share Issued": "52,511", "Ordinary Shares Number": "52,511"}}, "cf": {"TTM": {"Duration": "TTM", "Operating Cash Flow": "480,500", "Investing Cash Flow": "-127,400", "Financing Cash Flow": "-32,200", "End Cash Position": "-", "Income Tax Paid Supplemental Data": "-", "Interest Paid Supplemental Data": "-", "Capital Expenditure": "-26,600", "Issuance of Debt": "-", "Repayment of Debt": "-", "Repurchase of Capital Stock": "-", "Free Cash Flow": "453,900"}, "12/31/2020": {"Duration": "12/31/2020", "Operating Cash Flow": "424,800", "Investing Cash Flow": "-219,000", "Financing Cash Flow": "-29,000", "End Cash Position": "274,400", "Income Tax Paid Supplemental Data": "64,200", "Interest Paid Supplemental Data": "37,600", "Capital Expenditure": "-32,600", "Issuance of Debt": "65,500", "Repayment of Debt": "-65,500", "Repurchase of Capital Stock": "-27,900", "Free Cash Flow": "392,200"}, "12/31/2019": {"Duration": "12/31/2019", "Operating Cash Flow": "313,200", "Investing Cash Flow": "-149,100", "Financing Cash Flow": "-110,500", "End Cash Position": "95,200", "Income Tax Paid Supplemental Data": "56,600", "Interest Paid Supplemental Data": "44,900", "Capital Expenditure": "-32,700", "Issuance of Debt": "653,000", "Repayment of Debt": "-736,200", "Repurchase of Capital Stock": "-20,000", "Free Cash Flow": "280,500"}, "12/31/2018": {"Duration": "12/31/2018", "Operating Cash Flow": "287,451", "Investing Cash Flow": "-788,733", "Financing Cash Flow": "507,799", "End Cash Position": "41,826", "Income Tax Paid Supplemental Data": "21,399", "Interest Paid Supplemental Data": "50,966", "Capital Expenditure": "-28,701", "Issuance of Debt": "822,000", "Repayment of Debt": "-286,000", "Repurchase of Capital Stock": "0", "Free Cash Flow": "258,750"}}}}, {"BBSI": {"quote": {"05/08/2021": {"value": "78.40", "Market Cap": "593.121M", "Beta (5Y Monthly)": "1.57", "PE Ratio (TTM)": "18.53", "EPS (TTM)": "4.23", "Earnings Date": "Aug 02, 2021 - Aug 06, 2021", "Forward Dividend & Yield": "1.20 (1.53%)", "Ex-Dividend Date": "May 20, 2021", "1y Target Est": "84.75"}}, "fin": {"TTM": {"Duration": "TTM", "Total Revenue": "880,824", "Cost of Revenue": "697,917", "Gross Profit": "182,907", "Operating Expense": "146,760", "Operating Income": "36,147", "Net Non Operating Interest Income Expense": "-1,244", "Other Income Expense": "7,693", "Pretax Income": "42,596", "Tax Provision": "8,831", "Net Income Common Stockholders": "33,765", "Diluted NI Available to Com Stockholders": "33,765", "Basic EPS": "-", "Diluted EPS": "-", "Basic Average Shares": "-", "Diluted Average Shares": "-", "Total Operating Income as Reported": "36,147", "Total Expenses": "844,677", "Net Income from Continuing & Discontinued Operation": "33,765", "Normalized Income": "27,439", "Interest Expense": "1,244", "Net Interest Income": "-1,244", "EBIT": "43,840", "EBITDA": "48,684", "Reconciled Cost of Revenue": "697,917", "Reconciled Depreciation": "4,844", "Net Income from Continuing Operation Net Minority Interest": "33,765", "Total Unusual Items Excluding Goodwill": "7,977", "Total Unusual Items": "7,977", "Normalized EBITDA": "40,707", "Tax Rate for Calcs": "0", "Tax Effect of Unusual Items": "1,651"}, "12/31/2020": {"Duration": "12/31/2020", "Total Revenue": "880,824", "Cost of Revenue": "697,917", "Gross Profit": "182,907", "Operating Expense": "146,760", "Operating Income": "36,147", "Net Non Operating Interest Income Expense": "-1,244", "Other Income Expense": "7,693", "Pretax Income": "42,596", "Tax Provision": "8,831", "Net Income Common Stockholders": "33,765", "Diluted NI Available to Com Stockholders": "33,765", "Basic EPS": "-", "Diluted EPS": "-", "Basic Average Shares": "-", "Diluted Average Shares": "-", "Total Operating Income as Reported": "36,147", "Total Expenses": "844,677", "Net Income from Continuing & Discontinued Operation": "33,765", "Normalized Income": "27,439", "Interest Expense": "1,244", "Net Interest Income": "-1,244", "EBIT": "43,840", "EBITDA": "-", "Reconciled Cost of Revenue": "697,917", "Reconciled Depreciation": "4,844", "Net Income from Continuing Operation Net Minority Interest": "33,765", "Total Unusual Items Excluding Goodwill": "7,977", "Total Unusual Items": "7,977", "Normalized EBITDA": "40,707", "Tax Rate for Calcs": "0", "Tax Effect of Unusual Items": "1,651"}, "12/31/2019": {"Duration": "12/31/2019", "Total Revenue": "942,311", "Cost of Revenue": "734,058", "Gross Profit": "208,253", "Operating Expense": "157,765", "Operating Income": "50,488", "Net Non Operating Interest Income Expense": "-1,789", "Other Income Expense": "12,439", "Pretax Income": "61,138", "Tax Provision": "12,846", "Net Income Common Stockholders": "48,292", "Diluted NI Available to Com Stockholders": "48,292", "Basic EPS": "6.48", "Diluted EPS": "6.27", "Basic Average Shares": "7,451", "Diluted Average Shares": "7,699", "Total Operating Income as Reported": "50,488", "Total Expenses": "891,823", "Net Income from Continuing & Discontinued Operation": "48,292", "Normalized Income": "38,401", "Interest Expense": "1,789", "Net Interest Income": "-1,789", "EBIT": "62,927", "EBITDA": "-", "Reconciled Cost of Revenue": "734,058", "Reconciled Depreciation": "3,886", "Net Income from Continuing Operation Net Minority Interest": "48,292", "Total Unusual Items Excluding Goodwill": "12,520", "Total Unusual Items": "12,520", "Normalized EBITDA": "54,293", "Tax Rate for Calcs": "0", "Tax Effect of Unusual Items": "2,629"}, "12/31/2018": {"Duration": "12/31/2018", "Total Revenue": "940,698", "Cost of Revenue": "754,025", "Gross Profit": "186,673", "Operating Expense": "149,684", "Operating Income": "36,989", "Net Non Operating Interest Income Expense": "-1,052", "Other Income Expense": "8,832", "Pretax Income": "44,769", "Tax Provision": "6,707", "Net Income Common Stockholders": "38,062", "Diluted NI Available to Com Stockholders": "38,062", "Basic EPS": "5.18", "Diluted EPS": "4.98", "Basic Average Shares": "7,342", "Diluted Average Shares": "7,647", "Total Operating Income as Reported": "36,989", "Total Expenses": "903,709", "Net Income from Continuing & Discontinued Operation": "38,062", "Normalized Income": "30,347", "Interest Expense": "1,052", "Net Interest Income": "-1,052", "EBIT": "45,821", "EBITDA": "-", "Reconciled Cost of Revenue": "754,025", "Reconciled Depreciation": "4,219", "Net Income from Continuing Operation Net Minority Interest": "38,062", "Total Unusual Items Excluding Goodwill": "9,077", "Total Unusual Items": "9,077", "Normalized EBITDA": "40,963", "Tax Rate for Calcs": "0", "Tax Effect of Unusual Items": "1,362"}}, "bs": {"12/31/2020": {"Duration": "12/31/2020", "Total Assets": "774,950", "Total Liabilities Net Minority Interest": "576,715", "Total Equity Gross Minority Interest": "198,235", "Total Capitalization": "201,745", "Common Stock Equity": "198,235", "Capital Lease Obligations": "23,958", "Net Tangible Assets": "150,415", "Working Capital": "117,238", "Invested Capital": "201,966", "Tangible Book Value": "150,415", "Total Debt": "27,689", "Share Issued": "7,566", "Ordinary Shares Number": "7,566"}, "12/31/2019": {"Duration": "12/31/2019", "Total Assets": "860,929", "Total Liabilities Net Minority Interest": "689,130", "Total Equity Gross Minority Interest": "171,799", "Total Capitalization": "175,529", "Common Stock Equity": "171,799", "Capital Lease Obligations": "24,554", "Net Tangible Assets": "123,979", "Working Capital": "81,726", "Invested Capital": "175,750", "Tangible Book Value": "123,979", "Total Debt": "28,505", "Share Issued": "7,514", "Ordinary Shares Number": "7,514"}, "12/31/2018": {"Duration": "12/31/2018", "Total Assets": "756,089", "Total Liabilities Net Minority Interest": "637,052", "Total Equity Gross Minority Interest": "119,037", "Total Capitalization": "122,988", "Common Stock Equity": "119,037", "Capital Lease Obligations": "-", "Net Tangible Assets": "71,217", "Working Capital": "-5,065", "Invested Capital": "123,209", "Tangible Book Value": "71,217", "Total Debt": "4,172", "Share Issued": "7,395", "Ordinary Shares Number": "7,395"}}, "cf": {"TTM": {"Duration": "TTM", "Operating Cash Flow": "-27,915", "Investing Cash Flow": "4,141", "Financing Cash Flow": "-15,730", "End Cash Position": "233,837", "Capital Expenditure": "-8,610", "Issuance of Debt": "0", "Repayment of Debt": "-220", "Repurchase of Capital Stock": "-8,056", "Free Cash Flow": "-36,525"}, "12/31/2020": {"Duration": "12/31/2020", "Operating Cash Flow": "-27,915", "Investing Cash Flow": "4,141", "Financing Cash Flow": "-15,730", "End Cash Position": "233,837", "Capital Expenditure": "-8,610", "Issuance of Debt": "0", "Repayment of Debt": "-220", "Repurchase of Capital Stock": "-8,056", "Free Cash Flow": "-36,525"}, "12/31/2019": {"Duration": "12/31/2019", "Operating Cash Flow": "77,137", "Investing Cash Flow": "66,313", "Financing Cash Flow": "-10,811", "End Cash Position": "273,341", "Capital Expenditure": "-10,798", "Issuance of Debt": "18,843", "Repayment of Debt": "-19,064", "Repurchase of Capital Stock": "-3,136", "Free Cash Flow": "66,339"}, "12/31/2018": {"Duration": "12/31/2018", "Operating Cash Flow": "69,784", "Investing Cash Flow": "-39,344", "Financing Cash Flow": "-9,943", "End Cash Position": "140,702", "Capital Expenditure": "-5,679", "Issuance of Debt": "8,500", "Repayment of Debt": "-8,720", "Repurchase of Capital Stock": "-2,952", "Free Cash Flow": "64,105"}}}}, {"BGSF": {"quote": {"05/08/2021": {"value": "13.12", "Market Cap": "135.608M", "Beta (5Y Monthly)": "N/A", "PE Ratio (TTM)": "208.25", "EPS (TTM)": "0.06", "Earnings Date": "Nov 05, 2020", "Forward Dividend & Yield": "0.30 (2.29%)", "Ex-Dividend Date": "Feb 17, 2021", "1y Target Est": "21.00"}}, "fin": {"TTM": {"Duration": "TTM", "Total Revenue": "277,891", "Cost of Revenue": "201,671", "Gross Profit": "76,220", "Operating Expense": "65,169", "Operating Income": "11,051", "Net Non Operating Interest Income Expense": "-1,584", "Other Income Expense": "-7,512", "Pretax Income": "1,955", "Tax Provision": "513.092", "Net Income Common Stockholders": "1,441", "Diluted NI Available to Com Stockholders": "1,441", "Basic EPS": "-", "Diluted EPS": "-", "Basic Average Shares": "-", "Diluted Average Shares": "-", "Total Operating Income as Reported": "3,538", "Rent Expense Supplemental": "3,974", "Total Expenses": "266,840", "Net Income from Continuing & Discontinued Operation": "1,441", "Normalized Income": "6,982", "Interest Expense": "1,584", "Net Interest Income": "-1,584", "EBIT": "3,538", "EBITDA": "8,498", "Reconciled Cost of Revenue": "201,671", "Reconciled Depreciation": "4,960", "Net Income from Continuing Operation Net Minority Interest": "1,441", "Total Unusual Items Excluding Goodwill": "-7,512", "Total Unusual Items": "-7,512", "Normalized EBITDA": "16,010", "Tax Rate for Calcs": "0", "Tax Effect of Unusual Items": "-1,972"}, "12/31/2020": {"Duration": "12/31/2020", "Total Revenue": "277,891", "Cost of Revenue": "201,671", "Gross Profit": "76,220", "Operating Expense": "65,169", "Operating Income": "11,051", "Net Non Operating Interest Income Expense": "-1,584", "Other Income Expense": "-7,512", "Pretax Income": "1,955", "Tax Provision": "513.092", "Net Income Common Stockholders": "1,441", "Diluted NI Available to Com Stockholders": "1,441", "Basic EPS": "-", "Diluted EPS": "-", "Basic Average Shares": "-", "Diluted Average Shares": "-", "Total Operating Income as Reported": "3,538", "Rent Expense Supplemental": "3,974", "Total Expenses": "266,840", "Net Income from Continuing & Discontinued Operation": "1,441", "Normalized Income": "6,982", "Interest Expense": "1,584", "Net Interest Income": "-1,584", "EBIT": "3,538", "EBITDA": "-", "Reconciled Cost of Revenue": "201,671", "Reconciled Depreciation": "4,960", "Net Income from Continuing Operation Net Minority Interest": "1,441", "Total Unusual Items Excluding Goodwill": "-7,512", "Total Unusual Items": "-7,512", "Normalized EBITDA": "16,010", "Tax Rate for Calcs": "0", "Tax Effect of Unusual Items": "-1,972"}, "12/31/2019": {"Duration": "12/31/2019", "Total Revenue": "294,314", "Cost of Revenue": "213,632", "Gross Profit": "80,681", "Operating Expense": "60,891", "Operating Income": "19,790", "Net Non Operating Interest Income Expense": "-1,569", "Other Income Expense": "-668.705", "Pretax Income": "17,552", "Tax Provision": "4,305", "Net Income Common Stockholders": "13,247", "Diluted NI Available to Com Stockholders": "13,247", "Basic EPS": "1.28", "Diluted EPS": "1.28", "Basic Average Shares": "10,309", "Diluted Average Shares": "10,351", "Total Operating Income as Reported": "19,661", "Rent Expense Supplemental": "3,987", "Total Expenses": "274,524", "Net Income from Continuing & Discontinued Operation": "13,247", "Normalized Income": "13,752", "Interest Expense": "1,569", "Net Interest Income": "-1,569", "EBIT": "19,121", "EBITDA": "-", "Reconciled Cost of Revenue": "213,632", "Reconciled Depreciation": "4,820", "Net Income from Continuing Operation Net Minority Interest": "13,247", "Total Unusual Items Excluding Goodwill": "-668.705", "Total Unusual Items": "-668.705", "Normalized EBITDA": "24,610", "Tax Rate for Calcs": "0", "Tax Effect of Unusual Items": "-164.0135"}, "12/31/2018": {"Duration": "12/31/2018", "Total Revenue": "286,863", "Cost of Revenue": "210,268", "Gross Profit": "76,595", "Operating Expense": "52,336", "Operating Income": "24,260", "Net Non Operating Interest Income Expense": "-2,850", "Other Income Expense": "-", "Pretax Income": "21,409", "Tax Provision": "3,860", "Net Income Common Stockholders": "17,550", "Diluted NI Available to Com Stockholders": "17,550", "Basic EPS": "1.83", "Diluted EPS": "1.79", "Basic Average Shares": "9,577", "Diluted Average Shares": "9,808", "Total Operating Income as Reported": "24,260", "Rent Expense Supplemental": "-", "Total Expenses": "262,603", "Net Income from Continuing & Discontinued Operation": "17,550", "Normalized Income": "17,550", "Interest Expense": "2,850", "Net Interest Income": "-2,850", "EBIT": "24,260", "EBITDA": "-", "Reconciled Cost of Revenue": "210,268", "Reconciled Depreciation": "5,044", "Net Income from Continuing Operation Net Minority Interest": "17,550", "Total Unusual Items Excluding Goodwill": "0", "Total Unusual Items": "0", "Normalized EBITDA": "29,304", "Tax Rate for Calcs": "0", "Tax Effect of Unusual Items": "0"}}, "bs": {"12/31/2020": {"Duration": "12/31/2020", "Total Assets": "130,278", "Total Liabilities Net Minority Interest": "64,821", "Total Equity Gross Minority Interest": "65,458", "Total Capitalization": "97,467", "Common Stock Equity": "65,458", "Capital Lease Obligations": "6,935", "Net Tangible Assets": "-400.296", "Working Capital": "25,385", "Invested Capital": "100,092", "Tangible Book Value": "-400.296", "Total Debt": "41,570", "Net Debt": "34,634", "Share Issued": "10,330", "Ordinary Shares Number": "10,328", "Treasury Shares Number": "1.235"}, "12/31/2019": {"Duration": "12/31/2019", "Total Assets": "115,586", "Total Liabilities Net Minority Interest": "47,129", "Total Equity Gross Minority Interest": "68,457", "Total Capitalization": "95,576", "Common Stock Equity": "68,457", "Capital Lease Obligations": "5,407", "Net Tangible Assets": "9,454", "Working Capital": "27,030", "Invested Capital": "95,951", "Tangible Book Value": "9,454", "Total Debt": "32,901", "Net Debt": "27,494", "Share Issued": "10,310", "Ordinary Shares Number": "10,309", "Treasury Shares Number": "1.004"}, "12/31/2018": {"Duration": "12/31/2018", "Total Assets": "100,269", "Total Liabilities Net Minority Interest": "34,567", "Total Equity Gross Minority Interest": "65,702", "Total Capitalization": "81,548", "Common Stock Equity": "65,702", "Capital Lease Obligations": "-", "Net Tangible Assets": "14,684", "Working Capital": "20,555", "Invested Capital": "85,791", "Tangible Book Value": "14,684", "Total Debt": "20,089", "Net Debt": "20,089", "Share Issued": "10,228", "Ordinary Shares Number": "10,227", "Treasury Shares Number": "0.828"}}, "cf": {"TTM": {"Duration": "TTM", "Operating Cash Flow": "22,257", "Investing Cash Flow": "-24,147", "Financing Cash Flow": "1,890", "End Cash Position": "0", "Income Tax Paid Supplemental Data": "995.361", "Interest Paid Supplemental Data": "1,133", "Capital Expenditure": "-2,145", "Issuance of Capital Stock": "-", "Issuance of Debt": "22,500", "Repayment of Debt": "-15,443", "Free Cash Flow": "20,112"}, "12/31/2020": {"Duration": "12/31/2020", "Operating Cash Flow": "22,257", "Investing Cash Flow": "-24,147", "Financing Cash Flow": "1,890", "End Cash Position": "0", "Income Tax Paid Supplemental Data": "995.361", "Interest Paid Supplemental Data": "1,133", "Capital Expenditure": "-2,145", "Issuance of Capital Stock": "-", "Issuance of Debt": "22,500", "Repayment of Debt": "-15,443", "Free Cash Flow": "20,112"}, "12/31/2019": {"Duration": "12/31/2019", "Operating Cash Flow": "17,954", "Investing Cash Flow": "-9,729", "Financing Cash Flow": "-8,225", "End Cash Position": "0", "Income Tax Paid Supplemental Data": "3,564", "Interest Paid Supplemental Data": "1,351", "Capital Expenditure": "-2,230", "Issuance of Capital Stock": "-", "Issuance of Debt": "17,195", "Repayment of Debt": "-10,121", "Free Cash Flow": "15,724"}, "12/31/2018": {"Duration": "12/31/2018", "Operating Cash Flow": "18,426", "Investing Cash Flow": "-923.994", "Financing Cash Flow": "-17,502", "End Cash Position": "0", "Income Tax Paid Supplemental Data": "2,012", "Interest Paid Supplemental Data": "1,765", "Capital Expenditure": "-923.994", "Issuance of Capital Stock": "-", "Issuance of Debt": "0", "Repayment of Debt": "-24,484", "Free Cash Flow": "17,502"}}}}, {"DLHC": {"quote": {"05/08/2021": {"value": "10.23", "Market Cap": "128.334M", "Beta (5Y Monthly)": "N/A", "PE Ratio (TTM)": "17.61", "EPS (TTM)": "0.58", "Earnings Date": "May 06, 2021", "Forward Dividend & Yield": "N/A (N/A)", "Ex-Dividend Date": "N/A", "1y Target Est": "14.00"}}, "fin": {"TTM": {"Duration": "TTM", "Total Revenue": "214,799", "Cost of Revenue": "168,261", "Gross Profit": "46,538", "Operating Expense": "31,638", "Operating Income": "14,900", "Net Non Operating Interest Income Expense": "-3,580", "Other Income Expense": "-", "Pretax Income": "10,390", "Tax Provision": "3,013", "Net Income Common Stockholders": "7,377", "Diluted NI Available to Com Stockholders": "7,377", "Basic EPS": "-", "Diluted EPS": "-", "Basic Average Shares": "-", "Diluted Average Shares": "-", "Total Operating Income as Reported": "13,970", "Total Expenses": "199,899", "Net Income from Continuing & Discontinued Operation": "7,377", "Normalized Income": "7,377", "Interest Expense": "2,859", "Net Interest Income": "-3,580", "EBIT": "13,249", "EBITDA": "20,455", "Reconciled Cost of Revenue": "168,261", "Reconciled Depreciation": "7,206", "Net Income from Continuing Operation Net Minority Interest": "7,377", "Total Unusual Items Excluding Goodwill": "-", "Total Unusual Items": "-", "Normalized EBITDA": "20,455", "Tax Rate for Calcs": "0", "Tax Effect of Unusual Items": "0"}, "9/30/2020": {"Duration": "9/30/2020", "Total Revenue": "209,185", "Cost of Revenue": "163,596", "Gross Profit": "45,589", "Operating Expense": "31,198", "Operating Income": "14,391", "Net Non Operating Interest Income Expense": "-3,441", "Other Income Expense": "-930", "Pretax Income": "10,020", "Tax Provision": "2,906", "Net Income Common Stockholders": "7,114", "Diluted NI Available to Com Stockholders": "7,114", "Basic EPS": "0.58", "Diluted EPS": "0.54", "Basic Average Shares": "12,282", "Diluted Average Shares": "13,105", "Total Operating Income as Reported": "13,461", "Total Expenses": "194,794", "Net Income from Continuing & Discontinued Operation": "7,114", "Normalized Income": "7,774", "Interest Expense": "2,841", "Net Interest Income": "-3,441", "EBIT": "12,861", "EBITDA": "-", "Reconciled Cost of Revenue": "163,596", "Reconciled Depreciation": "7,003", "Net Income from Continuing Operation Net Minority Interest": "7,114", "Total Unusual Items Excluding Goodwill": "-930", "Total Unusual Items": "-930", "Normalized EBITDA": "20,794", "Tax Rate for Calcs": "0", "Tax Effect of Unusual Items": "-269.7"}, "9/30/2019": {"Duration": "9/30/2019", "Total Revenue": "160,391", "Cost of Revenue": "124,551", "Gross Profit": "35,840", "Operating Expense": "24,481", "Operating Income": "11,359", "Net Non Operating Interest Income Expense": "-2,473", "Other Income Expense": "-1,391", "Pretax Income": "7,495", "Tax Provision": "2,171", "Net Income Common Stockholders": "5,324", "Diluted NI Available to Com Stockholders": "5,324", "Basic EPS": "0.44", "Diluted EPS": "0.41", "Basic Average Shares": "12,018", "Diluted Average Shares": "13,041", "Total Operating Income as Reported": "9,968", "Total Expenses": "149,032", "Net Income from Continuing & Discontinued Operation": "5,324", "Normalized Income": "6,312", "Interest Expense": "1,512", "Net Interest Income": "-2,473", "EBIT": "9,007", "EBITDA": "-", "Reconciled Cost of Revenue": "124,551", "Reconciled Depreciation": "3,956", "Net Income from Continuing Operation Net Minority Interest": "5,324", "Total Unusual Items Excluding Goodwill": "-1,391", "Total Unusual Items": "-1,391", "Normalized EBITDA": "14,354", "Tax Rate for Calcs": "0", "Tax Effect of Unusual Items": "-403.39"}, "9/30/2018": {"Duration": "9/30/2018", "Total Revenue": "133,236", "Cost of Revenue": "103,034", "Gross Profit": "30,202", "Operating Expense": "21,420", "Operating Income": "8,782", "Net Non Operating Interest Income Expense": "-1,116", "Other Income Expense": "-", "Pretax Income": "7,666", "Tax Provision": "5,830", "Net Income Common Stockholders": "1,836", "Diluted NI Available to Com Stockholders": "1,836", "Basic EPS": "0.15", "Diluted EPS": "0.14", "Basic Average Shares": "11,881", "Diluted Average Shares": "12,873", "Total Operating Income as Reported": "8,782", "Total Expenses": "124,454", "Net Income from Continuing & Discontinued Operation": "1,836", "Normalized Income": "1,836", "Interest Expense": "800", "Net Interest Income": "-1,116", "EBIT": "8,466", "EBITDA": "-", "Reconciled Cost of Revenue": "103,034", "Reconciled Depreciation": "2,242", "Net Income from Continuing Operation Net Minority Interest": "1,836", "Total Unusual Items Excluding Goodwill": "-", "Total Unusual Items": "-", "Normalized EBITDA": "10,708", "Tax Rate for Calcs": "0", "Tax Effect of Unusual Items": "0"}}, "bs": {"9/30/2020": {"Duration": "9/30/2020", "Total Assets": "183,562", "Total Liabilities Net Minority Interest": "130,125", "Total Equity Gross Minority Interest": "53,437", "Total Capitalization": "113,981", "Common Stock Equity": "53,437", "Capital Lease Obligations": "23,665", "Net Tangible Assets": "-66,319", "Working Capital": "-10,564", "Invested Capital": "120,708", "Tangible Book Value": "-66,319", "Total Debt": "90,936", "Net Debt": "65,914", "Share Issued": "12,404", "Ordinary Shares Number": "12,404"}, "9/30/2019": {"Duration": "9/30/2019", "Total Assets": "129,258", "Total Liabilities Net Minority Interest": "83,687", "Total Equity Gross Minority Interest": "45,571", "Total Capitalization": "99,200", "Common Stock Equity": "45,571", "Capital Lease Obligations": "-", "Net Tangible Assets": "-48,395", "Working Capital": "-2,638", "Invested Capital": "99,200", "Tangible Book Value": "-48,395", "Total Debt": "53,629", "Net Debt": "51,839", "Share Issued": "12,036", "Ordinary Shares Number": "12,036"}, "9/30/2018": {"Duration": "9/30/2018", "Total Assets": "62,541", "Total Liabilities Net Minority Interest": "23,123", "Total Equity Gross Minority Interest": "39,418", "Total Capitalization": "39,418", "Common Stock Equity": "39,418", "Capital Lease Obligations": "-", "Net Tangible Assets": "64", "Working Capital": "1,462", "Invested Capital": "39,418", "Tangible Book Value": "64", "Total Debt": "-", "Net Debt": "-", "Share Issued": "11,899", "Ordinary Shares Number": "11,899"}}, "cf": {"TTM": {"Duration": "TTM", "Operating Cash Flow": "13,817", "Investing Cash Flow": "-32,721", "Financing Cash Flow": "18,912", "End Cash Position": "370", "Income Tax Paid Supplemental Data": "521", "Interest Paid Supplemental Data": "-2,799", "Capital Expenditure": "-43", "Issuance of Capital Stock": "-", "Issuance of Debt": "40,350", "Repayment of Debt": "-20,750", "Repurchase of Capital Stock": "-5", "Free Cash Flow": "13,774"}, "9/30/2020": {"Duration": "9/30/2020", "Operating Cash Flow": "19,451", "Investing Cash Flow": "-32,830", "Financing Cash Flow": "12,946", "End Cash Position": "1,357", "Income Tax Paid Supplemental Data": "-917", "Interest Paid Supplemental Data": "-2,806", "Capital Expenditure": "-152", "Issuance of Capital Stock": "-", "Issuance of Debt": "33,000", "Repayment of Debt": "-19,000", "Repurchase of Capital Stock": "-211", "Free Cash Flow": "19,299"}, "9/30/2019": {"Duration": "9/30/2019", "Operating Cash Flow": "18,039", "Investing Cash Flow": "-67,484", "Financing Cash Flow": "44,880", "End Cash Position": "1,790", "Income Tax Paid Supplemental Data": "543", "Interest Paid Supplemental Data": "1,502", "Capital Expenditure": "-405", "Issuance of Capital Stock": "-", "Issuance of Debt": "70,000", "Repayment of Debt": "-21,708", "Repurchase of Capital Stock": "-", "Free Cash Flow": "17,634"}, "9/30/2018": {"Duration": "9/30/2018", "Operating Cash Flow": "14,077", "Investing Cash Flow": "-654", "Financing Cash Flow": "-11,998", "End Cash Position": "6,355", "Income Tax Paid Supplemental Data": "876", "Interest Paid Supplemental Data": "800", "Capital Expenditure": "-654", "Issuance of Capital Stock": "-", "Issuance of Debt": "-", "Repayment of Debt": "-11,979", "Repurchase of Capital Stock": "-", "Free Cash Flow": "13,423"}}}}, {"DHX": {"quote": {"05/08/2021": {"value": "3.1000", "Market Cap": "161.748M", "Beta (5Y Monthly)": "1.48", "PE Ratio (TTM)": "N/A", "EPS (TTM)": "-0.4420", "Earnings Date": "Aug 04, 2021 - Aug 09, 2021", "Forward Dividend & Yield": "N/A (N/A)", "Ex-Dividend Date": "N/A", "1y Target Est": "4.75"}}, "fin": {"TTM": {"Duration": "TTM", "Total Revenue": "136,878", "Cost of Revenue": "17,047", "Gross Profit": "119,831", "Operating Expense": "110,610", "Operating Income": "9,221", "Net Non Operating Interest Income Expense": "-827", "Other Income Expense": "-40,828", "Pretax Income": "-32,434", "Tax Provision": "-2,419", "Net Income Common Stockholders": "-30,015", "Diluted NI Available to Com Stockholders": "-30,015", "Basic EPS": "-", "Diluted EPS": "-", "Basic Average Shares": "-", "Diluted Average Shares": "-", "Total Operating Income as Reported": "-29,605", "Total Expenses": "127,657", "Net Income from Continuing & Discontinued Operation": "-30,015", "Normalized Income": "7,751", "Interest Expense": "827", "Net Interest Income": "-827", "EBIT": "-31,607", "EBITDA": "-19,588", "Reconciled Cost of Revenue": "17,047", "Reconciled Depreciation": "12,019", "Net Income from Continuing Operation Net Minority Interest": "-30,015", "Total Unusual Items Excluding Goodwill": "-40,828", "Total Unusual Items": "-40,828", "Normalized EBITDA": "21,240", "Tax Rate for Calcs": "0", "Tax Effect of Unusual Items": "-3,062"}, "12/31/2020": {"Duration": "12/31/2020", "Total Revenue": "136,878", "Cost of Revenue": "17,047", "Gross Profit": "119,831", "Operating Expense": "110,610", "Operating Income": "9,221", "Net Non Operating Interest Income Expense": "-827", "Other Income Expense": "-40,828", "Pretax Income": "-32,434", "Tax Provision": "-2,419", "Net Income Common Stockholders": "-30,015", "Diluted NI Available to Com Stockholders": "-30,015", "Basic EPS": "-", "Diluted EPS": "-", "Basic Average Shares": "-", "Diluted Average Shares": "-", "Total Operating Income as Reported": "-29,605", "Total Expenses": "127,657", "Net Income from Continuing & Discontinued Operation": "-30,015", "Normalized Income": "7,751", "Interest Expense": "827", "Net Interest Income": "-827", "EBIT": "-31,607", "EBITDA": "-", "Reconciled Cost of Revenue": "17,047", "Reconciled Depreciation": "12,019", "Net Income from Continuing Operation Net Minority Interest": "-30,015", "Total Unusual Items Excluding Goodwill": "-40,828", "Total Unusual Items": "-40,828", "Normalized EBITDA": "21,240", "Tax Rate for Calcs": "0", "Tax Effect of Unusual Items": "-3,062"}, "12/31/2019": {"Duration": "12/31/2019", "Total Revenue": "149,370", "Cost of Revenue": "16,237", "Gross Profit": "133,133", "Operating Expense": "113,871", "Operating Income": "19,262", "Net Non Operating Interest Income Expense": "-701", "Other Income Expense": "-2,237", "Pretax Income": "16,324", "Tax Provision": "3,773", "Net Income Common Stockholders": "12,551", "Diluted NI Available to Com Stockholders": "12,551", "Basic EPS": "0.26", "Diluted EPS": "0.24", "Basic Average Shares": "48,739", "Diluted Average Shares": "51,633", "Total Operating Income as Reported": "17,025", "Total Expenses": "130,108", "Net Income from Continuing & Discontinued Operation": "12,551", "Normalized Income": "14,271", "Interest Expense": "701", "Net Interest Income": "-701", "EBIT": "17,025", "EBITDA": "-", "Reconciled Cost of Revenue": "16,237", "Reconciled Depreciation": "9,743", "Net Income from Continuing Operation Net Minority Interest": "12,551", "Total Unusual Items Excluding Goodwill": "-2,237", "Total Unusual Items": "-2,237", "Normalized EBITDA": "29,005", "Tax Rate for Calcs": "0", "Tax Effect of Unusual Items": "-516.747"}, "12/31/2018": {"Duration": "12/31/2018", "Total Revenue": "161,570", "Cost of Revenue": "18,344", "Gross Profit": "143,226", "Operating Expense": "127,284", "Operating Income": "15,942", "Net Non Operating Interest Income Expense": "-2,054", "Other Income Expense": "-4,286", "Pretax Income": "9,602", "Tax Provision": "2,428", "Net Income Common Stockholders": "7,174", "Diluted NI Available to Com Stockholders": "7,174", "Basic EPS": "0.15", "Diluted EPS": "0.14", "Basic Average Shares": "48,520", "Diluted Average Shares": "49,605", "Total Operating Income as Reported": "11,692", "Total Expenses": "145,628", "Net Income from Continuing & Discontinued Operation": "7,174", "Normalized Income": "10,349", "Interest Expense": "2,054", "Net Interest Income": "-2,054", "EBIT": "11,656", "EBITDA": "-", "Reconciled Cost of Revenue": "18,344", "Reconciled Depreciation": "9,762", "Net Income from Continuing Operation Net Minority Interest": "7,174", "Total Unusual Items Excluding Goodwill": "-4,250", "Total Unusual Items": "-4,250", "Normalized EBITDA": "25,668", "Tax Rate for Calcs": "0", "Tax Effect of Unusual Items": "-1,075"}}, "bs": {"12/31/2020": {"Duration": "12/31/2020", "Total Assets": "240,987", "Total Liabilities Net Minority Interest": "113,417", "Total Equity Gross Minority Interest": "127,570", "Total Capitalization": "147,153", "Common Stock Equity": "127,570", "Capital Lease Obligations": "17,114", "Net Tangible Assets": "-29,583", "Working Capital": "-31,900", "Invested Capital": "147,153", "Tangible Book Value": "-29,583", "Total Debt": "36,697", "Net Debt": "11,943", "Share Issued": "71,233", "Ordinary Shares Number": "51,220", "Treasury Shares Number": "20,013"}, "12/31/2019": {"Duration": "12/31/2019", "Total Assets": "278,321", "Total Liabilities Net Minority Interest": "117,126", "Total Equity Gross Minority Interest": "161,195", "Total Capitalization": "170,630", "Common Stock Equity": "161,195", "Capital Lease Obligations": "20,307", "Net Tangible Assets": "-33,864", "Working Capital": "-41,031", "Invested Capital": "170,630", "Tangible Book Value": "-33,864", "Total Debt": "29,742", "Net Debt": "4,054", "Share Issued": "69,509", "Ordinary Shares Number": "53,918", "Treasury Shares Number": "15,591"}, "12/31/2018": {"Duration": "12/31/2018", "Total Assets": "258,385", "Total Liabilities Net Minority Interest": "113,030", "Total Equity Gross Minority Interest": "145,355", "Total Capitalization": "162,643", "Common Stock Equity": "145,355", "Capital Lease Obligations": "-", "Net Tangible Assets": "-47,619", "Working Capital": "-42,066", "Invested Capital": "162,643", "Tangible Book Value": "-47,619", "Total Debt": "17,288", "Net Debt": "10,816", "Share Issued": "87,522", "Ordinary Shares Number": "53,396", "Treasury Shares Number": "34,126"}}, "cf": {"TTM": {"Duration": "TTM", "Operating Cash Flow": "18,683", "Investing Cash Flow": "-15,904", "Financing Cash Flow": "-542", "End Cash Position": "7,640", "Income Tax Paid Supplemental Data": "457", "Interest Paid Supplemental Data": "1,100", "Capital Expenditure": "-16,104", "Issuance of Debt": "36,444", "Repayment of Debt": "-26,444", "Repurchase of Capital Stock": "-10,542", "Free Cash Flow": "2,579"}, "12/31/2020": {"Duration": "12/31/2020", "Operating Cash Flow": "18,683", "Investing Cash Flow": "-15,904", "Financing Cash Flow": "-542", "End Cash Position": "7,640", "Income Tax Paid Supplemental Data": "457", "Interest Paid Supplemental Data": "1,100", "Capital Expenditure": "-16,104", "Issuance of Debt": "36,444", "Repayment of Debt": "-26,444", "Repurchase of Capital Stock": "-10,542", "Free Cash Flow": "2,579"}, "12/31/2019": {"Duration": "12/31/2019", "Operating Cash Flow": "22,923", "Investing Cash Flow": "-11,505", "Financing Cash Flow": "-12,423", "End Cash Position": "5,381", "Income Tax Paid Supplemental Data": "-", "Interest Paid Supplemental Data": "-", "Capital Expenditure": "-14,188", "Issuance of Debt": "20,000", "Repayment of Debt": "-28,000", "Repurchase of Capital Stock": "-4,423", "Free Cash Flow": "8,735"}, "12/31/2018": {"Duration": "12/31/2018", "Operating Cash Flow": "14,918", "Investing Cash Flow": "7,489", "Financing Cash Flow": "-27,174", "End Cash Position": "6,472", "Income Tax Paid Supplemental Data": "2,634", "Interest Paid Supplemental Data": "1,807", "Capital Expenditure": "-10,053", "Issuance of Debt": "7,000", "Repayment of Debt": "-31,000", "Repurchase of Capital Stock": "-2,670", "Free Cash Flow": "4,865"}}}}, {"EGL": {"quote": {"05/08/2021": {"value": "", "Net Assets": "N/A", "Beta (5Y Monthly)": "N/A", "Yield": "N/A", "5y Average Return": "N/A", "Holdings Turnover": "N/A", "Last Dividend": "N/A", "Average for Category": "N/A", "Inception Date": "N/A"}}, "fin": {}, "bs": {}, "cf": {}}}, {"JOB": {"quote": {"05/08/2021": {"value": "0.5424", "Market Cap": "54.782M", "Beta (5Y Monthly)": "2.06", "PE Ratio (TTM)": "N/A", "EPS (TTM)": "-0.9380", "Earnings Date": "Dec 29, 2020", "Forward Dividend & Yield": "N/A (N/A)", "Ex-Dividend Date": "Dec 12, 2007", "1y Target Est": "2.75"}}, "fin": {"TTM": {"Duration": "TTM", "Total Revenue": "126,921", "Cost of Revenue": "82,232", "Gross Profit": "44,689", "Operating Expense": "47,523", "Operating Income": "-2,834", "Net Non Operating Interest Income Expense": "-11,700", "Other Income Expense": "-", "Pretax Income": "-11,068", "Tax Provision": "31", "Net Income Common Stockholders": "13,376", "Average Dilution Earnings": "-", "Diluted NI Available to Com Stockholders": "-21,300", "Basic EPS": "-", "Diluted EPS": "-", "Basic Average Shares": "-", "Diluted Average Shares": "-", "Total Operating Income as Reported": "-11,684", "Total Expenses": "129,755", "Net Income from Continuing & Discontinued Operation": "-11,099", "Normalized Income": "-13,629", "Interest Expense": "11,700", "Net Interest Income": "-11,700", "EBIT": "632", "EBITDA": "5,558", "Reconciled Cost of Revenue": "82,232", "Reconciled Depreciation": "4,926", "Net Income from Continuing Operation Net Minority Interest": "-11,099", "Total Unusual Items Excluding Goodwill": "3,466", "Total Unusual Items": "3,466", "Normalized EBITDA": "2,092", "Tax Rate for Calcs": "0", "Tax Effect of Unusual Items": "935.82"}, "9/30/2020": {"Duration": "9/30/2020", "Total Revenue": "129,835", "Cost of Revenue": "85,131", "Gross Profit": "44,704", "Operating Expense": "49,687", "Operating Income": "-4,983", "Net Non Operating Interest Income Expense": "-12,233", "Other Income Expense": "3,466", "Pretax Income": "-13,750", "Tax Provision": "597", "Net Income Common Stockholders": "10,128", "Average Dilution Earnings": "-34,676", "Diluted NI Available to Com Stockholders": "-24,548", "Basic EPS": "0.67", "Diluted EPS": "-1.14", "Basic Average Shares": "15,214", "Diluted Average Shares": "21,570", "Total Operating Income as Reported": "-13,833", "Total Expenses": "134,818", "Net Income from Continuing & Discontinued Operation": "-14,347", "Normalized Income": "-16,877", "Interest Expense": "12,233", "Net Interest Income": "-12,233", "EBIT": "-1,517", "EBITDA": "-", "Reconciled Cost of Revenue": "85,131", "Reconciled Depreciation": "5,286", "Net Income from Continuing Operation Net Minority Interest": "-14,347", "Total Unusual Items Excluding Goodwill": "3,466", "Total Unusual Items": "3,466", "Normalized EBITDA": "303", "Tax Rate for Calcs": "0", "Tax Effect of Unusual Items": "935.82"}, "9/30/2019": {"Duration": "9/30/2019", "Total Revenue": "151,674", "Cost of Revenue": "99,653", "Gross Profit": "52,021", "Operating Expense": "48,393", "Operating Income": "3,628", "Net Non Operating Interest Income Expense": "-12,440", "Other Income Expense": "-8,581", "Pretax Income": "-17,393", "Tax Provision": "370", "Net Income Common Stockholders": "-17,763", "Average Dilution Earnings": "-", "Diluted NI Available to Com Stockholders": "-17,763", "Basic EPS": "-1.50", "Diluted EPS": "-1.50", "Basic Average Shares": "11,840", "Diluted Average Shares": "11,840", "Total Operating Income as Reported": "-4,953", "Total Expenses": "148,046", "Net Income from Continuing & Discontinued Operation": "-17,763", "Normalized Income": "-11,499", "Interest Expense": "12,440", "Net Interest Income": "-12,440", "EBIT": "-4,953", "EBITDA": "-", "Reconciled Cost of Revenue": "99,653", "Reconciled Depreciation": "5,935", "Net Income from Continuing Operation Net Minority Interest": "-17,763", "Total Unusual Items Excluding Goodwill": "-8,581", "Total Unusual Items": "-8,581", "Normalized EBITDA": "9,563", "Tax Rate for Calcs": "0", "Tax Effect of Unusual Items": "-2,317"}, "9/30/2018": {"Duration": "9/30/2018", "Total Revenue": "165,284", "Cost of Revenue": "106,352", "Gross Profit": "58,932", "Operating Expense": "53,378", "Operating Income": "5,554", "Net Non Operating Interest Income Expense": "-11,502", "Other Income Expense": "-2,475", "Pretax Income": "-8,423", "Tax Provision": "-859", "Net Income Common Stockholders": "-7,564", "Average Dilution Earnings": "-", "Diluted NI Available to Com Stockholders": "-7,564", "Basic EPS": "-0.74", "Diluted EPS": "-0.74", "Basic Average Shares": "10,239", "Diluted Average Shares": "10,239", "Total Operating Income as Reported": "2,462", "Total Expenses": "159,730", "Net Income from Continuing & Discontinued Operation": "-7,564", "Normalized Income": "-4,787", "Interest Expense": "11,502", "Net Interest Income": "-11,502", "EBIT": "3,079", "EBITDA": "-", "Reconciled Cost of Revenue": "106,352", "Reconciled Depreciation": "5,972", "Net Income from Continuing Operation Net Minority Interest": "-7,564", "Total Unusual Items Excluding Goodwill": "-3,092", "Total Unusual Items": "-3,092", "Normalized EBITDA": "12,143", "Tax Rate for Calcs": "0", "Tax Effect of Unusual Items": "-315.3304"}}, "bs": {"9/30/2020": {"Duration": "9/30/2020", "Total Assets": "120,013", "Total Liabilities Net Minority Interest": "92,635", "Total Equity Gross Minority Interest": "27,378", "Total Capitalization": "94,737", "Common Stock Equity": "27,378", "Capital Lease Obligations": "5,542", "Net Tangible Assets": "-54,908", "Working Capital": "13,351", "Invested Capital": "96,980", "Tangible Book Value": "-54,908", "Total Debt": "75,144", "Net Debt": "55,528", "Share Issued": "17,667", "Ordinary Shares Number": "17,667"}, "9/30/2019": {"Duration": "9/30/2019", "Total Assets": "124,481", "Total Liabilities Net Minority Interest": "115,272", "Total Equity Gross Minority Interest": "9,209", "Total Capitalization": "77,407", "Common Stock Equity": "9,209", "Capital Lease Obligations": "-", "Net Tangible Assets": "-86,965", "Working Capital": "8,534", "Invested Capital": "83,075", "Tangible Book Value": "-86,965", "Total Debt": "73,866", "Net Debt": "69,811", "Share Issued": "12,538", "Ordinary Shares Number": "12,538"}, "9/30/2018": {"Duration": "9/30/2018", "Total Assets": "133,601", "Total Liabilities Net Minority Interest": "112,499", "Total Equity Gross Minority Interest": "21,102", "Total Capitalization": "90,965", "Common Stock Equity": "21,102", "Capital Lease Obligations": "-", "Net Tangible Assets": "-84,958", "Working Capital": "13,115", "Invested Capital": "93,402", "Tangible Book Value": "-84,958", "Total Debt": "72,300", "Net Debt": "69,087", "Share Issued": "10,783", "Ordinary Shares Number": "10,783"}}, "cf": {"TTM": {"Duration": "TTM", "Operating Cash Flow": "-750", "Investing Cash Flow": "-63", "Financing Cash Flow": "12,793", "End Cash Position": "14,119", "Income Tax Paid Supplemental Data": "56", "Interest Paid Supplemental Data": "6,935", "Capital Expenditure": "-63", "Issuance of Debt": "-", "Repayment of Debt": "-", "Repurchase of Capital Stock": "-", "Free Cash Flow": "-813"}, "9/30/2020": {"Duration": "9/30/2020", "Operating Cash Flow": "-2,247", "Investing Cash Flow": "-119", "Financing Cash Flow": "12,385", "End Cash Position": "14,074", "Income Tax Paid Supplemental Data": "80", "Interest Paid Supplemental Data": "7,785", "Capital Expenditure": "-119", "Issuance of Debt": "17,540", "Repayment of Debt": "-2,224", "Repurchase of Capital Stock": "-2,931", "Free Cash Flow": "-2,366"}, "9/30/2019": {"Duration": "9/30/2019", "Operating Cash Flow": "-394", "Investing Cash Flow": "-209", "Financing Cash Flow": "1,445", "End Cash Position": "4,055", "Income Tax Paid Supplemental Data": "92", "Interest Paid Supplemental Data": "10,137", "Capital Expenditure": "-209", "Issuance of Debt": "2,290", "Repayment of Debt": "-845", "Repurchase of Capital Stock": "-", "Free Cash Flow": "-603"}, "9/30/2018": {"Duration": "9/30/2018", "Operating Cash Flow": "1,507", "Investing Cash Flow": "-324", "Financing Cash Flow": "-755", "End Cash Position": "3,213", "Income Tax Paid Supplemental Data": "45", "Interest Paid Supplemental Data": "9,788", "Capital Expenditure": "-324", "Issuance of Debt": "4,021", "Repayment of Debt": "-4,776", "Repurchase of Capital Stock": "-", "Free Cash Flow": "1,183"}}}}, {"HSON": {"quote": {"05/08/2021": {"value": "18.47", "Market Cap": "49.639M", "Beta (5Y Monthly)": "0.57", "PE Ratio (TTM)": "N/A", "EPS (TTM)": "-0.43", "Earnings Date": "May 07, 2021", "Forward Dividend & Yield": "N/A (N/A)", "Ex-Dividend Date": "Jun 10, 2016", "1y Target Est": "23.00"}}, "fin": {"TTM": {"Duration": "TTM", "Total Revenue": "101,448", "Cost of Revenue": "62,367", "Gross Profit": "39,081", "Operating Expense": "41,727", "Operating Income": "-2,646", "Net Non Operating Interest Income Expense": "149", "Other Income Expense": "1,789", "Pretax Income": "-708", "Tax Provision": "535", "Net Income Common Stockholders": "-1,243", "Diluted NI Available to Com Stockholders": "-1,243", "Basic EPS": "-", "Diluted EPS": "-", "Basic Average Shares": "-", "Diluted Average Shares": "-", "Total Operating Income as Reported": "-2,646", "Total Expenses": "104,094", "Net Income from Continuing & Discontinued Operation": "-1,243", "Normalized Income": "-1,243", "Interest Income": "149", "Net Interest Income": "149", "EBIT": "-2,646", "EBITDA": "-2,467", "Reconciled Cost of Revenue": "62,367", "Reconciled Depreciation": "179", "Net Income from Continuing Operation Net Minority Interest": "-1,243", "Total Unusual Items Excluding Goodwill": "-", "Total Unusual Items": "-", "Normalized EBITDA": "-2,467", "Tax Rate for Calcs": "0", "Tax Effect of Unusual Items": "0"}, "12/31/2020": {"Duration": "12/31/2020", "Total Revenue": "101,448", "Cost of Revenue": "62,367", "Gross Profit": "39,081", "Operating Expense": "41,727", "Operating Income": "-2,646", "Net Non Operating Interest Income Expense": "149", "Other Income Expense": "1,789", "Pretax Income": "-708", "Tax Provision": "535", "Net Income Common Stockholders": "-1,243", "Diluted NI Available to Com Stockholders": "-1,243", "Basic EPS": "-", "Diluted EPS": "-", "Basic Average Shares": "-", "Diluted Average Shares": "-", "Total Operating Income as Reported": "-2,646", "Total Expenses": "104,094", "Net Income from Continuing & Discontinued Operation": "-1,243", "Normalized Income": "-1,243", "Interest Income": "149", "Net Interest Income": "149", "EBIT": "-2,646", "EBITDA": "-", "Reconciled Cost of Revenue": "62,367", "Reconciled Depreciation": "179", "Net Income from Continuing Operation Net Minority Interest": "-1,243", "Total Unusual Items Excluding Goodwill": "-", "Total Unusual Items": "-", "Normalized EBITDA": "-2,467", "Tax Rate for Calcs": "0", "Tax Effect of Unusual Items": "0"}, "12/31/2019": {"Duration": "12/31/2019", "Total Revenue": "93,811", "Cost of Revenue": "50,245", "Gross Profit": "43,566", "Operating Expense": "45,227", "Operating Income": "-1,661", "Net Non Operating Interest Income Expense": "617", "Other Income Expense": "-338", "Pretax Income": "-1,382", "Tax Provision": "-540", "Net Income Common Stockholders": "-955", "Diluted NI Available to Com Stockholders": "-955", "Basic EPS": "-0.30", "Diluted EPS": "-0.30", "Basic Average Shares": "3,131", "Diluted Average Shares": "3,131", "Total Operating Income as Reported": "-1,661", "Total Expenses": "95,472", "Net Income from Continuing & Discontinued Operation": "-955", "Normalized Income": "-842", "Interest Income": "617", "Net Interest Income": "617", "EBIT": "-1,661", "EBITDA": "-", "Reconciled Cost of Revenue": "50,245", "Reconciled Depreciation": "85", "Net Income from Continuing Operation Net Minority Interest": "-842", "Total Unusual Items Excluding Goodwill": "-", "Total Unusual Items": "-", "Normalized EBITDA": "-1,576", "Tax Rate for Calcs": "0", "Tax Effect of Unusual Items": "0"}, "12/31/2018": {"Duration": "12/31/2018", "Total Revenue": "66,932", "Cost of Revenue": "24,828", "Gross Profit": "42,104", "Operating Expense": "47,321", "Operating Income": "-5,217", "Net Non Operating Interest Income Expense": "298", "Other Income Expense": "-248", "Pretax Income": "-5,167", "Tax Provision": "99", "Net Income Common Stockholders": "7,867", "Diluted NI Available to Com Stockholders": "7,867", "Basic EPS": "2.40", "Diluted EPS": "2.40", "Basic Average Shares": "3,285", "Diluted Average Shares": "3,285", "Total Operating Income as Reported": "-5,217", "Total Expenses": "72,149", "Net Income from Continuing & Discontinued Operation": "7,867", "Normalized Income": "-5,266", "Interest Income": "298", "Net Interest Income": "298", "EBIT": "-5,217", "EBITDA": "-", "Reconciled Cost of Revenue": "24,148", "Reconciled Depreciation": "696", "Net Income from Continuing Operation Net Minority Interest": "-5,266", "Total Unusual Items Excluding Goodwill": "0", "Total Unusual Items": "0", "Normalized EBITDA": "-4,521", "Tax Rate for Calcs": "0", "Tax Effect of Unusual Items": "0"}}, "bs": {"12/31/2020": {"Duration": "12/31/2020", "Total Assets": "45,386", "Total Liabilities Net Minority Interest": "11,106", "Total Equity Gross Minority Interest": "34,280", "Total Capitalization": "34,280", "Common Stock Equity": "34,280", "Capital Lease Obligations": "214", "Net Tangible Assets": "30,792", "Working Capital": "30,283", "Invested Capital": "34,280", "Tangible Book Value": "30,792", "Total Debt": "214", "Share Issued": "3,672", "Ordinary Shares Number": "2,685", "Treasury Shares Number": "987"}, "12/31/2019": {"Duration": "12/31/2019", "Total Assets": "46,704", "Total Liabilities Net Minority Interest": "10,670", "Total Equity Gross Minority Interest": "36,034", "Total Capitalization": "36,034", "Common Stock Equity": "36,034", "Capital Lease Obligations": "406", "Net Tangible Assets": "36,034", "Working Capital": "35,449", "Invested Capital": "36,034", "Tangible Book Value": "36,034", "Total Debt": "406", "Share Issued": "3,662", "Ordinary Shares Number": "2,936", "Treasury Shares Number": "726"}, "12/31/2018": {"Duration": "12/31/2018", "Total Assets": "53,179", "Total Liabilities Net Minority Interest": "12,692", "Total Equity Gross Minority Interest": "40,487", "Total Capitalization": "40,487", "Common Stock Equity": "40,487", "Capital Lease Obligations": "-", "Net Tangible Assets": "40,487", "Working Capital": "41,507", "Invested Capital": "40,487", "Tangible Book Value": "40,487", "Total Debt": "-", "Share Issued": "3,614", "Ordinary Shares Number": "3,191", "Treasury Shares Number": "423"}}, "cf": {"TTM": {"Duration": "TTM", "Operating Cash Flow": "-1,426", "Investing Cash Flow": "-4,019", "Financing Cash Flow": "-927", "End Cash Position": "26,199", "Income Tax Paid Supplemental Data": "1,108", "Interest Paid Supplemental Data": "1", "Capital Expenditure": "-22", "Issuance of Debt": "1,326", "Repayment of Debt": "-52,345", "Repurchase of Capital Stock": "-2,253", "Free Cash Flow": "-1,448"}, "12/31/2020": {"Duration": "12/31/2020", "Operating Cash Flow": "-1,426", "Investing Cash Flow": "-4,019", "Financing Cash Flow": "-927", "End Cash Position": "26,199", "Income Tax Paid Supplemental Data": "1,108", "Interest Paid Supplemental Data": "1", "Capital Expenditure": "-22", "Issuance of Debt": "1,326", "Repayment of Debt": "-", "Repurchase of Capital Stock": "-2,253", "Free Cash Flow": "-1,448"}, "12/31/2019": {"Duration": "12/31/2019", "Operating Cash Flow": "-4,828", "Investing Cash Flow": "-84", "Financing Cash Flow": "-4,586", "End Cash Position": "31,718", "Income Tax Paid Supplemental Data": "648", "Interest Paid Supplemental Data": "6", "Capital Expenditure": "-84", "Issuance of Debt": "52,345", "Repayment of Debt": "-52,345", "Repurchase of Capital Stock": "-4,586", "Free Cash Flow": "-4,912"}, "12/31/2018": {"Duration": "12/31/2018", "Operating Cash Flow": "-15,512", "Investing Cash Flow": "27,327", "Financing Cash Flow": "7,182", "End Cash Position": "41,060", "Income Tax Paid Supplemental Data": "162", "Interest Paid Supplemental Data": "92", "Capital Expenditure": "-465", "Issuance of Debt": "59,647", "Repayment of Debt": "-51,709", "Repurchase of Capital Stock": "-756", "Free Cash Flow": "-15,977"}}}}, {"RHI": {"quote": {"05/08/2021": {"value": "90.32", "Market Cap": "10.186B", "Beta (5Y Monthly)": "1.58", "PE Ratio (TTM)": "31.27", "EPS (TTM)": "2.89", "Earnings Date": "Jul 21, 2021 - Jul 26, 2021", "Forward Dividend & Yield": "1.52 (1.68%)", "Ex-Dividend Date": "May 24, 2021", "1y Target Est": "83.67"}}, "fin": {"TTM": {"Duration": "TTM", "Total Revenue": "5,000,689", "Cost of Revenue": "3,040,755", "Gross Profit": "1,959,934", "Operating Expense": "1,647,692", "Operating Income": "312,242", "Net Non Operating Interest Income Expense": "431", "Other Income Expense": "127,552", "Pretax Income": "440,225", "Tax Provision": "113,266", "Net Income Common Stockholders": "326,959", "Diluted NI Available to Com Stockholders": "326,959", "Basic EPS": "-", "Diluted EPS": "-", "Basic Average Shares": "-", "Diluted Average Shares": "-", "Total Expenses": "4,688,447", "Net Income from Continuing & Discontinued Operation": "326,959", "Normalized Income": "232,225", "Interest Income": "431", "Net Interest Income": "431", "EBIT": "312,242", "EBITDA": "374,029", "Reconciled Cost of Revenue": "2,980,425", "Reconciled Depreciation": "61,787", "Net Income from Continuing Operation Net Minority Interest": "326,959", "Total Unusual Items Excluding Goodwill": "127,552", "Total Unusual Items": "127,552", "Normalized EBITDA": "246,477", "Tax Rate for Calcs": "0", "Tax Effect of Unusual Items": "32,818"}, "12/31/2020": {"Duration": "12/31/2020", "Total Revenue": "5,109,000", "Cost of Revenue": "3,096,389", "Gross Profit": "2,012,611", "Operating Expense": "1,667,260", "Operating Income": "345,351", "Net Non Operating Interest Income Expense": "1,343", "Other Income Expense": "75,188", "Pretax Income": "421,882", "Tax Provision": "115,606", "Net Income Common Stockholders": "306,276", "Diluted NI Available to Com Stockholders": "306,276", "Basic EPS": "2.72", "Diluted EPS": "2.70", "Basic Average Shares": "112,729", "Diluted Average Shares": "113,318", "Total Expenses": "4,763,649", "Net Income from Continuing & Discontinued Operation": "306,276", "Normalized Income": "251,690", "Interest Income": "1,343", "Net Interest Income": "1,343", "EBIT": "345,351", "EBITDA": "-", "Reconciled Cost of Revenue": "3,034,108", "Reconciled Depreciation": "63,500", "Net Income from Continuing Operation Net Minority Interest": "306,276", "Total Unusual Items Excluding Goodwill": "75,188", "Total Unusual Items": "75,188", "Normalized EBITDA": "333,663", "Tax Rate for Calcs": "0", "Tax Effect of Unusual Items": "20,602"}, "12/31/2019": {"Duration": "12/31/2019", "Total Revenue": "6,074,432", "Cost of Revenue": "3,543,913", "Gross Profit": "2,530,519", "Operating Expense": "1,910,129", "Operating Income": "620,390", "Net Non Operating Interest Income Expense": "5,125", "Other Income Expense": "-", "Pretax Income": "625,515", "Tax Provision": "171,082", "Net Income Common Stockholders": "454,433", "Diluted NI Available to Com Stockholders": "454,433", "Basic EPS": "3.93", "Diluted EPS": "3.90", "Basic Average Shares": "115,656", "Diluted Average Shares": "116,411", "Total Expenses": "5,454,042", "Net Income from Continuing & Discontinued Operation": "454,433", "Normalized Income": "454,433", "Interest Income": "5,125", "Net Interest Income": "5,125", "EBIT": "620,390", "EBITDA": "-", "Reconciled Cost of Revenue": "3,479,649", "Reconciled Depreciation": "65,625", "Net Income from Continuing Operation Net Minority Interest": "454,433", "Total Unusual Items Excluding Goodwill": "-", "Total Unusual Items": "-", "Normalized EBITDA": "686,015", "Tax Rate for Calcs": "0", "Tax Effect of Unusual Items": "0"}, "12/31/2018": {"Duration": "12/31/2018", "Total Revenue": "5,800,271", "Cost of Revenue": "3,390,257", "Gross Profit": "2,410,014", "Operating Expense": "1,822,794", "Operating Income": "587,220", "Net Non Operating Interest Income Expense": "4,382", "Other Income Expense": "-", "Pretax Income": "591,602", "Tax Provision": "157,314", "Net Income Common Stockholders": "434,288", "Diluted NI Available to Com Stockholders": "434,288", "Basic EPS": "3.60", "Diluted EPS": "3.57", "Basic Average Shares": "120,513", "Diluted Average Shares": "121,602", "Total Expenses": "5,213,051", "Net Income from Continuing & Discontinued Operation": "434,288", "Normalized Income": "434,288", "Interest Income": "4,382", "Net Interest Income": "4,382", "EBIT": "587,220", "EBITDA": "-", "Reconciled Cost of Revenue": "3,326,013", "Reconciled Depreciation": "65,949", "Net Income from Continuing Operation Net Minority Interest": "434,288", "Total Unusual Items Excluding Goodwill": "-", "Total Unusual Items": "-", "Normalized EBITDA": "653,169", "Tax Rate for Calcs": "0", "Tax Effect of Unusual Items": "0"}}, "bs": {"12/31/2020": {"Duration": "12/31/2020", "Total Assets": "2,557,424", "Total Liabilities Net Minority Interest": "1,352,135", "Total Equity Gross Minority Interest": "1,205,289", "Total Capitalization": "1,205,289", "Common Stock Equity": "1,205,289", "Capital Lease Obligations": "302,473", "Net Tangible Assets": "976,640", "Working Capital": "796,112", "Invested Capital": "1,205,528", "Tangible Book Value": "976,640", "Total Debt": "302,712", "Share Issued": "113,128", "Ordinary Shares Number": "113,128"}, "12/31/2019": {"Duration": "12/31/2019", "Total Assets": "2,311,408", "Total Liabilities Net Minority Interest": "1,167,725", "Total Equity Gross Minority Interest": "1,143,683", "Total Capitalization": "1,143,922", "Common Stock Equity": "1,143,683", "Capital Lease Obligations": "273,369", "Net Tangible Assets": "931,567", "Working Capital": "688,157", "Invested Capital": "1,144,140", "Tangible Book Value": "931,567", "Total Debt": "273,826", "Share Issued": "115,120", "Ordinary Shares Number": "115,120"}, "12/31/2018": {"Duration": "12/31/2018", "Total Assets": "1,903,097", "Total Liabilities Net Minority Interest": "839,899", "Total Equity Gross Minority Interest": "1,063,198", "Total Capitalization": "1,063,655", "Common Stock Equity": "1,063,198", "Capital Lease Obligations": "-", "Net Tangible Assets": "850,091", "Working Capital": "654,074", "Invested Capital": "1,063,855", "Tangible Book Value": "850,091", "Total Debt": "657", "Share Issued": "119,078", "Ordinary Shares Number": "119,078"}}, "cf": {"TTM": {"Duration": "TTM", "Operating Cash Flow": "539,658", "Investing Cash Flow": "22,362", "Financing Cash Flow": "-328,628", "End Cash Position": "483,306", "Income Tax Paid Supplemental Data": "-", "Interest Paid Supplemental Data": "-", "Capital Expenditure": "-28,840", "Issuance of Capital Stock": "-", "Repayment of Debt": "-223", "Repurchase of Capital Stock": "-168,669", "Free Cash Flow": "510,818"}, "12/31/2020": {"Duration": "12/31/2020", "Operating Cash Flow": "596,528", "Investing Cash Flow": "9,461", "Financing Cash Flow": "-315,325", "End Cash Position": "574,426", "Income Tax Paid Supplemental Data": "128,321", "Interest Paid Supplemental Data": "577", "Capital Expenditure": "-33,377", "Issuance of Capital Stock": "2,506", "Repayment of Debt": "-218", "Repurchase of Capital Stock": "-159,172", "Free Cash Flow": "563,151"}, "12/31/2019": {"Duration": "12/31/2019", "Operating Cash Flow": "519,629", "Investing Cash Flow": "-102,138", "Financing Cash Flow": "-423,366", "End Cash Position": "270,478", "Income Tax Paid Supplemental Data": "191,522", "Interest Paid Supplemental Data": "232", "Capital Expenditure": "-59,464", "Issuance of Capital Stock": "4,253", "Repayment of Debt": "-200", "Repurchase of Capital Stock": "-277,535", "Free Cash Flow": "460,165"}, "12/31/2018": {"Duration": "12/31/2018", "Operating Cash Flow": "572,322", "Investing Cash Flow": "-88,509", "Financing Cash Flow": "-490,115", "End Cash Position": "276,579", "Income Tax Paid Supplemental Data": "137,147", "Interest Paid Supplemental Data": "233", "Capital Expenditure": "-42,484", "Issuance of Capital Stock": "5,614", "Repayment of Debt": "-183", "Repurchase of Capital Stock": "-353,509", "Free Cash Flow": "529,838"}}}}, {"HSII": {"quote": {"05/08/2021": {"value": "42.23", "Market Cap": "823.43M", "Beta (5Y Monthly)": "0.90", "PE Ratio (TTM)": "N/A", "EPS (TTM)": "-1.63", "Earnings Date": "Jul 26, 2021 - Jul 30, 2021", "Forward Dividend & Yield": "0.60 (1.41%)", "Ex-Dividend Date": "May 06, 2021", "1y Target Est": "46.00"}}, "fin": {"TTM": {"Duration": "TTM", "Total Revenue": "649,254", "Cost of Revenue": "470,698", "Gross Profit": "178,556", "Operating Expense": "123,426", "Operating Income": "55,130", "Net Non Operating Interest Income Expense": "-393", "Other Income Expense": "-77,759", "Pretax Income": "-23,022", "Tax Provision": "8,519", "Net Income Common Stockholders": "-31,541", "Diluted NI Available to Com Stockholders": "-31,541", "Basic EPS": "-", "Diluted EPS": "-", "Basic Average Shares": "-", "Diluted Average Shares": "-", "Total Operating Income as Reported": "-34,073", "Total Expenses": "594,124", "Net Income from Continuing & Discontinued Operation": "-31,541", "Normalized Income": "21,981", "Net Interest Income": "-393", "EBIT": "55,130", "EBITDA": "85,517", "Reconciled Cost of Revenue": "470,698", "Reconciled Depreciation": "30,387", "Net Income from Continuing Operation Net Minority Interest": "-31,541", "Total Unusual Items Excluding Goodwill": "-89,203", "Total Unusual Items": "-89,203", "Normalized EBITDA": "174,720", "Tax Rate for Calcs": "0", "Tax Effect of Unusual Items": "-35,681"}, "12/31/2020": {"Duration": "12/31/2020", "Total Revenue": "629,370", "Cost of Revenue": "450,424", "Gross Profit": "178,946", "Operating Expense": "129,133", "Operating Income": "49,813", "Net Non Operating Interest Income Expense": "204", "Other Income Expense": "-81,415", "Pretax Income": "-31,398", "Tax Provision": "6,309", "Net Income Common Stockholders": "-37,707", "Diluted NI Available to Com Stockholders": "-37,707", "Basic EPS": "-1.95", "Diluted EPS": "-1.95", "Basic Average Shares": "19,301", "Diluted Average Shares": "19,301", "Total Operating Income as Reported": "-35,529", "Total Expenses": "579,557", "Net Income from Continuing & Discontinued Operation": "-37,707", "Normalized Income": "24,593", "Net Interest Income": "204", "EBIT": "49,813", "EBITDA": "-", "Reconciled Cost of Revenue": "450,424", "Reconciled Depreciation": "26,656", "Net Income from Continuing Operation Net Minority Interest": "-37,707", "Total Unusual Items Excluding Goodwill": "-85,342", "Total Unusual Items": "-85,342", "Normalized EBITDA": "161,811", "Tax Rate for Calcs": "0", "Tax Effect of Unusual Items": "-23,042"}, "12/31/2019": {"Duration": "12/31/2019", "Total Revenue": "725,614", "Cost of Revenue": "501,791", "Gross Profit": "223,823", "Operating Expense": "156,182", "Operating Income": "67,641", "Net Non Operating Interest Income Expense": "2,880", "Other Income Expense": "-1,232", "Pretax Income": "69,289", "Tax Provision": "22,420", "Net Income Common Stockholders": "46,869", "Diluted NI Available to Com Stockholders": "46,869", "Basic EPS": "2.45", "Diluted EPS": "2.40", "Basic Average Shares": "19,103", "Diluted Average Shares": "19,551", "Total Operating Income as Reported": "63,511", "Total Expenses": "657,973", "Net Income from Continuing & Discontinued Operation": "46,869", "Normalized Income": "49,663", "Net Interest Income": "2,880", "EBIT": "67,641", "EBITDA": "-", "Reconciled Cost of Revenue": "501,791", "Reconciled Depreciation": "10,371", "Net Income from Continuing Operation Net Minority Interest": "46,869", "Total Unusual Items Excluding Goodwill": "-4,130", "Total Unusual Items": "-4,130", "Normalized EBITDA": "82,142", "Tax Rate for Calcs": "0", "Tax Effect of Unusual Items": "-1,336"}, "12/31/2018": {"Duration": "12/31/2018", "Total Revenue": "735,655", "Cost of Revenue": "506,349", "Gross Profit": "229,306", "Operating Expense": "160,449", "Operating Income": "68,857", "Net Non Operating Interest Income Expense": "1,141", "Other Income Expense": "494", "Pretax Income": "70,492", "Tax Provision": "21,197", "Net Income Common Stockholders": "49,295", "Diluted NI Available to Com Stockholders": "49,295", "Basic EPS": "2.61", "Diluted EPS": "2.52", "Basic Average Shares": "18,917", "Diluted Average Shares": "19,532", "Total Operating Income as Reported": "68,857", "Total Expenses": "666,798", "Net Income from Continuing & Discontinued Operation": "49,295", "Normalized Income": "49,295", "Net Interest Income": "1,141", "EBIT": "68,857", "EBITDA": "-", "Reconciled Cost of Revenue": "506,349", "Reconciled Depreciation": "12,522", "Net Income from Continuing Operation Net Minority Interest": "49,295", "Total Unusual Items Excluding Goodwill": "0", "Total Unusual Items": "0", "Normalized EBITDA": "81,379", "Tax Rate for Calcs": "0", "Tax Effect of Unusual Items": "0"}}, "bs": {"12/31/2020": {"Duration": "12/31/2020", "Total Assets": "787,812", "Total Liabilities Net Minority Interest": "520,210", "Total Equity Gross Minority Interest": "267,602", "Total Capitalization": "267,602", "Common Stock Equity": "267,602", "Capital Lease Obligations": "115,800", "Net Tangible Assets": "174,830", "Working Capital": "154,448", "Invested Capital": "267,602", "Tangible Book Value": "174,830", "Total Debt": "115,800", "Share Issued": "19,586", "Ordinary Shares Number": "19,360", "Treasury Shares Number": "226.191"}, "12/31/2019": {"Duration": "12/31/2019", "Total Assets": "844,173", "Total Liabilities Net Minority Interest": "535,058", "Total Equity Gross Minority Interest": "309,115", "Total Capitalization": "309,115", "Common Stock Equity": "309,115", "Capital Lease Obligations": "110,343", "Net Tangible Assets": "180,349", "Working Capital": "149,140", "Invested Capital": "309,115", "Tangible Book Value": "180,349", "Total Debt": "110,343", "Share Issued": "19,586", "Ordinary Shares Number": "19,166", "Treasury Shares Number": "419.823"}, "12/31/2018": {"Duration": "12/31/2018", "Total Assets": "700,629", "Total Liabilities Net Minority Interest": "433,473", "Total Equity Gross Minority Interest": "267,156", "Total Capitalization": "267,156", "Common Stock Equity": "267,156", "Capital Lease Obligations": "-", "Net Tangible Assets": "142,848", "Working Capital": "131,916", "Invested Capital": "267,156", "Tangible Book Value": "142,848", "Total Debt": "-", "Share Issued": "19,586", "Ordinary Shares Number": "18,954", "Treasury Shares Number": "631.502"}}, "cf": {"TTM": {"Duration": "TTM", "Operating Cash Flow": "46,382", "Investing Cash Flow": "-7,037", "Financing Cash Flow": "-115,224", "End Cash Position": "175,121", "Income Tax Paid Supplemental Data": "-", "Interest Paid Supplemental Data": "-", "Capital Expenditure": "-6,514", "Issuance of Debt": "0", "Repayment of Debt": "-", "Free Cash Flow": "39,868"}, "12/31/2020": {"Duration": "12/31/2020", "Operating Cash Flow": "23,353", "Investing Cash Flow": "32,626", "Financing Cash Flow": "-16,402", "End Cash Position": "316,489", "Income Tax Paid Supplemental Data": "12,154", "Interest Paid Supplemental Data": "761", "Capital Expenditure": "-7,322", "Issuance of Debt": "100,000", "Repayment of Debt": "-100,000", "Free Cash Flow": "16,031"}, "12/31/2019": {"Duration": "12/31/2019", "Operating Cash Flow": "78,645", "Investing Cash Flow": "-69,315", "Financing Cash Flow": "-18,240", "End Cash Position": "271,719", "Income Tax Paid Supplemental Data": "27,338", "Interest Paid Supplemental Data": "0", "Capital Expenditure": "-3,352", "Issuance of Debt": "0", "Repayment of Debt": "0", "Free Cash Flow": "75,293"}, "12/31/2018": {"Duration": "12/31/2018", "Operating Cash Flow": "102,902", "Investing Cash Flow": "-8,249", "Financing Cash Flow": "-16,988", "End Cash Position": "280,262", "Income Tax Paid Supplemental Data": "22,616", "Interest Paid Supplemental Data": "67", "Capital Expenditure": "-5,960", "Issuance of Debt": "20,000", "Repayment of Debt": "-20,000", "Free Cash Flow": "96,942"}}}}, {"MHH": {"quote": {"05/08/2021": {"value": "15.60", "Market Cap": "178.202M", "Beta (5Y Monthly)": "0.57", "PE Ratio (TTM)": "20.29", "EPS (TTM)": "0.77", "Earnings Date": "Jul 27, 2021 - Aug 02, 2021", "Forward Dividend & Yield": "N/A (N/A)", "Ex-Dividend Date": "Dec 05, 2013", "1y Target Est": "36.75"}}, "fin": {"TTM": {"Duration": "TTM", "Total Revenue": "193,451", "Cost of Revenue": "141,827", "Gross Profit": "51,624", "Operating Expense": "38,828", "Operating Income": "12,796", "Net Non Operating Interest Income Expense": "-", "Other Income Expense": "-189", "Pretax Income": "12,020", "Tax Provision": "2,834", "Net Income Common Stockholders": "9,186", "Diluted NI Available to Com Stockholders": "9,186", "Basic EPS": "-", "Diluted EPS": "-", "Basic Average Shares": "-", "Diluted Average Shares": "-", "Total Operating Income as Reported": "12,796", "Total Expenses": "180,655", "Net Income from Continuing & Discontinued Operation": "9,186", "Normalized Income": "9,186", "Interest Expense": "-", "Net Interest Income": "-", "EBIT": "12,796", "EBITDA": "12,796", "Reconciled Cost of Revenue": "141,827", "Reconciled Depreciation": "-", "Net Income from Continuing Operation Net Minority Interest": "9,186", "Total Unusual Items Excluding Goodwill": "0", "Total Unusual Items": "0", "Normalized EBITDA": "12,796", "Tax Rate for Calcs": "0", "Tax Effect of Unusual Items": "0"}, "12/31/2020": {"Duration": "12/31/2020", "Total Revenue": "194,101", "Cost of Revenue": "142,562", "Gross Profit": "51,539", "Operating Expense": "38,136", "Operating Income": "13,403", "Net Non Operating Interest Income Expense": "-866", "Other Income Expense": "96", "Pretax Income": "12,633", "Tax Provision": "2,772", "Net Income Common Stockholders": "9,861", "Diluted NI Available to Com Stockholders": "9,861", "Basic EPS": "0.87", "Diluted EPS": "0.83", "Basic Average Shares": "11,292", "Diluted Average Shares": "11,950", "Total Operating Income as Reported": "13,403", "Total Expenses": "180,698", "Net Income from Continuing & Discontinued Operation": "9,861", "Normalized Income": "9,861", "Interest Expense": "770", "Net Interest Income": "-866", "EBIT": "13,403", "EBITDA": "-", "Reconciled Cost of Revenue": "142,562", "Reconciled Depreciation": "3,589", "Net Income from Continuing Operation Net Minority Interest": "9,861", "Total Unusual Items Excluding Goodwill": "0", "Total Unusual Items": "0", "Normalized EBITDA": "16,992", "Tax Rate for Calcs": "0", "Tax Effect of Unusual Items": "0"}, "12/31/2019": {"Duration": "12/31/2019", "Total Revenue": "193,574", "Cost of Revenue": "145,593", "Gross Profit": "47,981", "Operating Expense": "37,063", "Operating Income": "10,918", "Net Non Operating Interest Income Expense": "-1,779", "Other Income Expense": "6,080", "Pretax Income": "15,219", "Tax Provision": "4,074", "Net Income Common Stockholders": "11,145", "Diluted NI Available to Com Stockholders": "11,145", "Basic EPS": "1.01", "Diluted EPS": "0.99", "Basic Average Shares": "11,029", "Diluted Average Shares": "11,232", "Total Operating Income as Reported": "16,987", "Total Expenses": "182,656", "Net Income from Continuing & Discontinued Operation": "11,145", "Normalized Income": "6,702", "Interest Expense": "1,768", "Net Interest Income": "-1,779", "EBIT": "10,918", "EBITDA": "-", "Reconciled Cost of Revenue": "145,593", "Reconciled Depreciation": "3,434", "Net Income from Continuing Operation Net Minority Interest": "11,145", "Total Unusual Items Excluding Goodwill": "6,069", "Total Unusual Items": "6,069", "Normalized EBITDA": "8,283", "Tax Rate for Calcs": "0", "Tax Effect of Unusual Items": "1,626"}, "12/31/2018": {"Duration": "12/31/2018", "Total Revenue": "177,164", "Cost of Revenue": "134,636", "Gross Profit": "42,528", "Operating Expense": "32,221", "Operating Income": "10,307", "Net Non Operating Interest Income Expense": "-2,171", "Other Income Expense": "1,278", "Pretax Income": "9,414", "Tax Provision": "2,723", "Net Income Common Stockholders": "6,691", "Diluted NI Available to Com Stockholders": "6,691", "Basic EPS": "0.61", "Diluted EPS": "0.60", "Basic Average Shares": "10,950", "Diluted Average Shares": "11,161", "Total Operating Income as Reported": "11,625", "Total Expenses": "166,857", "Net Income from Continuing & Discontinued Operation": "6,691", "Normalized Income": "5,754", "Interest Expense": "-", "Net Interest Income": "-2,171", "EBIT": "10,307", "EBITDA": "-", "Reconciled Cost of Revenue": "134,636", "Reconciled Depreciation": "3,182", "Net Income from Continuing Operation Net Minority Interest": "6,691", "Total Unusual Items Excluding Goodwill": "1,318", "Total Unusual Items": "1,318", "Normalized EBITDA": "12,171", "Tax Rate for Calcs": "0", "Tax Effect of Unusual Items": "380.902"}}, "bs": {"12/31/2020": {"Duration": "12/31/2020", "Total Assets": "102,046", "Total Liabilities Net Minority Interest": "42,513", "Total Equity Gross Minority Interest": "59,533", "Total Capitalization": "72,408", "Common Stock Equity": "59,533", "Capital Lease Obligations": "3,404", "Net Tangible Assets": "5,093", "Working Capital": "19,186", "Invested Capital": "76,808", "Tangible Book Value": "5,093", "Total Debt": "20,679", "Net Debt": "9,598", "Share Issued": "13,040", "Ordinary Shares Number": "11,393", "Treasury Shares Number": "1,646"}, "12/31/2019": {"Duration": "12/31/2019", "Total Assets": "90,584", "Total Liabilities Net Minority Interest": "44,304", "Total Equity Gross Minority Interest": "46,280", "Total Capitalization": "66,962", "Common Stock Equity": "46,280", "Capital Lease Obligations": "4,717", "Net Tangible Assets": "124", "Working Capital": "17,839", "Invested Capital": "71,537", "Tangible Book Value": "124", "Total Debt": "29,974", "Net Debt": "22,276", "Share Issued": "12,701", "Ordinary Shares Number": "11,054", "Treasury Shares Number": "1,646"}, "12/31/2018": {"Duration": "12/31/2018", "Total Assets": "92,584", "Total Liabilities Net Minority Interest": "58,308", "Total Equity Gross Minority Interest": "34,276", "Total Capitalization": "68,405", "Common Stock Equity": "34,276", "Capital Lease Obligations": "-", "Net Tangible Assets": "-14,568", "Working Capital": "22,789", "Invested Capital": "72,980", "Tangible Book Value": "-14,568", "Total Debt": "38,704", "Net Debt": "37,410", "Share Issued": "12,636", "Ordinary Shares Number": "10,992", "Treasury Shares Number": "1,644"}}, "cf": {"TTM": {"Duration": "TTM", "Operating Cash Flow": "-", "Investing Cash Flow": "-", "Financing Cash Flow": "-", "End Cash Position": "-", "Income Tax Paid Supplemental Data": "-", "Interest Paid Supplemental Data": "-", "Capital Expenditure": "-", "Issuance of Capital Stock": "-", "Issuance of Debt": "-", "Repayment of Debt": "-", "Repurchase of Capital Stock": "-", "Free Cash Flow": "-"}, "12/31/2020": {"Duration": "12/31/2020", "Operating Cash Flow": "21,231", "Investing Cash Flow": "-9,634", "Financing Cash Flow": "-6,714", "End Cash Position": "7,677", "Income Tax Paid Supplemental Data": "2,681", "Interest Paid Supplemental Data": "779", "Capital Expenditure": "-298", "Issuance of Capital Stock": "222", "Issuance of Debt": "17,500", "Repayment of Debt": "-25,520", "Repurchase of Capital Stock": "0", "Free Cash Flow": "20,933"}, "12/31/2019": {"Duration": "12/31/2019", "Operating Cash Flow": "16,084", "Investing Cash Flow": "-879", "Financing Cash Flow": "-13,389", "End Cash Position": "2,981", "Income Tax Paid Supplemental Data": "2,634", "Interest Paid Supplemental Data": "1,780", "Capital Expenditure": "-1,014", "Issuance of Capital Stock": "168", "Issuance of Debt": "0", "Repayment of Debt": "-13,551", "Repurchase of Capital Stock": "-13", "Free Cash Flow": "15,070"}, "12/31/2018": {"Duration": "12/31/2018", "Operating Cash Flow": "-471", "Investing Cash Flow": "-1,056", "Financing Cash Flow": "550", "End Cash Position": "1,294", "Income Tax Paid Supplemental Data": "2,031", "Interest Paid Supplemental Data": "2,060", "Capital Expenditure": "-771", "Issuance of Capital Stock": "0", "Issuance of Debt": "4,526", "Repayment of Debt": "-4,003", "Repurchase of Capital Stock": "-20", "Free Cash Flow": "-1,242"}}}}, {"PAYX": {"quote": {"05/08/2021": {"value": "101.01", "Market Cap": "36.4B", "Beta (5Y Monthly)": "0.89", "PE Ratio (TTM)": "34.59", "EPS (TTM)": "2.92", "Earnings Date": "Jul 05, 2021 - Jul 09, 2021", "Forward Dividend & Yield": "2.64 (2.61%)", "Ex-Dividend Date": "May 11, 2021", "1y Target Est": "98.07"}}, "fin": {"TTM": {"Duration": "TTM", "Total Revenue": "3,942,700", "Cost of Revenue": "1,247,100", "Gross Profit": "2,695,600", "Operating Expense": "1,289,100", "Operating Income": "1,406,500", "Net Non Operating Interest Income Expense": "-33,100", "Other Income Expense": "6,500", "Pretax Income": "1,379,900", "Tax Provision": "324,700", "Net Income Common Stockholders": "1,055,200", "Diluted NI Available to Com Stockholders": "1,055,200", "Basic EPS": "-", "Diluted EPS": "-", "Basic Average Shares": "-", "Diluted Average Shares": "-", "Total Operating Income as Reported": "1,406,500", "Total Expenses": "2,536,200", "Net Income from Continuing & Discontinued Operation": "1,055,200", "Normalized Income": "1,055,200", "Interest Income": "2,800", "Interest Expense": "35,900", "Net Interest Income": "-33,100", "EBIT": "1,415,800", "EBITDA": "1,612,100", "Reconciled Cost of Revenue": "1,247,100", "Reconciled Depreciation": "196,300", "Net Income from Continuing Operation Net Minority Interest": "1,055,200", "Total Unusual Items Excluding Goodwill": "-", "Total Unusual Items": "-", "Normalized EBITDA": "1,612,100", "Tax Rate for Calcs": "0", "Tax Effect of Unusual Items": "0"}, "5/31/2020": {"Duration": "5/31/2020", "Total Revenue": "4,040,500", "Cost of Revenue": "1,280,800", "Gross Profit": "2,759,700", "Operating Expense": "1,299,200", "Operating Income": "1,460,500", "Net Non Operating Interest Income Expense": "-26,500", "Other Income Expense": "3,100", "Pretax Income": "1,437,100", "Tax Provision": "339,000", "Net Income Common Stockholders": "1,098,100", "Diluted NI Available to Com Stockholders": "1,098,100", "Basic EPS": "3.06", "Diluted EPS": "3.04", "Basic Average Shares": "358,500", "Diluted Average Shares": "361,000", "Total Operating Income as Reported": "1,460,500", "Total Expenses": "2,580,000", "Net Income from Continuing & Discontinued Operation": "1,098,100", "Normalized Income": "1,098,100", "Interest Income": "12,300", "Interest Expense": "38,800", "Net Interest Income": "-26,500", "EBIT": "1,475,900", "EBITDA": "-", "Reconciled Cost of Revenue": "1,280,800", "Reconciled Depreciation": "209,700", "Net Income from Continuing Operation Net Minority Interest": "1,098,100", "Total Unusual Items Excluding Goodwill": "-", "Total Unusual Items": "-", "Normalized EBITDA": "1,685,600", "Tax Rate for Calcs": "0", "Tax Effect of Unusual Items": "0"}, "5/31/2019": {"Duration": "5/31/2019", "Total Revenue": "3,772,500", "Cost of Revenue": "1,177,800", "Gross Profit": "2,594,700", "Operating Expense": "1,223,400", "Operating Income": "1,371,300", "Net Non Operating Interest Income Expense": "-4,300", "Other Income Expense": "1,000", "Pretax Income": "1,368,000", "Tax Provision": "333,600", "Net Income Common Stockholders": "1,034,400", "Diluted NI Available to Com Stockholders": "1,034,400", "Basic EPS": "2.88", "Diluted EPS": "2.86", "Basic Average Shares": "359,200", "Diluted Average Shares": "361,800", "Total Operating Income as Reported": "1,371,300", "Total Expenses": "2,401,200", "Net Income from Continuing & Discontinued Operation": "1,034,400", "Normalized Income": "1,034,400", "Interest Income": "13,300", "Interest Expense": "17,600", "Net Interest Income": "-4,300", "EBIT": "1,385,600", "EBITDA": "-", "Reconciled Cost of Revenue": "1,177,800", "Reconciled Depreciation": "181,500", "Net Income from Continuing Operation Net Minority Interest": "1,034,400", "Total Unusual Items Excluding Goodwill": "-", "Total Unusual Items": "-", "Normalized EBITDA": "1,567,100", "Tax Rate for Calcs": "0", "Tax Effect of Unusual Items": "0"}, "5/31/2018": {"Duration": "5/31/2018", "Total Revenue": "3,380,900", "Cost of Revenue": "1,017,800", "Gross Profit": "2,363,100", "Operating Expense": "1,075,600", "Operating Income": "1,287,500", "Net Non Operating Interest Income Expense": "8,000", "Other Income Expense": "600", "Pretax Income": "1,296,100", "Tax Provision": "362,400", "Net Income Common Stockholders": "933,700", "Diluted NI Available to Com Stockholders": "933,700", "Basic EPS": "2.60", "Diluted EPS": "2.58", "Basic Average Shares": "359,000", "Diluted Average Shares": "361,500", "Total Operating Income as Reported": "1,287,500", "Total Expenses": "2,093,400", "Net Income from Continuing & Discontinued Operation": "933,700", "Normalized Income": "933,700", "Interest Income": "11,900", "Interest Expense": "3,900", "Net Interest Income": "8,000", "EBIT": "1,300,000", "EBITDA": "-", "Reconciled Cost of Revenue": "1,017,800", "Reconciled Depreciation": "138,000", "Net Income from Continuing Operation Net Minority Interest": "933,700", "Total Unusual Items Excluding Goodwill": "8,600", "Total Unusual Items": "8,600", "Normalized EBITDA": "1,438,000", "Tax Rate for Calcs": "0", "Tax Effect of Unusual Items": "0"}}, "bs": {"5/31/2020": {"Duration": "5/31/2020", "Total Assets": "8,550,700", "Total Liabilities Net Minority Interest": "5,769,300", "Total Equity Gross Minority Interest": "2,781,400", "Total Capitalization": "3,578,200", "Common Stock Equity": "2,781,400", "Capital Lease Obligations": "96,900", "Net Tangible Assets": "659,700", "Working Capital": "1,037,700", "Invested Capital": "3,583,300", "Tangible Book Value": "659,700", "Total Debt": "898,800", "Net Debt": "-", "Share Issued": "358,800", "Ordinary Shares Number": "358,800"}, "5/31/2019": {"Duration": "5/31/2019", "Total Assets": "8,676,000", "Total Liabilities Net Minority Interest": "6,056,500", "Total Equity Gross Minority Interest": "2,619,500", "Total Capitalization": "3,415,900", "Common Stock Equity": "2,619,500", "Capital Lease Obligations": "-", "Net Tangible Assets": "437,800", "Working Capital": "832,700", "Invested Capital": "3,415,900", "Tangible Book Value": "437,800", "Total Debt": "796,400", "Net Debt": "122,800", "Share Issued": "359,300", "Ordinary Shares Number": "359,300"}, "5/31/2018": {"Duration": "5/31/2018", "Total Assets": "7,463,700", "Total Liabilities Net Minority Interest": "5,439,200", "Total Equity Gross Minority Interest": "2,024,500", "Total Capitalization": "2,024,500", "Common Stock Equity": "2,024,500", "Capital Lease Obligations": "-", "Net Tangible Assets": "1,069,100", "Working Capital": "497,200", "Invested Capital": "2,024,500", "Tangible Book Value": "1,069,100", "Total Debt": "-", "Net Debt": "-", "Share Issued": "359,000", "Ordinary Shares Number": "359,000"}}, "cf": {"TTM": {"Duration": "TTM", "Operating Cash Flow": "1,258,800", "Investing Cash Flow": "-192,800", "Financing Cash Flow": "-1,086,300", "End Cash Position": "2,052,200", "Capital Expenditure": "-122,000", "Issuance of Debt": "-44,200", "Repurchase of Capital Stock": "-76,000", "Free Cash Flow": "1,136,800"}, "5/31/2020": {"Duration": "5/31/2020", "Operating Cash Flow": "1,440,900", "Investing Cash Flow": "771,900", "Financing Cash Flow": "-1,488,200", "End Cash Position": "1,659,800", "Capital Expenditure": "-127,000", "Issuance of Debt": "5,100", "Repurchase of Capital Stock": "-171,900", "Free Cash Flow": "1,313,900"}, "5/31/2019": {"Duration": "5/31/2019", "Operating Cash Flow": "1,271,500", "Investing Cash Flow": "-1,628,300", "Financing Cash Flow": "-1,008,500", "End Cash Position": "935,200", "Capital Expenditure": "-123,800", "Issuance of Debt": "796,300", "Repurchase of Capital Stock": "-56,900", "Free Cash Flow": "1,147,700"}, "5/31/2018": {"Duration": "5/31/2018", "Operating Cash Flow": "1,276,400", "Investing Cash Flow": "-679,000", "Financing Cash Flow": "-423,800", "End Cash Position": "358,200", "Capital Expenditure": "-154,000", "Issuance of Debt": "-", "Repurchase of Capital Stock": "-143,100", "Free Cash Flow": "1,122,400"}}}}, {"MAN": {"quote": {"05/08/2021": {"value": "122.72", "Market Cap": "6.77B", "Beta (5Y Monthly)": "2.14", "PE Ratio (TTM)": "84.00", "EPS (TTM)": "1.46", "Earnings Date": "Jul 19, 2021 - Jul 23, 2021", "Forward Dividend & Yield": "2.34 (1.91%)", "Ex-Dividend Date": "Nov 30, 2020", "1y Target Est": "123.20"}}, "fin": {"TTM": {"Duration": "TTM", "Total Revenue": "18,306,300", "Cost of Revenue": "15,437,500", "Gross Profit": "2,868,800", "Operating Expense": "2,553,700", "Operating Income": "315,100", "Net Non Operating Interest Income Expense": "-29,900", "Other Income Expense": "-61,700", "Pretax Income": "223,500", "Tax Provision": "139,400", "Net Income Common Stockholders": "84,100", "Diluted NI Available to Com Stockholders": "84,100", "Basic EPS": "-", "Diluted EPS": "-", "Basic Average Shares": "-", "Diluted Average Shares": "-", "Total Operating Income as Reported": "248,300", "Total Expenses": "17,991,200", "Net Income from Continuing & Discontinued Operation": "84,100", "Normalized Income": "126,760", "Interest Income": "12,500", "Interest Expense": "42,400", "Net Interest Income": "-29,900", "EBIT": "265,900", "EBITDA": "341,500", "Reconciled Cost of Revenue": "15,437,500", "Reconciled Depreciation": "75,600", "Net Income from Continuing Operation Net Minority Interest": "84,100", "Total Unusual Items Excluding Goodwill": "-71,100", "Total Unusual Items": "-71,100", "Normalized EBITDA": "412,600", "Tax Rate for Calcs": "0", "Tax Effect of Unusual Items": "-28,440"}, "12/31/2020": {"Duration": "12/31/2020", "Total Revenue": "18,001,000", "Cost of Revenue": "15,176,300", "Gross Profit": "2,824,700", "Operating Expense": "2,570,300", "Operating Income": "254,400", "Net Non Operating Interest Income Expense": "-30,200", "Other Income Expense": "-76,500", "Pretax Income": "147,700", "Tax Provision": "123,900", "Net Income Common Stockholders": "23,800", "Diluted NI Available to Com Stockholders": "23,800", "Basic EPS": "0.41", "Diluted EPS": "0.41", "Basic Average Shares": "58,000", "Diluted Average Shares": "58,300", "Total Operating Income as Reported": "187,600", "Total Expenses": "17,746,600", "Net Income from Continuing & Discontinued Operation": "23,800", "Normalized Income": "76,141", "Interest Income": "13,100", "Interest Expense": "43,300", "Net Interest Income": "-30,200", "EBIT": "191,000", "EBITDA": "-", "Reconciled Cost of Revenue": "15,176,300", "Reconciled Depreciation": "76,300", "Net Income from Continuing Operation Net Minority Interest": "23,800", "Total Unusual Items Excluding Goodwill": "-71,700", "Total Unusual Items": "-71,700", "Normalized EBITDA": "339,000", "Tax Rate for Calcs": "0", "Tax Effect of Unusual Items": "-19,359"}, "12/31/2019": {"Duration": "12/31/2019", "Total Revenue": "20,863,500", "Cost of Revenue": "17,488,400", "Gross Profit": "3,375,100", "Operating Expense": "2,666,200", "Operating Income": "708,900", "Net Non Operating Interest Income Expense": "-38,400", "Other Income Expense": "15,000", "Pretax Income": "685,500", "Tax Provision": "219,800", "Net Income Common Stockholders": "465,700", "Diluted NI Available to Com Stockholders": "465,700", "Basic EPS": "7.78", "Diluted EPS": "7.72", "Basic Average Shares": "59,900", "Diluted Average Shares": "60,300", "Total Operating Income as Reported": "644,900", "Total Expenses": "20,154,600", "Net Income from Continuing & Discontinued Operation": "465,700", "Normalized Income": "513,705", "Interest Income": "6,000", "Interest Expense": "44,400", "Net Interest Income": "-38,400", "EBIT": "729,900", "EBITDA": "-", "Reconciled Cost of Revenue": "17,488,400", "Reconciled Depreciation": "77,200", "Net Income from Continuing Operation Net Minority Interest": "465,700", "Total Unusual Items Excluding Goodwill": "-70,700", "Total Unusual Items": "-70,700", "Normalized EBITDA": "877,800", "Tax Rate for Calcs": "0", "Tax Effect of Unusual Items": "-22,695"}, "12/31/2018": {"Duration": "12/31/2018", "Total Revenue": "21,991,200", "Cost of Revenue": "18,412,200", "Gross Profit": "3,579,000", "Operating Expense": "2,782,300", "Operating Income": "796,700", "Net Non Operating Interest Income Expense": "-41,000", "Other Income Expense": "-1,000", "Pretax Income": "754,700", "Tax Provision": "198,000", "Net Income Common Stockholders": "556,700", "Diluted NI Available to Com Stockholders": "556,700", "Basic EPS": "8.62", "Diluted EPS": "8.56", "Basic Average Shares": "64,600", "Diluted Average Shares": "65,100", "Total Operating Income as Reported": "796,700", "Total Expenses": "21,194,500", "Net Income from Continuing & Discontinued Operation": "556,700", "Normalized Income": "557,733", "Interest Income": "6,000", "Interest Expense": "47,000", "Net Interest Income": "-41,000", "EBIT": "801,700", "EBITDA": "-", "Reconciled Cost of Revenue": "18,412,200", "Reconciled Depreciation": "85,800", "Net Income from Continuing Operation Net Minority Interest": "556,700", "Total Unusual Items Excluding Goodwill": "-1,400", "Total Unusual Items": "-1,400", "Normalized EBITDA": "888,900", "Tax Rate for Calcs": "0", "Tax Effect of Unusual Items": "-366.8"}}, "bs": {"12/31/2020": {"Duration": "12/31/2020", "Total Assets": "9,328,200", "Total Liabilities Net Minority Interest": "6,874,600", "Total Equity Gross Minority Interest": "2,453,600", "Total Capitalization": "3,544,500", "Common Stock Equity": "2,441,000", "Capital Lease Obligations": "305,100", "Net Tangible Assets": "966,600", "Working Capital": "1,981,600", "Invested Capital": "3,564,900", "Tangible Book Value": "966,600", "Total Debt": "1,429,000", "Net Debt": "-", "Share Issued": "117,556", "Ordinary Shares Number": "55,566", "Treasury Shares Number": "61,990"}, "12/31/2019": {"Duration": "12/31/2019", "Total Assets": "9,223,800", "Total Liabilities Net Minority Interest": "6,462,300", "Total Equity Gross Minority Interest": "2,761,500", "Total Capitalization": "3,755,400", "Common Stock Equity": "2,743,000", "Capital Lease Obligations": "336,700", "Net Tangible Assets": "1,214,300", "Working Capital": "2,043,100", "Invested Capital": "3,816,400", "Tangible Book Value": "1,214,300", "Total Debt": "1,410,100", "Net Debt": "47,600", "Share Issued": "117,191", "Ordinary Shares Number": "58,674", "Treasury Shares Number": "58,517"}, "12/31/2018": {"Duration": "12/31/2018", "Total Assets": "8,519,800", "Total Liabilities Net Minority Interest": "5,821,300", "Total Equity Gross Minority Interest": "2,698,500", "Total Capitalization": "3,650,200", "Common Stock Equity": "2,624,900", "Capital Lease Obligations": "-", "Net Tangible Assets": "1,081,500", "Working Capital": "1,821,200", "Invested Capital": "3,700,300", "Tangible Book Value": "1,081,500", "Total Debt": "1,075,400", "Net Debt": "483,500", "Share Issued": "116,796", "Ordinary Shares Number": "60,751", "Treasury Shares Number": "56,044"}}, "cf": {"TTM": {"Duration": "TTM", "Operating Cash Flow": "896,300", "Investing Cash Flow": "-53,200", "Financing Cash Flow": "-471,500", "End Cash Position": "1,471,100", "Income Tax Paid Supplemental Data": "-", "Interest Paid Supplemental Data": "-", "Capital Expenditure": "-54,300", "Issuance of Debt": "2,500", "Repayment of Debt": "-2,500", "Repurchase of Capital Stock": "-301,000", "Free Cash Flow": "842,000"}, "12/31/2020": {"Duration": "12/31/2020", "Operating Cash Flow": "936,400", "Investing Cash Flow": "-42,400", "Financing Cash Flow": "-435,200", "End Cash Position": "1,567,100", "Income Tax Paid Supplemental Data": "149,800", "Interest Paid Supplemental Data": "40,800", "Capital Expenditure": "-50,700", "Issuance of Debt": "2,700", "Repayment of Debt": "-400", "Repurchase of Capital Stock": "-264,700", "Free Cash Flow": "885,700"}, "12/31/2019": {"Duration": "12/31/2019", "Operating Cash Flow": "814,400", "Investing Cash Flow": "-16,200", "Financing Cash Flow": "-337,400", "End Cash Position": "1,025,800", "Income Tax Paid Supplemental Data": "179,200", "Interest Paid Supplemental Data": "42,400", "Capital Expenditure": "-52,900", "Issuance of Debt": "9,600", "Repayment of Debt": "-1,300", "Repurchase of Capital Stock": "-203,000", "Free Cash Flow": "761,500"}, "12/31/2018": {"Duration": "12/31/2018", "Operating Cash Flow": "483,100", "Investing Cash Flow": "-54,900", "Financing Cash Flow": "-484,900", "End Cash Position": "591,900", "Income Tax Paid Supplemental Data": "184,600", "Interest Paid Supplemental Data": "49,900", "Capital Expenditure": "-64,700", "Issuance of Debt": "583,300", "Repayment of Debt": "-408,600", "Repurchase of Capital Stock": "-500,700", "Free Cash Flow": "418,400"}}}}, {"TBI": {"quote": {"05/08/2021": {"value": "28.22", "Market Cap": "986.458M", "Beta (5Y Monthly)": "1.73", "PE Ratio (TTM)": "62.99", "EPS (TTM)": "0.45", "Earnings Date": "Jul 26, 2021 - Jul 30, 2021", "Forward Dividend & Yield": "N/A (N/A)", "Ex-Dividend Date": "N/A", "1y Target Est": "25.40"}}, "fin": {"TTM": {"Duration": "TTM", "Total Revenue": "1,810,814", "Cost of Revenue": "1,385,754", "Gross Profit": "425,060", "Operating Expense": "418,226", "Operating Income": "6,834", "Net Non Operating Interest Income Expense": "1,932", "Other Income Expense": "-", "Pretax Income": "8,766", "Tax Provision": "-6,785", "Net Income Common Stockholders": "15,551", "Diluted NI Available to Com Stockholders": "15,551", "Basic EPS": "-", "Diluted EPS": "-", "Basic Average Shares": "-", "Diluted Average Shares": "-", "Total Operating Income as Reported": "6,834", "Total Expenses": "1,803,980", "Net Income from Continuing & Discontinued Operation": "15,551", "Normalized Income": "15,551", "Interest Income": "-", "Interest Expense": "-", "Net Interest Income": "1,932", "EBIT": "6,834", "EBITDA": "36,733", "Reconciled Cost of Revenue": "1,385,754", "Reconciled Depreciation": "29,899", "Net Income from Continuing Operation Net Minority Interest": "15,551", "Total Unusual Items Excluding Goodwill": "0", "Total Unusual Items": "0", "Normalized EBITDA": "36,733", "Tax Rate for Calcs": "0", "Tax Effect of Unusual Items": "0"}, "12/31/2020": {"Duration": "12/31/2020", "Total Revenue": "1,846,360", "Cost of Revenue": "1,405,715", "Gross Profit": "440,645", "Operating Expense": "440,338", "Operating Income": "307", "Net Non Operating Interest Income Expense": "1,620", "Other Income Expense": "-175,189", "Pretax Income": "-173,262", "Tax Provision": "-31,421", "Net Income Common Stockholders": "-141,841", "Diluted NI Available to Com Stockholders": "-141,841", "Basic EPS": "-4.01", "Diluted EPS": "-4.01", "Basic Average Shares": "35,365", "Diluted Average Shares": "35,365", "Total Operating Income as Reported": "-174,882", "Total Expenses": "1,846,053", "Net Income from Continuing & Discontinued Operation": "-141,841", "Normalized Income": "1,639", "Interest Income": "1,620", "Interest Expense": "-", "Net Interest Income": "1,620", "EBIT": "307", "EBITDA": "-", "Reconciled Cost of Revenue": "1,405,715", "Reconciled Depreciation": "32,031", "Net Income from Continuing Operation Net Minority Interest": "-141,841", "Total Unusual Items Excluding Goodwill": "-175,189", "Total Unusual Items": "-175,189", "Normalized EBITDA": "207,527", "Tax Rate for Calcs": "0", "Tax Effect of Unusual Items": "-31,709"}, "12/31/2019": {"Duration": "12/31/2019", "Total Revenue": "2,368,779", "Cost of Revenue": "1,742,621", "Gross Profit": "626,158", "Operating Expense": "559,979", "Operating Income": "66,179", "Net Non Operating Interest Income Expense": "3,865", "Other Income Expense": "-", "Pretax Income": "70,044", "Tax Provision": "6,971", "Net Income Common Stockholders": "63,073", "Diluted NI Available to Com Stockholders": "63,073", "Basic EPS": "1.63", "Diluted EPS": "1.61", "Basic Average Shares": "38,778", "Diluted Average Shares": "39,179", "Total Operating Income as Reported": "66,179", "Total Expenses": "2,302,600", "Net Income from Continuing & Discontinued Operation": "63,073", "Normalized Income": "63,073", "Interest Income": "6,648", "Interest Expense": "2,783", "Net Interest Income": "3,865", "EBIT": "72,827", "EBITDA": "-", "Reconciled Cost of Revenue": "1,742,621", "Reconciled Depreciation": "37,549", "Net Income from Continuing Operation Net Minority Interest": "63,073", "Total Unusual Items Excluding Goodwill": "-", "Total Unusual Items": "-", "Normalized EBITDA": "110,376", "Tax Rate for Calcs": "0", "Tax Effect of Unusual Items": "0"}, "12/31/2018": {"Duration": "12/31/2018", "Total Revenue": "2,499,207", "Cost of Revenue": "1,833,607", "Gross Profit": "665,600", "Operating Expense": "591,681", "Operating Income": "73,919", "Net Non Operating Interest Income Expense": "1,744", "Other Income Expense": "-", "Pretax Income": "75,663", "Tax Provision": "9,909", "Net Income Common Stockholders": "65,754", "Diluted NI Available to Com Stockholders": "65,754", "Basic EPS": "1.64", "Diluted EPS": "1.63", "Basic Average Shares": "39,985", "Diluted Average Shares": "40,275", "Total Operating Income as Reported": "73,919", "Total Expenses": "2,425,288", "Net Income from Continuing & Discontinued Operation": "65,754", "Normalized Income": "65,754", "Interest Income": "6,625", "Interest Expense": "4,881", "Net Interest Income": "1,744", "EBIT": "80,544", "EBITDA": "-", "Reconciled Cost of Revenue": "1,833,607", "Reconciled Depreciation": "41,049", "Net Income from Continuing Operation Net Minority Interest": "65,754", "Total Unusual Items Excluding Goodwill": "0", "Total Unusual Items": "0", "Normalized EBITDA": "121,593", "Tax Rate for Calcs": "0", "Tax Effect of Unusual Items": "0"}}, "bs": {"12/31/2020": {"Duration": "12/31/2020", "Total Assets": "980,577", "Total Liabilities Net Minority Interest": "543,387", "Total Equity Gross Minority Interest": "437,190", "Total Capitalization": "437,190", "Common Stock Equity": "437,190", "Capital Lease Obligations": "68,735", "Net Tangible Assets": "313,388", "Working Capital": "109,918", "Invested Capital": "437,190", "Tangible Book Value": "313,388", "Total Debt": "68,735", "Net Debt": "-", "Share Issued": "35,493", "Ordinary Shares Number": "35,493"}, "12/31/2019": {"Duration": "12/31/2019", "Total Assets": "1,136,155", "Total Liabilities Net Minority Interest": "510,182", "Total Equity Gross Minority Interest": "625,973", "Total Capitalization": "663,073", "Common Stock Equity": "625,973", "Capital Lease Obligations": "43,207", "Net Tangible Assets": "314,802", "Working Capital": "190,927", "Invested Capital": "663,073", "Tangible Book Value": "314,802", "Total Debt": "80,307", "Net Debt": "-", "Share Issued": "38,593", "Ordinary Shares Number": "38,593"}, "12/31/2018": {"Duration": "12/31/2018", "Total Assets": "1,114,844", "Total Liabilities Net Minority Interest": "523,405", "Total Equity Gross Minority Interest": "591,439", "Total Capitalization": "671,439", "Common Stock Equity": "591,439", "Capital Lease Obligations": "-", "Net Tangible Assets": "262,744", "Working Capital": "204,301", "Invested Capital": "671,439", "Tangible Book Value": "262,744", "Total Debt": "80,000", "Net Debt": "33,012", "Share Issued": "40,054", "Ordinary Shares Number": "40,054"}}, "cf": {"TTM": {"Duration": "TTM", "Operating Cash Flow": "152,806", "Investing Cash Flow": "-36,865", "Financing Cash Flow": "-296,971", "End Cash Position": "138,546", "Income Tax Paid Supplemental Data": "-", "Interest Paid Supplemental Data": "3,232", "Capital Expenditure": "-30,041", "Issuance of Debt": "-", "Repayment of Debt": "-", "Repurchase of Capital Stock": "-3,199", "Free Cash Flow": "122,765"}, "12/31/2020": {"Duration": "12/31/2020", "Operating Cash Flow": "152,531", "Investing Cash Flow": "-34,411", "Financing Cash Flow": "-92,502", "End Cash Position": "118,612", "Income Tax Paid Supplemental Data": "-", "Interest Paid Supplemental Data": "3,149", "Capital Expenditure": "-27,066", "Issuance of Debt": "-", "Repayment of Debt": "-37,100", "Repurchase of Capital Stock": "-54,784", "Free Cash Flow": "125,465"}, "12/31/2019": {"Duration": "12/31/2019", "Operating Cash Flow": "93,531", "Investing Cash Flow": "-21,631", "Financing Cash Flow": "-82,915", "End Cash Position": "92,371", "Income Tax Paid Supplemental Data": "12,166", "Interest Paid Supplemental Data": "2,432", "Capital Expenditure": "-28,119", "Issuance of Debt": "-", "Repayment of Debt": "-42,900", "Repurchase of Capital Stock": "-41,048", "Free Cash Flow": "65,412"}, "12/31/2018": {"Duration": "12/31/2018", "Operating Cash Flow": "125,692", "Investing Cash Flow": "-20,515", "Financing Cash Flow": "-75,016", "End Cash Position": "102,450", "Income Tax Paid Supplemental Data": "12,898", "Interest Paid Supplemental Data": "4,373", "Capital Expenditure": "-17,054", "Issuance of Debt": "-15,900", "Repayment of Debt": "-22,397", "Repurchase of Capital Stock": "-38,222", "Free Cash Flow": "108,638"}}}}, {"JOBS": {"quote": {"05/08/2021": {"value": "70.50", "Market Cap": "4.754B", "Beta (5Y Monthly)": "0.69", "PE Ratio (TTM)": "28.28", "EPS (TTM)": "2.49", "Earnings Date": "May 07, 2021 - May 10, 2021", "Forward Dividend & Yield": "N/A (N/A)", "Ex-Dividend Date": "N/A", "1y Target Est": "69.08"}}, "fin": {"TTM": {"Duration": "TTM", "Total Revenue": "3,688,951", "Cost of Revenue": "1,261,731", "Gross Profit": "2,427,220", "Operating Expense": "1,560,115", "Operating Income": "867,105", "Net Non Operating Interest Income Expense": "228,500", "Other Income Expense": "164,240", "Pretax Income": "1,259,845", "Tax Provision": "188,417", "Net Income Common Stockholders": "1,097,276", "Diluted NI Available to Com Stockholders": "1,097,276", "Basic EPS": "-", "Diluted EPS": "-", "Basic Average Shares": "-", "Diluted Average Shares": "-", "Total Operating Income as Reported": "867,105", "Total Expenses": "2,821,846", "Net Income from Continuing & Discontinued Operation": "1,097,276", "Normalized Income": "1,099,884", "Interest Income": "228,500", "Net Interest Income": "228,500", "EBIT": "867,105", "EBITDA": "1,004,114", "Reconciled Cost of Revenue": "1,261,731", "Reconciled Depreciation": "135,273", "Net Income from Continuing Operation Net Minority Interest": "1,097,276", "Total Unusual Items Excluding Goodwill": "-3,068", "Total Unusual Items": "-3,068", "Normalized EBITDA": "1,007,182", "Tax Rate for Calcs": "0", "Tax Effect of Unusual Items": "-460.2"}, "12/31/2020": {"Duration": "12/31/2020", "Total Revenue": "3,688,951", "Cost of Revenue": "1,261,731", "Gross Profit": "2,427,220", "Operating Expense": "1,560,115", "Operating Income": "867,105", "Net Non Operating Interest Income Expense": "228,500", "Other Income Expense": "164,240", "Pretax Income": "1,259,845", "Tax Provision": "188,417", "Net Income Common Stockholders": "1,097,276", "Diluted NI Available to Com Stockholders": "1,097,276", "Basic EPS": "-", "Diluted EPS": "-", "Basic Average Shares": "-", "Diluted Average Shares": "-", "Total Operating Income as Reported": "867,105", "Total Expenses": "2,821,846", "Net Income from Continuing & Discontinued Operation": "1,097,276", "Normalized Income": "1,099,884", "Interest Income": "228,500", "Net Interest Income": "228,500", "EBIT": "867,105", "EBITDA": "-", "Reconciled Cost of Revenue": "1,261,731", "Reconciled Depreciation": "137,009", "Net Income from Continuing Operation Net Minority Interest": "1,097,276", "Total Unusual Items Excluding Goodwill": "-3,068", "Total Unusual Items": "-3,068", "Normalized EBITDA": "1,007,182", "Tax Rate for Calcs": "0", "Tax Effect of Unusual Items": "-460.2"}, "12/31/2019": {"Duration": "12/31/2019", "Total Revenue": "4,000,025", "Cost of Revenue": "1,221,935", "Gross Profit": "2,778,090", "Operating Expense": "1,572,305", "Operating Income": "1,205,785", "Net Non Operating Interest Income Expense": "175,584", "Other Income Expense": "-619,277", "Pretax Income": "762,092", "Tax Provision": "235,890", "Net Income Common Stockholders": "532,318", "Diluted NI Available to Com Stockholders": "532,318", "Basic EPS": "8.18", "Diluted EPS": "7.98", "Basic Average Shares": "65,050", "Diluted Average Shares": "66,683", "Total Operating Income as Reported": "1,205,785", "Total Expenses": "2,794,240", "Net Income from Continuing & Discontinued Operation": "532,318", "Normalized Income": "582,554", "Interest Income": "175,584", "Net Interest Income": "175,584", "EBIT": "1,205,785", "EBITDA": "-", "Reconciled Cost of Revenue": "1,221,935", "Reconciled Depreciation": "135,273", "Net Income from Continuing Operation Net Minority Interest": "532,318", "Total Unusual Items Excluding Goodwill": "-72,806", "Total Unusual Items": "-72,806", "Normalized EBITDA": "1,413,864", "Tax Rate for Calcs": "0", "Tax Effect of Unusual Items": "-22,570"}, "12/31/2018": {"Duration": "12/31/2018", "Total Revenue": "3,739,701", "Cost of Revenue": "1,038,766", "Gross Profit": "2,700,935", "Operating Expense": "1,550,735", "Operating Income": "1,150,200", "Net Non Operating Interest Income Expense": "113,673", "Other Income Expense": "223,002", "Pretax Income": "1,486,875", "Tax Provision": "242,434", "Net Income Common Stockholders": "1,252,319", "Diluted NI Available to Com Stockholders": "1,252,319", "Basic EPS": "20.42", "Diluted EPS": "19.82", "Basic Average Shares": "61,318", "Diluted Average Shares": "63,175", "Total Operating Income as Reported": "1,150,200", "Total Expenses": "2,589,501", "Net Income from Continuing & Discontinued Operation": "1,252,319", "Normalized Income": "1,295,243", "Interest Income": "113,673", "Net Interest Income": "113,673", "EBIT": "1,150,200", "EBITDA": "-", "Reconciled Cost of Revenue": "1,038,766", "Reconciled Depreciation": "95,569", "Net Income from Continuing Operation Net Minority Interest": "1,252,319", "Total Unusual Items Excluding Goodwill": "-51,283", "Total Unusual Items": "-51,283", "Normalized EBITDA": "1,297,052", "Tax Rate for Calcs": "0", "Tax Effect of Unusual Items": "-8,359"}}, "bs": {"12/31/2020": {"Duration": "12/31/2020", "Total Assets": "15,675,680", "Total Liabilities Net Minority Interest": "3,277,264", "Total Equity Gross Minority Interest": "12,398,416", "Total Capitalization": "12,372,747", "Common Stock Equity": "12,372,747", "Capital Lease Obligations": "79,901", "Net Tangible Assets": "11,173,120", "Working Capital": "8,737,212", "Invested Capital": "12,372,747", "Tangible Book Value": "11,173,120", "Total Debt": "79,901", "Share Issued": "67,407", "Ordinary Shares Number": "67,407"}, "12/31/2019": {"Duration": "12/31/2019", "Total Assets": "14,289,542", "Total Liabilities Net Minority Interest": "3,315,506", "Total Equity Gross Minority Interest": "10,974,036", "Total Capitalization": "10,948,331", "Common Stock Equity": "10,948,331", "Capital Lease Obligations": "85,580", "Net Tangible Assets": "9,709,045", "Working Capital": "8,108,942", "Invested Capital": "10,948,331", "Tangible Book Value": "9,709,045", "Total Debt": "85,580", "Share Issued": "66,785", "Ordinary Shares Number": "66,785"}, "12/31/2018": {"Duration": "12/31/2018", "Total Assets": "12,238,416", "Total Liabilities Net Minority Interest": "4,645,865", "Total Equity Gross Minority Interest": "7,592,551", "Total Capitalization": "7,569,241", "Common Stock Equity": "7,569,241", "Capital Lease Obligations": "-", "Net Tangible Assets": "6,288,671", "Working Capital": "5,467,522", "Invested Capital": "9,294,423", "Tangible Book Value": "6,288,671", "Total Debt": "1,725,182", "Share Issued": "61,875", "Ordinary Shares Number": "61,875"}}, "cf": {"TTM": {"Duration": "TTM", "Operating Cash Flow": "1,761,773", "Investing Cash Flow": "-1,678,532", "Financing Cash Flow": "281,376", "End Cash Position": "2,361,073", "Income Tax Paid Supplemental Data": "188,735", "Interest Paid Supplemental Data": "18,982", "Capital Expenditure": "-34,457", "Repayment of Debt": "0", "Repurchase of Capital Stock": "-", "Free Cash Flow": "1,727,316"}, "12/31/2020": {"Duration": "12/31/2020", "Operating Cash Flow": "1,405,307", "Investing Cash Flow": "-604,885", "Financing Cash Flow": "161,133", "End Cash Position": "3,294,956", "Income Tax Paid Supplemental Data": "254,871", "Interest Paid Supplemental Data": "0", "Capital Expenditure": "-47,668", "Repayment of Debt": "0", "Repurchase of Capital Stock": "-", "Free Cash Flow": "1,357,639"}, "12/31/2019": {"Duration": "12/31/2019", "Operating Cash Flow": "1,761,773", "Investing Cash Flow": "-1,678,532", "Financing Cash Flow": "281,376", "End Cash Position": "2,361,073", "Income Tax Paid Supplemental Data": "188,735", "Interest Paid Supplemental Data": "18,982", "Capital Expenditure": "-34,457", "Repayment of Debt": "-", "Repurchase of Capital Stock": "-", "Free Cash Flow": "1,727,316"}, "12/31/2018": {"Duration": "12/31/2018", "Operating Cash Flow": "1,792,942", "Investing Cash Flow": "-2,280,197", "Financing Cash Flow": "145,121", "End Cash Position": "1,974,121", "Income Tax Paid Supplemental Data": "228,158", "Interest Paid Supplemental Data": "36,807", "Capital Expenditure": "-170,713", "Repayment of Debt": "-", "Repurchase of Capital Stock": "-75", "Free Cash Flow": "1,622,229"}}}}, {"KELYA": {"quote": {"05/08/2021": {"value": "26.51", "Market Cap": "1.042B", "Beta (5Y Monthly)": "1.31", "PE Ratio (TTM)": "N/A", "EPS (TTM)": "-1.83", "Earnings Date": "May 13, 2021", "Forward Dividend & Yield": "N/A (N/A)", "Ex-Dividend Date": "Feb 21, 2020", "1y Target Est": "27.33"}}, "fin": {"TTM": {"Duration": "TTM", "Total Revenue": "4,516,000", "Cost of Revenue": "3,688,400", "Gross Profit": "827,600", "Operating Expense": "805,600", "Operating Income": "22,000", "Net Non Operating Interest Income Expense": "-2,400", "Other Income Expense": "-126,400", "Pretax Income": "-106,800", "Tax Provision": "-34,000", "Earnings from Equity Interest Net of Tax": "800", "Net Income Common Stockholders": "-72,000", "Diluted NI Available to Com Stockholders": "-72,000", "Basic EPS": "-", "Diluted EPS": "-", "Basic Average Shares": "-", "Diluted Average Shares": "-", "Total Operating Income as Reported": "-93,600", "Total Expenses": "4,494,000", "Net Income from Continuing & Discontinued Operation": "-72,000", "Normalized Income": "2,913", "Interest Income": "600", "Interest Expense": "3,000", "Net Interest Income": "-2,400", "EBIT": "-103,800", "EBITDA": "-58,500", "Reconciled Cost of Revenue": "3,688,400", "Reconciled Depreciation": "45,300", "Net Income from Continuing Operation Net Minority Interest": "-72,000", "Total Unusual Items Excluding Goodwill": "-109,900", "Total Unusual Items": "-109,900", "Normalized EBITDA": "51,400", "Tax Rate for Calcs": "0", "Tax Effect of Unusual Items": "-34,987"}, "12/31/2020": {"Duration": "12/31/2020", "Total Revenue": "4,516,000", "Cost of Revenue": "3,688,400", "Gross Profit": "827,600", "Operating Expense": "805,600", "Operating Income": "22,000", "Net Non Operating Interest Income Expense": "-2,400", "Other Income Expense": "-126,400", "Pretax Income": "-106,800", "Tax Provision": "-34,000", "Earnings from Equity Interest Net of Tax": "800", "Net Income Common Stockholders": "-72,000", "Diluted NI Available to Com Stockholders": "-72,000", "Basic EPS": "-", "Diluted EPS": "-", "Basic Average Shares": "-", "Diluted Average Shares": "-", "Total Operating Income as Reported": "-93,600", "Total Expenses": "4,494,000", "Net Income from Continuing & Discontinued Operation": "-72,000", "Normalized Income": "2,913", "Interest Income": "600", "Interest Expense": "3,000", "Net Interest Income": "-2,400", "EBIT": "-103,800", "EBITDA": "-", "Reconciled Cost of Revenue": "3,688,400", "Reconciled Depreciation": "45,300", "Net Income from Continuing Operation Net Minority Interest": "-72,000", "Total Unusual Items Excluding Goodwill": "-109,900", "Total Unusual Items": "-109,900", "Normalized EBITDA": "51,400", "Tax Rate for Calcs": "0", "Tax Effect of Unusual Items": "-34,987"}, "12/31/2019": {"Duration": "12/31/2019", "Total Revenue": "5,355,600", "Cost of Revenue": "4,387,200", "Gross Profit": "968,400", "Operating Expense": "883,100", "Operating Income": "85,300", "Net Non Operating Interest Income Expense": "-3,100", "Other Income Expense": "34,200", "Pretax Income": "116,400", "Tax Provision": "400", "Earnings from Equity Interest Net of Tax": "-3,600", "Net Income Common Stockholders": "111,300", "Diluted NI Available to Com Stockholders": "111,300", "Basic EPS": "2.85", "Diluted EPS": "2.84", "Basic Average Shares": "39,100", "Diluted Average Shares": "39,200", "Total Operating Income as Reported": "81,800", "Total Expenses": "5,270,300", "Net Income from Continuing & Discontinued Operation": "112,400", "Normalized Income": "114,194", "Interest Income": "1,100", "Interest Expense": "4,200", "Net Interest Income": "-3,100", "EBIT": "120,600", "EBITDA": "-", "Reconciled Cost of Revenue": "4,387,200", "Reconciled Depreciation": "31,600", "Net Income from Continuing Operation Net Minority Interest": "112,400", "Total Unusual Items Excluding Goodwill": "-1,800", "Total Unusual Items": "-1,800", "Normalized EBITDA": "154,000", "Tax Rate for Calcs": "0", "Tax Effect of Unusual Items": "-6.1856"}, "12/31/2018": {"Duration": "12/31/2018", "Total Revenue": "5,513,900", "Cost of Revenue": "4,541,700", "Gross Profit": "972,200", "Operating Expense": "884,800", "Operating Income": "87,400", "Net Non Operating Interest Income Expense": "-2,300", "Other Income Expense": "-94,500", "Pretax Income": "-9,400", "Tax Provision": "-27,100", "Earnings from Equity Interest Net of Tax": "5,200", "Net Income Common Stockholders": "22,700", "Diluted NI Available to Com Stockholders": "22,700", "Basic EPS": "0.59", "Diluted EPS": "0.58", "Basic Average Shares": "38,800", "Diluted Average Shares": "39,100", "Total Operating Income as Reported": "87,400", "Total Expenses": "5,426,500", "Net Income from Continuing & Discontinued Operation": "22,900", "Normalized Income": "21,513", "Interest Income": "800", "Interest Expense": "3,100", "Net Interest Income": "-2,300", "EBIT": "-6,300", "EBITDA": "-", "Reconciled Cost of Revenue": "4,541,700", "Reconciled Depreciation": "26,200", "Net Income from Continuing Operation Net Minority Interest": "22,900", "Total Unusual Items Excluding Goodwill": "1,900", "Total Unusual Items": "1,900", "Normalized EBITDA": "18,000", "Tax Rate for Calcs": "0", "Tax Effect of Unusual Items": "513"}}, "bs": {"12/31/2020": {"Duration": "12/31/2020", "Total Assets": "2,561,900", "Total Liabilities Net Minority Interest": "1,358,900", "Total Equity Gross Minority Interest": "1,203,000", "Total Capitalization": "1,203,000", "Common Stock Equity": "1,203,000", "Capital Lease Obligations": "87,100", "Net Tangible Assets": "1,143,900", "Working Capital": "624,000", "Invested Capital": "1,203,300", "Tangible Book Value": "1,143,900", "Total Debt": "87,400", "Share Issued": "40,100", "Ordinary Shares Number": "39,300", "Treasury Shares Number": "800"}, "12/31/2019": {"Duration": "12/31/2019", "Total Assets": "2,480,600", "Total Liabilities Net Minority Interest": "1,216,100", "Total Equity Gross Minority Interest": "1,264,500", "Total Capitalization": "1,264,500", "Common Stock Equity": "1,264,500", "Capital Lease Obligations": "63,400", "Net Tangible Assets": "1,086,800", "Working Capital": "521,600", "Invested Capital": "1,266,400", "Tangible Book Value": "1,086,800", "Total Debt": "65,300", "Share Issued": "40,100", "Ordinary Shares Number": "39,100", "Treasury Shares Number": "1,000"}, "12/31/2018": {"Duration": "12/31/2018", "Total Assets": "2,314,400", "Total Liabilities Net Minority Interest": "1,154,900", "Total Equity Gross Minority Interest": "1,159,500", "Total Capitalization": "1,159,500", "Common Stock Equity": "1,159,500", "Capital Lease Obligations": "-", "Net Tangible Assets": "1,035,700", "Working Capital": "503,000", "Invested Capital": "1,161,700", "Tangible Book Value": "1,035,700", "Total Debt": "2,200", "Share Issued": "40,100", "Ordinary Shares Number": "38,900", "Treasury Shares Number": "1,200"}}, "cf": {"TTM": {"Duration": "TTM", "Operating Cash Flow": "186,000", "Investing Cash Flow": "9,800", "Financing Cash Flow": "-8,100", "End Cash Position": "228,100", "Income Tax Paid Supplemental Data": "-", "Interest Paid Supplemental Data": "-", "Capital Expenditure": "-15,500", "Repayment of Debt": "-2,000", "Free Cash Flow": "170,500"}, "12/31/2020": {"Duration": "12/31/2020", "Operating Cash Flow": "186,000", "Investing Cash Flow": "9,800", "Financing Cash Flow": "-8,100", "End Cash Position": "228,100", "Income Tax Paid Supplemental Data": "-", "Interest Paid Supplemental Data": "-", "Capital Expenditure": "-15,500", "Repayment of Debt": "-2,000", "Free Cash Flow": "170,500"}, "12/31/2019": {"Duration": "12/31/2019", "Operating Cash Flow": "102,200", "Investing Cash Flow": "-94,300", "Financing Cash Flow": "-16,100", "End Cash Position": "31,000", "Income Tax Paid Supplemental Data": "-", "Interest Paid Supplemental Data": "-", "Capital Expenditure": "-20,000", "Repayment of Debt": "-700", "Free Cash Flow": "82,200"}, "12/31/2018": {"Duration": "12/31/2018", "Operating Cash Flow": "61,400", "Investing Cash Flow": "-29,800", "Financing Cash Flow": "-26,500", "End Cash Position": "40,100", "Income Tax Paid Supplemental Data": "18,300", "Interest Paid Supplemental Data": "1,600", "Capital Expenditure": "-25,600", "Repayment of Debt": "-", "Free Cash Flow": "35,800"}}}}, {"KFY": {"quote": {"05/08/2021": {"value": "67.32", "Market Cap": "3.681B", "Beta (5Y Monthly)": "1.67", "PE Ratio (TTM)": "77.83", "EPS (TTM)": "0.87", "Earnings Date": "Jun 30, 2021 - Jul 05, 2021", "Forward Dividend & Yield": "0.40 (0.59%)", "Ex-Dividend Date": "Mar 09, 2021", "1y Target Est": "71.20"}}, "fin": {"TTM": {"Duration": "TTM", "Total Revenue": "1,711,528", "Cost of Revenue": "85,876", "Gross Profit": "1,625,652", "Operating Expense": "1,462,695", "Operating Income": "162,957", "Net Non Operating Interest Income Expense": "-28,684", "Other Income Expense": "-55,717", "Pretax Income": "78,556", "Tax Provision": "30,366", "Earnings from Equity Interest Net of Tax": "-", "Net Income Common Stockholders": "46,311", "Average Dilution Earnings": "5", "Diluted NI Available to Com Stockholders": "46,316", "Basic EPS": "-", "Diluted EPS": "-", "Basic Average Shares": "-", "Diluted Average Shares": "-", "Total Operating Income as Reported": "91,759", "Total Expenses": "1,548,571", "Net Income from Continuing & Discontinued Operation": "47,462", "Normalized Income": "91,138", "Interest Expense": "28,684", "Net Interest Income": "-28,684", "EBIT": "107,240", "EBITDA": "168,264", "Reconciled Cost of Revenue": "85,876", "Reconciled Depreciation": "61,024", "Net Income from Continuing Operation Net Minority Interest": "47,462", "Total Unusual Items Excluding Goodwill": "-71,198", "Total Unusual Items": "-71,198", "Normalized EBITDA": "239,462", "Tax Rate for Calcs": "0", "Tax Effect of Unusual Items": "-27,522"}, "4/30/2020": {"Duration": "4/30/2020", "Total Revenue": "1,977,330", "Cost of Revenue": "130,484", "Gross Profit": "1,846,846", "Operating Expense": "1,612,262", "Operating Income": "234,584", "Net Non Operating Interest Income Expense": "-22,184", "Other Income Expense": "-61,438", "Pretax Income": "150,962", "Tax Provision": "43,945", "Earnings from Equity Interest Net of Tax": "-", "Net Income Common Stockholders": "103,806", "Average Dilution Earnings": "7", "Diluted NI Available to Com Stockholders": "103,813", "Basic EPS": "1.91", "Diluted EPS": "1.90", "Basic Average Shares": "54,342", "Diluted Average Shares": "54,767", "Total Operating Income as Reported": "176,025", "Total Expenses": "1,742,746", "Net Income from Continuing & Discontinued Operation": "104,946", "Normalized Income": "146,464", "Interest Expense": "22,184", "Net Interest Income": "-22,184", "EBIT": "173,146", "EBITDA": "-", "Reconciled Cost of Revenue": "130,484", "Reconciled Depreciation": "55,311", "Net Income from Continuing Operation Net Minority Interest": "104,946", "Total Unusual Items Excluding Goodwill": "-58,559", "Total Unusual Items": "-58,559", "Normalized EBITDA": "287,016", "Tax Rate for Calcs": "0", "Tax Effect of Unusual Items": "-17,041"}, "4/30/2019": {"Duration": "4/30/2019", "Total Revenue": "1,973,862", "Cost of Revenue": "123,316", "Gross Profit": "1,850,546", "Operating Expense": "1,709,720", "Operating Income": "140,826", "Net Non Operating Interest Income Expense": "-16,891", "Other Income Expense": "10,094", "Pretax Income": "134,029", "Tax Provision": "29,544", "Earnings from Equity Interest Net of Tax": "311", "Net Income Common Stockholders": "101,585", "Average Dilution Earnings": "11", "Diluted NI Available to Com Stockholders": "101,596", "Basic EPS": "1.84", "Diluted EPS": "1.81", "Basic Average Shares": "55,311", "Diluted Average Shares": "56,096", "Total Operating Income as Reported": "140,826", "Total Expenses": "1,833,036", "Net Income from Continuing & Discontinued Operation": "102,651", "Normalized Income": "102,651", "Interest Expense": "16,891", "Net Interest Income": "-16,891", "EBIT": "150,920", "EBITDA": "-", "Reconciled Cost of Revenue": "123,316", "Reconciled Depreciation": "46,489", "Net Income from Continuing Operation Net Minority Interest": "102,651", "Total Unusual Items Excluding Goodwill": "0", "Total Unusual Items": "0", "Normalized EBITDA": "197,409", "Tax Rate for Calcs": "0", "Tax Effect of Unusual Items": "0"}}, "bs": {"4/30/2020": {"Duration": "4/30/2020", "Total Assets": "2,743,828", "Total Liabilities Net Minority Interest": "1,520,137", "Total Equity Gross Minority Interest": "1,223,691", "Total Capitalization": "1,615,525", "Common Stock Equity": "1,221,381", "Capital Lease Obligations": "235,617", "Net Tangible Assets": "495,512", "Working Capital": "612,876", "Invested Capital": "1,615,525", "Tangible Book Value": "495,512", "Total Debt": "629,761", "Share Issued": "73,205", "Ordinary Shares Number": "54,450", "Treasury Shares Number": "18,755"}, "4/30/2019": {"Duration": "4/30/2019", "Total Assets": "2,334,852", "Total Liabilities Net Minority Interest": "1,091,465", "Total Equity Gross Minority Interest": "1,243,387", "Total Capitalization": "1,463,534", "Common Stock Equity": "1,240,656", "Capital Lease Obligations": "-", "Net Tangible Assets": "579,410", "Working Capital": "585,852", "Invested Capital": "1,463,534", "Tangible Book Value": "579,410", "Total Debt": "222,878", "Share Issued": "72,442", "Ordinary Shares Number": "56,431", "Treasury Shares Number": "16,011"}}, "cf": {"TTM": {"Duration": "TTM", "Operating Cash Flow": "233,517", "Investing Cash Flow": "-37,990", "Financing Cash Flow": "-86,241", "End Cash Position": "672,994", "Income Tax Paid Supplemental Data": "54,914", "Interest Paid Supplemental Data": "12,526", "Capital Expenditure": "-30,549", "Issuance of Debt": "600,000", "Repayment of Debt": "-609,308", "Repurchase of Capital Stock": "-54,778", "Free Cash Flow": "202,968"}, "4/30/2020": {"Duration": "4/30/2020", "Operating Cash Flow": "236,349", "Investing Cash Flow": "-198,762", "Financing Cash Flow": "43,681", "End Cash Position": "689,244", "Income Tax Paid Supplemental Data": "54,914", "Interest Paid Supplemental Data": "12,526", "Capital Expenditure": "-41,460", "Issuance of Debt": "1,045,500", "Repayment of Debt": "-879,651", "Repurchase of Capital Stock": "-92,446", "Free Cash Flow": "194,889"}, "4/30/2019": {"Duration": "4/30/2019", "Operating Cash Flow": "258,805", "Investing Cash Flow": "-69,467", "Financing Cash Flow": "-64,625", "End Cash Position": "626,360", "Income Tax Paid Supplemental Data": "58,408", "Interest Paid Supplemental Data": "14,188", "Capital Expenditure": "-46,682", "Issuance of Debt": "258,745", "Repayment of Debt": "-244,222", "Repurchase of Capital Stock": "-37,372", "Free Cash Flow": "212,123"}}}}, {"STJO": {"quote": {"05/08/2021": {"value": "0.0209", "Market Cap": "96,013", "Beta (5Y Monthly)": "1.08", "PE Ratio (TTM)": "N/A", "EPS (TTM)": "-0.0030", "Earnings Date": "N/A", "Forward Dividend & Yield": "N/A (N/A)", "Ex-Dividend Date": "N/A", "1y Target Est": "N/A"}}, "fin": {}, "bs": {}, "cf": {}}}, {"KFRC": {"quote": {"05/08/2021": {"value": "60.17", "Market Cap": "1.318B", "Beta (5Y Monthly)": "1.36", "PE Ratio (TTM)": "21.29", "EPS (TTM)": "2.83", "Earnings Date": "May 03, 2021", "Forward Dividend & Yield": "0.92 (1.53%)", "Ex-Dividend Date": "Jun 10, 2021", "1y Target Est": "63.25"}}, "fin": {"TTM": {"Duration": "TTM", "Total Revenue": "1,425,717", "Cost of Revenue": "1,025,335", "Gross Profit": "400,382", "Operating Expense": "314,590", "Operating Income": "85,792", "Other Income Expense": "-4,948", "Pretax Income": "80,844", "Tax Provision": "20,650", "Net Income Common Stockholders": "60,194", "Diluted NI Available to Com Stockholders": "60,194", "Basic EPS": "-", "Diluted EPS": "-", "Basic Average Shares": "-", "Diluted Average Shares": "-", "Total Operating Income as Reported": "85,792", "Total Expenses": "1,339,925", "Net Income from Continuing & Discontinued Operation": "60,194", "Normalized Income": "60,194", "EBIT": "85,792", "EBITDA": "90,856", "Reconciled Cost of Revenue": "1,025,335", "Reconciled Depreciation": "5,064", "Net Income from Continuing Operation Net Minority Interest": "60,194", "Normalized EBITDA": "90,856", "Tax Rate for Calcs": "0", "Tax Effect of Unusual Items": "0"}, "12/31/2020": {"Duration": "12/31/2020", "Total Revenue": "1,397,700", "Cost of Revenue": "1,001,476", "Gross Profit": "396,224", "Operating Expense": "315,968", "Operating Income": "80,256", "Other Income Expense": "-5,044", "Pretax Income": "75,212", "Tax Provision": "19,173", "Net Income Common Stockholders": "56,039", "Diluted NI Available to Com Stockholders": "56,039", "Basic EPS": "-", "Diluted EPS": "-", "Basic Average Shares": "-", "Diluted Average Shares": "-", "Total Operating Income as Reported": "80,256", "Total Expenses": "1,317,444", "Net Income from Continuing & Discontinued Operation": "56,039", "Normalized Income": "56,039", "EBIT": "80,256", "EBITDA": "-", "Reconciled Cost of Revenue": "1,001,476", "Reconciled Depreciation": "5,255", "Net Income from Continuing Operation Net Minority Interest": "56,039", "Normalized EBITDA": "85,511", "Tax Rate for Calcs": "0", "Tax Effect of Unusual Items": "0"}, "12/31/2019": {"Duration": "12/31/2019", "Total Revenue": "1,347,387", "Cost of Revenue": "952,349", "Gross Profit": "395,038", "Operating Expense": "320,217", "Operating Income": "74,821", "Other Income Expense": "-3,425", "Pretax Income": "71,396", "Tax Provision": "16,830", "Net Income Common Stockholders": "130,862", "Diluted NI Available to Com Stockholders": "130,862", "Basic EPS": "5.71", "Diluted EPS": "5.50", "Basic Average Shares": "22,925", "Diluted Average Shares": "23,772", "Total Operating Income as Reported": "74,821", "Total Expenses": "1,272,566", "Net Income from Continuing & Discontinued Operation": "130,862", "Normalized Income": "54,566", "EBIT": "74,821", "EBITDA": "-", "Reconciled Cost of Revenue": "951,918", "Reconciled Depreciation": "6,481", "Net Income from Continuing Operation Net Minority Interest": "54,566", "Normalized EBITDA": "81,302", "Tax Rate for Calcs": "0", "Tax Effect of Unusual Items": "0"}, "12/31/2018": {"Duration": "12/31/2018", "Total Revenue": "1,418,353", "Cost of Revenue": "999,745", "Gross Profit": "418,608", "Operating Expense": "336,957", "Operating Income": "81,651", "Other Income Expense": "-4,498", "Pretax Income": "77,153", "Tax Provision": "19,173", "Net Income Common Stockholders": "57,980", "Diluted NI Available to Com Stockholders": "57,980", "Basic EPS": "2.23", "Diluted EPS": "2.23", "Basic Average Shares": "26,034", "Diluted Average Shares": "26,034", "Total Operating Income as Reported": "81,651", "Total Expenses": "1,336,702", "Net Income from Continuing & Discontinued Operation": "57,980", "Normalized Income": "57,980", "EBIT": "81,651", "EBITDA": "-", "Reconciled Cost of Revenue": "999,311", "Reconciled Depreciation": "8,265", "Net Income from Continuing Operation Net Minority Interest": "57,980", "Normalized EBITDA": "89,916", "Tax Rate for Calcs": "0", "Tax Effect of Unusual Items": "0"}}, "bs": {"12/31/2020": {"Duration": "12/31/2020", "Total Assets": "479,049", "Total Liabilities Net Minority Interest": "299,114", "Total Equity Gross Minority Interest": "179,935", "Total Capitalization": "279,935", "Common Stock Equity": "179,935", "Capital Lease Obligations": "20,212", "Net Tangible Assets": "142,093", "Working Capital": "230,726", "Invested Capital": "279,935", "Tangible Book Value": "142,093", "Total Debt": "120,212", "Net Debt": "-", "Share Issued": "72,600", "Ordinary Shares Number": "22,173", "Treasury Shares Number": "50,427"}, "12/31/2019": {"Duration": "12/31/2019", "Total Assets": "381,125", "Total Liabilities Net Minority Interest": "213,862", "Total Equity Gross Minority Interest": "167,263", "Total Capitalization": "232,263", "Common Stock Equity": "167,263", "Capital Lease Obligations": "20,312", "Net Tangible Assets": "133,464", "Working Capital": "160,271", "Invested Capital": "232,263", "Tangible Book Value": "133,464", "Total Debt": "85,312", "Net Debt": "45,169", "Share Issued": "72,202", "Ordinary Shares Number": "22,925", "Treasury Shares Number": "49,277"}, "12/31/2018": {"Duration": "12/31/2018", "Total Assets": "379,908", "Total Liabilities Net Minority Interest": "211,577", "Total Equity Gross Minority Interest": "168,331", "Total Capitalization": "241,490", "Common Stock Equity": "168,331", "Capital Lease Obligations": "-", "Net Tangible Assets": "119,411", "Working Capital": "158,104", "Invested Capital": "241,490", "Tangible Book Value": "119,411", "Total Debt": "73,159", "Net Debt": "73,047", "Share Issued": "71,856", "Ordinary Shares Number": "26,034", "Treasury Shares Number": "45,822"}}, "cf": {"TTM": {"Duration": "TTM", "Operating Cash Flow": "-", "Investing Cash Flow": "-", "Financing Cash Flow": "-", "End Cash Position": "-", "Income Tax Paid Supplemental Data": "-", "Interest Paid Supplemental Data": "-", "Capital Expenditure": "-", "Issuance of Debt": "-", "Repayment of Debt": "-", "Repurchase of Capital Stock": "-", "Free Cash Flow": "-"}, "12/31/2020": {"Duration": "12/31/2020", "Operating Cash Flow": "109,159", "Investing Cash Flow": "-6,927", "Financing Cash Flow": "-18,577", "End Cash Position": "103,486", "Income Tax Paid Supplemental Data": "21,737", "Interest Paid Supplemental Data": "2,574", "Capital Expenditure": "-6,475", "Issuance of Debt": "35,000", "Repayment of Debt": "0", "Repurchase of Capital Stock": "-35,613", "Free Cash Flow": "102,684"}, "12/31/2019": {"Duration": "12/31/2019", "Operating Cash Flow": "66,617", "Investing Cash Flow": "103,185", "Financing Cash Flow": "-150,083", "End Cash Position": "19,831", "Income Tax Paid Supplemental Data": "24,935", "Interest Paid Supplemental Data": "1,480", "Capital Expenditure": "-10,359", "Issuance of Debt": "80,100", "Repayment of Debt": "-86,900", "Repurchase of Capital Stock": "-124,453", "Free Cash Flow": "56,258"}, "12/31/2018": {"Duration": "12/31/2018", "Operating Cash Flow": "87,723", "Investing Cash Flow": "-4,170", "Financing Cash Flow": "-83,820", "End Cash Position": "112", "Income Tax Paid Supplemental Data": "13,442", "Interest Paid Supplemental Data": "3,814", "Capital Expenditure": "-5,170", "Issuance of Debt": "450,400", "Repayment of Debt": "-495,123", "Repurchase of Capital Stock": "-22,187", "Free Cash Flow": "82,553"}}}}, {"ZPIN": {"quote": {"05/08/2021": {"value": "", "Net Assets": "N/A", "Beta (5Y Monthly)": "N/A", "Yield": "N/A", "5y Average Return": "N/A", "Holdings Turnover": "N/A", "Last Dividend": "N/A", "Average for Category": "N/A", "Inception Date": "N/A"}}, "fin": {}, "bs": {}, "cf": {}}}, {"RCMT": {"quote": {"05/08/2021": {"value": "3.5200", "Market Cap": "39.304M", "Beta (5Y Monthly)": "1.94", "PE Ratio (TTM)": "N/A", "EPS (TTM)": "-0.7300", "Earnings Date": "Apr 01, 2021", "Forward Dividend & Yield": "N/A (N/A)", "Ex-Dividend Date": "Dec 21, 2017", "1y Target Est": "4.50"}}, "fin": {"TTM": {"Duration": "TTM", "Total Revenue": "150,409", "Cost of Revenue": "111,554", "Gross Profit": "38,855", "Operating Expense": "39,177", "Operating Income": "-322", "Net Non Operating Interest Income Expense": "-778", "Other Income Expense": "-10,957", "Pretax Income": "-12,057", "Tax Provision": "-3,188", "Net Income Common Stockholders": "-8,869", "Diluted NI Available to Com Stockholders": "-8,869", "Basic EPS": "-", "Diluted EPS": "-", "Basic Average Shares": "-", "Diluted Average Shares": "-", "Total Operating Income as Reported": "-10,950", "Total Expenses": "150,731", "Net Income from Continuing & Discontinued Operation": "-8,869", "Normalized Income": "-804.648", "Interest Expense": "778", "Net Interest Income": "-778", "EBIT": "-11,279", "EBITDA": "-9,893", "Reconciled Cost of Revenue": "111,554", "Reconciled Depreciation": "1,386", "Net Income from Continuing Operation Net Minority Interest": "-8,869", "Total Unusual Items Excluding Goodwill": "-10,957", "Total Unusual Items": "-10,957", "Normalized EBITDA": "1,064", "Tax Rate for Calcs": "0", "Tax Effect of Unusual Items": "-2,893"}, "12/31/2020": {"Duration": "12/31/2020", "Total Revenue": "150,409", "Cost of Revenue": "111,554", "Gross Profit": "38,855", "Operating Expense": "39,177", "Operating Income": "-322", "Net Non Operating Interest Income Expense": "-778", "Other Income Expense": "-10,957", "Pretax Income": "-12,057", "Tax Provision": "-3,188", "Net Income Common Stockholders": "-8,869", "Diluted NI Available to Com Stockholders": "-8,869", "Basic EPS": "-", "Diluted EPS": "-", "Basic Average Shares": "-", "Diluted Average Shares": "-", "Total Operating Income as Reported": "-10,950", "Total Expenses": "150,731", "Net Income from Continuing & Discontinued Operation": "-8,869", "Normalized Income": "-804.648", "Interest Expense": "778", "Net Interest Income": "-778", "EBIT": "-11,279", "EBITDA": "-", "Reconciled Cost of Revenue": "111,554", "Reconciled Depreciation": "1,386", "Net Income from Continuing Operation Net Minority Interest": "-8,869", "Total Unusual Items Excluding Goodwill": "-10,957", "Total Unusual Items": "-10,957", "Normalized EBITDA": "1,064", "Tax Rate for Calcs": "0", "Tax Effect of Unusual Items": "-2,893"}, "12/31/2019": {"Duration": "12/31/2019", "Total Revenue": "191,100", "Cost of Revenue": "142,508", "Gross Profit": "48,592", "Operating Expense": "42,025", "Operating Income": "6,567", "Net Non Operating Interest Income Expense": "-1,756", "Other Income Expense": "11", "Pretax Income": "4,822", "Tax Provision": "764", "Net Income Common Stockholders": "4,058", "Diluted NI Available to Com Stockholders": "4,058", "Basic EPS": "0.31", "Diluted EPS": "0.31", "Basic Average Shares": "13,004", "Diluted Average Shares": "13,090", "Total Operating Income as Reported": "6,567", "Total Expenses": "184,533", "Net Income from Continuing & Discontinued Operation": "4,058", "Normalized Income": "4,049", "Interest Expense": "1,756", "Net Interest Income": "-1,756", "EBIT": "6,578", "EBITDA": "-", "Reconciled Cost of Revenue": "142,508", "Reconciled Depreciation": "1,588", "Net Income from Continuing Operation Net Minority Interest": "4,058", "Total Unusual Items Excluding Goodwill": "11", "Total Unusual Items": "11", "Normalized EBITDA": "8,155", "Tax Rate for Calcs": "0", "Tax Effect of Unusual Items": "1.738"}, "12/31/2018": {"Duration": "12/31/2018", "Total Revenue": "200,352", "Cost of Revenue": "151,042", "Gross Profit": "49,310", "Operating Expense": "42,324", "Operating Income": "6,986", "Net Non Operating Interest Income Expense": "-1,471", "Other Income Expense": "-1,607", "Pretax Income": "3,908", "Tax Provision": "1,193", "Net Income Common Stockholders": "2,715", "Diluted NI Available to Com Stockholders": "2,715", "Basic EPS": "0.22", "Diluted EPS": "0.22", "Basic Average Shares": "12,341", "Diluted Average Shares": "12,341", "Total Operating Income as Reported": "5,415", "Total Expenses": "193,366", "Net Income from Continuing & Discontinued Operation": "2,715", "Normalized Income": "3,832", "Interest Expense": "-", "Net Interest Income": "-1,471", "EBIT": "6,986", "EBITDA": "-", "Reconciled Cost of Revenue": "151,042", "Reconciled Depreciation": "1,567", "Net Income from Continuing Operation Net Minority Interest": "2,715", "Total Unusual Items Excluding Goodwill": "-1,607", "Total Unusual Items": "-1,607", "Normalized EBITDA": "10,160", "Tax Rate for Calcs": "0", "Tax Effect of Unusual Items": "-490.135"}}, "bs": {"12/31/2020": {"Duration": "12/31/2020", "Total Assets": "68,339", "Total Liabilities Net Minority Interest": "46,101", "Total Equity Gross Minority Interest": "22,238", "Total Capitalization": "34,128", "Common Stock Equity": "22,238", "Capital Lease Obligations": "4,880", "Net Tangible Assets": "5,789", "Working Capital": "15,193", "Invested Capital": "34,128", "Tangible Book Value": "5,789", "Total Debt": "16,770", "Net Debt": "11,156", "Share Issued": "16,224", "Ordinary Shares Number": "11,543", "Treasury Shares Number": "4,681"}, "12/31/2019": {"Duration": "12/31/2019", "Total Assets": "96,173", "Total Liabilities Net Minority Interest": "63,770", "Total Equity Gross Minority Interest": "32,403", "Total Capitalization": "67,164", "Common Stock Equity": "32,403", "Capital Lease Obligations": "6,559", "Net Tangible Assets": "15,633", "Working Capital": "49,249", "Invested Capital": "67,164", "Tangible Book Value": "15,633", "Total Debt": "41,320", "Net Debt": "32,914", "Share Issued": "15,827", "Ordinary Shares Number": "13,004", "Treasury Shares Number": "2,823"}, "12/31/2018": {"Duration": "12/31/2018", "Total Assets": "81,510", "Total Liabilities Net Minority Interest": "54,311", "Total Equity Gross Minority Interest": "27,199", "Total Capitalization": "54,739", "Common Stock Equity": "27,199", "Capital Lease Obligations": "-", "Net Tangible Assets": "8,924", "Working Capital": "35,623", "Invested Capital": "54,739", "Tangible Book Value": "8,924", "Total Debt": "27,540", "Net Debt": "27,058", "Share Issued": "15,578", "Ordinary Shares Number": "12,755", "Treasury Shares Number": "2,823"}}, "cf": {"TTM": {"Duration": "TTM", "Operating Cash Flow": "25,203", "Investing Cash Flow": "-419", "Financing Cash Flow": "-25,632", "End Cash Position": "734", "Income Tax Paid Supplemental Data": "264", "Interest Paid Supplemental Data": "1,026", "Capital Expenditure": "-460", "Issuance of Capital Stock": "-", "Issuance of Debt": "73,238", "Repayment of Debt": "-98,733", "Repurchase of Capital Stock": "-", "Free Cash Flow": "24,743"}, "12/31/2020": {"Duration": "12/31/2020", "Operating Cash Flow": "25,203", "Investing Cash Flow": "-419", "Financing Cash Flow": "-25,632", "End Cash Position": "734", "Income Tax Paid Supplemental Data": "264", "Interest Paid Supplemental Data": "1,026", "Capital Expenditure": "-460", "Issuance of Capital Stock": "-", "Issuance of Debt": "73,238", "Repayment of Debt": "-98,733", "Repurchase of Capital Stock": "-", "Free Cash Flow": "24,743"}, "12/31/2019": {"Duration": "12/31/2019", "Operating Cash Flow": "-4,778", "Investing Cash Flow": "-363", "Financing Cash Flow": "6,627", "End Cash Position": "1,847", "Income Tax Paid Supplemental Data": "290", "Interest Paid Supplemental Data": "1,657", "Capital Expenditure": "-367", "Issuance of Capital Stock": "-", "Issuance of Debt": "95,554", "Repayment of Debt": "-88,650", "Repurchase of Capital Stock": "-", "Free Cash Flow": "-5,145"}, "12/31/2018": {"Duration": "12/31/2018", "Operating Cash Flow": "-64", "Investing Cash Flow": "-2,583", "Financing Cash Flow": "346", "End Cash Position": "482", "Income Tax Paid Supplemental Data": "350", "Interest Paid Supplemental Data": "1,160", "Capital Expenditure": "-1,518", "Issuance of Capital Stock": "-", "Issuance of Debt": "90,329", "Repayment of Debt": "-90,068", "Repurchase of Capital Stock": "0", "Free Cash Flow": "-1,582"}}}}, {"STAF": {"quote": {"05/08/2021": {"value": "0.5946", "Market Cap": "23.288M", "Beta (5Y Monthly)": "1.72", "PE Ratio (TTM)": "N/A", "EPS (TTM)": "-2.6400", "Earnings Date": "Apr 19, 2021", "Forward Dividend & Yield": "N/A (N/A)", "Ex-Dividend Date": "Dec 12, 2019", "1y Target Est": "4.25"}}, "fin": {"TTM": {"Duration": "TTM", "Total Revenue": "204,527", "Cost of Revenue": "169,714", "Gross Profit": "34,813", "Operating Expense": "40,624", "Operating Income": "-5,811", "Net Non Operating Interest Income Expense": "-7,795", "Other Income Expense": "-2,136", "Pretax Income": "-15,742", "Tax Provision": "-100", "Net Income Common Stockholders": "-23,685", "Diluted NI Available to Com Stockholders": "-23,685", "Basic EPS": "-", "Diluted EPS": "-", "Basic Average Shares": "-", "Diluted Average Shares": "-", "Total Operating Income as Reported": "-8,780", "Total Expenses": "210,338", "Net Income from Continuing & Discontinued Operation": "-15,642", "Normalized Income": "-12,815", "Interest Expense": "7,795", "Net Interest Income": "-7,795", "EBIT": "-7,947", "EBITDA": "-3,151", "Reconciled Cost of Revenue": "168,036", "Reconciled Depreciation": "4,796", "Net Income from Continuing Operation Net Minority Interest": "-15,642", "Total Unusual Items Excluding Goodwill": "-2,845", "Total Unusual Items": "-2,845", "Normalized EBITDA": "-306", "Tax Rate for Calcs": "0", "Tax Effect of Unusual Items": "-18.0727"}, "12/31/2020": {"Duration": "12/31/2020", "Total Revenue": "204,527", "Cost of Revenue": "169,714", "Gross Profit": "34,813", "Operating Expense": "40,624", "Operating Income": "-5,811", "Net Non Operating Interest Income Expense": "-7,795", "Other Income Expense": "-2,136", "Pretax Income": "-15,742", "Tax Provision": "-100", "Net Income Common Stockholders": "-23,685", "Diluted NI Available to Com Stockholders": "-23,685", "Basic EPS": "-", "Diluted EPS": "-", "Basic Average Shares": "-", "Diluted Average Shares": "-", "Total Operating Income as Reported": "-8,780", "Total Expenses": "210,338", "Net Income from Continuing & Discontinued Operation": "-15,642", "Normalized Income": "-12,815", "Interest Expense": "7,795", "Net Interest Income": "-7,795", "EBIT": "-7,947", "EBITDA": "-", "Reconciled Cost of Revenue": "168,036", "Reconciled Depreciation": "4,796", "Net Income from Continuing Operation Net Minority Interest": "-15,642", "Total Unusual Items Excluding Goodwill": "-2,845", "Total Unusual Items": "-2,845", "Normalized EBITDA": "-306", "Tax Rate for Calcs": "0", "Tax Effect of Unusual Items": "-18.0727"}, "12/31/2019": {"Duration": "12/31/2019", "Total Revenue": "278,478", "Cost of Revenue": "230,169", "Gross Profit": "48,309", "Operating Expense": "47,696", "Operating Income": "613", "Net Non Operating Interest Income Expense": "-8,485", "Other Income Expense": "2,643", "Pretax Income": "-5,229", "Tax Provision": "-335", "Net Income Common Stockholders": "-7,382", "Diluted NI Available to Com Stockholders": "-7,382", "Basic EPS": "-0.90", "Diluted EPS": "-0.90", "Basic Average Shares": "8,199", "Diluted Average Shares": "8,199", "Total Operating Income as Reported": "623", "Total Expenses": "277,865", "Net Income from Continuing & Discontinued Operation": "-4,894", "Normalized Income": "-4,903", "Interest Expense": "8,485", "Net Interest Income": "-8,485", "EBIT": "3,256", "EBITDA": "-", "Reconciled Cost of Revenue": "230,169", "Reconciled Depreciation": "3,369", "Net Income from Continuing Operation Net Minority Interest": "-4,894", "Total Unusual Items Excluding Goodwill": "10", "Total Unusual Items": "10", "Normalized EBITDA": "6,615", "Tax Rate for Calcs": "0", "Tax Effect of Unusual Items": "0.6407"}, "12/31/2018": {"Duration": "12/31/2018", "Total Revenue": "260,926", "Cost of Revenue": "212,622", "Gross Profit": "48,304", "Operating Expense": "46,703", "Operating Income": "1,601", "Net Non Operating Interest Income Expense": "-8,966", "Other Income Expense": "886", "Pretax Income": "-6,479", "Tax Provision": "22", "Net Income Common Stockholders": "-6,987", "Diluted NI Available to Com Stockholders": "-6,987", "Basic EPS": "-1.57", "Diluted EPS": "-1.57", "Basic Average Shares": "4,444", "Diluted Average Shares": "4,444", "Total Operating Income as Reported": "1,658", "Total Expenses": "259,325", "Net Income from Continuing & Discontinued Operation": "-6,501", "Normalized Income": "-7,358", "Interest Expense": "8,966", "Net Interest Income": "-8,966", "EBIT": "2,487", "EBITDA": "-", "Reconciled Cost of Revenue": "212,622", "Reconciled Depreciation": "3,124", "Net Income from Continuing Operation Net Minority Interest": "-6,501", "Total Unusual Items Excluding Goodwill": "1,174", "Total Unusual Items": "1,174", "Normalized EBITDA": "4,437", "Tax Rate for Calcs": "0", "Tax Effect of Unusual Items": "316.98"}}, "bs": {"12/31/2020": {"Duration": "12/31/2020", "Total Assets": "86,884", "Total Liabilities Net Minority Interest": "104,984", "Total Equity Gross Minority Interest": "-18,100", "Total Capitalization": "21,843", "Preferred Stock Equity": "11", "Common Stock Equity": "-18,111", "Capital Lease Obligations": "3,437", "Net Tangible Assets": "-61,162", "Working Capital": "-20,793", "Invested Capital": "36,699", "Tangible Book Value": "-61,173", "Total Debt": "58,247", "Net Debt": "46,554", "Share Issued": "17,124", "Ordinary Shares Number": "17,124", "Preferred Shares Number": "-"}, "12/31/2019": {"Duration": "12/31/2019", "Total Assets": "88,841", "Total Liabilities Net Minority Interest": "89,208", "Total Equity Gross Minority Interest": "-367", "Total Capitalization": "-7", "Preferred Stock Equity": "13", "Common Stock Equity": "-380", "Capital Lease Obligations": "4,980", "Net Tangible Assets": "-50,927", "Working Capital": "-55,353", "Invested Capital": "38,436", "Tangible Book Value": "-50,940", "Total Debt": "43,796", "Net Debt": "37,620", "Share Issued": "8,786", "Ordinary Shares Number": "8,786", "Preferred Shares Number": "-"}, "12/31/2018": {"Duration": "12/31/2018", "Total Assets": "96,437", "Total Liabilities Net Minority Interest": "92,242", "Total Equity Gross Minority Interest": "4,195", "Total Capitalization": "39,760", "Preferred Stock Equity": "13", "Common Stock Equity": "4,182", "Capital Lease Obligations": "-", "Net Tangible Assets": "-50,523", "Working Capital": "-14,894", "Invested Capital": "40,404", "Tangible Book Value": "-50,536", "Total Debt": "36,222", "Net Debt": "33,041", "Share Issued": "5,326", "Ordinary Shares Number": "5,326", "Preferred Shares Number": "-"}}, "cf": {"TTM": {"Duration": "TTM", "Operating Cash Flow": "-14,256", "Investing Cash Flow": "11,697", "Financing Cash Flow": "11,553", "End Cash Position": "10,336", "Income Tax Paid Supplemental Data": "-", "Interest Paid Supplemental Data": "-", "Capital Expenditure": "-257", "Issuance of Capital Stock": "4,634", "Issuance of Debt": "20,615", "Repayment of Debt": "-4,734", "Repurchase of Capital Stock": "-1,920", "Free Cash Flow": "-14,513"}, "12/31/2020": {"Duration": "12/31/2020", "Operating Cash Flow": "-14,256", "Investing Cash Flow": "11,697", "Financing Cash Flow": "11,553", "End Cash Position": "10,336", "Income Tax Paid Supplemental Data": "-", "Interest Paid Supplemental Data": "-", "Capital Expenditure": "-257", "Issuance of Capital Stock": "4,634", "Issuance of Debt": "20,615", "Repayment of Debt": "-4,734", "Repurchase of Capital Stock": "-1,920", "Free Cash Flow": "-14,513"}, "12/31/2019": {"Duration": "12/31/2019", "Operating Cash Flow": "-10,840", "Investing Cash Flow": "13,460", "Financing Cash Flow": "-4,389", "End Cash Position": "1,196", "Income Tax Paid Supplemental Data": "-", "Interest Paid Supplemental Data": "-", "Capital Expenditure": "-510", "Issuance of Capital Stock": "5,515", "Issuance of Debt": "2,538", "Repayment of Debt": "-650", "Repurchase of Capital Stock": "-", "Free Cash Flow": "-11,350"}, "12/31/2018": {"Duration": "12/31/2018", "Operating Cash Flow": "1,971", "Investing Cash Flow": "1,666", "Financing Cash Flow": "-3,556", "End Cash Position": "3,181", "Income Tax Paid Supplemental Data": "-", "Interest Paid Supplemental Data": "-", "Capital Expenditure": "-425", "Issuance of Capital Stock": "2,315", "Issuance of Debt": "10,475", "Repayment of Debt": "-596", "Repurchase of Capital Stock": "0", "Free Cash Flow": "1,546"}}}}, {"MCTH": {"quote": {"05/08/2021": {"value": "0.0180", "Market Cap": "196,005", "Beta (5Y Monthly)": "-0.33", "PE Ratio (TTM)": "N/A", "EPS (TTM)": "-0.2290", "Earnings Date": "N/A", "Forward Dividend & Yield": "N/A (N/A)", "Ex-Dividend Date": "N/A", "1y Target Est": "N/A"}}, "fin": {}, "bs": {}, "cf": {}}}, {"VISI": {"fin": {}, "bs": {}, "cf": {}}}, {"CCNI": {"fin": {}, "bs": {}, "cf": {}}}, {"TSGL": {"fin": {}, "cf": {}}}]