[{"ADSK": {"quote": {"03/28/2021": {"value": "269.01", "Market Cap": "59.072B", "Beta (5Y Monthly)": "1.37", "PE Ratio (TTM)": "49.45", "EPS (TTM)": "5.44", "Earnings Date": "May 25, 2021 - May 31, 2021", "Forward Dividend & Yield": "N/A (N/A)", "Ex-Dividend Date": "Mar 22, 2005", "1y Target Est": "319.33"}}, "fin": {"TTM": {"Duration": "TTM", "Total Revenue": "3,790,400", "Cost of Revenue": "337,100", "Gross Profit": "3,453,300", "Operating Expense": "2,824,200", "Operating Income": "629,100", "Net Non Operating Interest Income Expense": "-51,100", "Other Income Expense": "-31,300", "Pretax Income": "546,700", "Tax Provision": "-661,500", "Net Income Common Stockholders": "1,208,200", "Diluted NI Available to Com Stockholders": "1,208,200", "Basic EPS": "-", "Diluted EPS": "-", "Basic Average Shares": "-", "Diluted Average Shares": "-", "Total Operating Income as Reported": "629,100", "Total Expenses": "3,161,300", "Net Income from Continuing & Discontinued Operation": "1,208,200", "Normalized Income": "1,231,120", "Interest Expense": "51,100", "Net Interest Income": "-51,100", "EBIT": "597,800", "EBITDA": "721,600", "Reconciled Cost of Revenue": "250,800", "Reconciled Depreciation": "123,800", "Net Income from Continuing Operation Net Minority Interest": "1,208,200", "Total Unusual Items Excluding Goodwill": "-38,200", "Total Unusual Items": "-38,200", "Normalized EBITDA": "759,800", "Tax Rate for Calcs": "0", "Tax Effect of Unusual Items": "-15,280"}, "1/31/2021": {"Duration": "1/31/2021", "Total Revenue": "3,790,400", "Cost of Revenue": "337,100", "Gross Profit": "3,453,300", "Operating Expense": "2,824,200", "Operating Income": "629,100", "Net Non Operating Interest Income Expense": "-51,100", "Other Income Expense": "-31,300", "Pretax Income": "546,700", "Tax Provision": "-661,500", "Net Income Common Stockholders": "1,208,200", "Diluted NI Available to Com Stockholders": "1,208,200", "Basic EPS": "-", "Diluted EPS": "-", "Basic Average Shares": "-", "Diluted Average Shares": "-", "Total Operating Income as Reported": "629,100", "Total Expenses": "3,161,300", "Net Income from Continuing & Discontinued Operation": "1,208,200", "Normalized Income": "1,231,120", "Interest Expense": "51,100", "Net Interest Income": "-51,100", "EBIT": "597,800", "EBITDA": "-", "Reconciled Cost of Revenue": "250,800", "Reconciled Depreciation": "123,800", "Net Income from Continuing Operation Net Minority Interest": "1,208,200", "Total Unusual Items Excluding Goodwill": "-38,200", "Total Unusual Items": "-38,200", "Normalized EBITDA": "759,800", "Tax Rate for Calcs": "0", "Tax Effect of Unusual Items": "-15,280"}, "1/31/2020": {"Duration": "1/31/2020", "Total Revenue": "3,274,300", "Cost of Revenue": "324,900", "Gross Profit": "2,949,400", "Operating Expense": "2,605,900", "Operating Income": "343,500", "Net Non Operating Interest Income Expense": "-54,000", "Other Income Expense": "5,300", "Pretax Income": "294,800", "Tax Provision": "80,300", "Net Income Common Stockholders": "214,500", "Diluted NI Available to Com Stockholders": "214,500", "Basic EPS": "0.98", "Diluted EPS": "0.96", "Basic Average Shares": "219,700", "Diluted Average Shares": "222,500", "Total Operating Income as Reported": "343,000", "Total Expenses": "2,930,800", "Net Income from Continuing & Discontinued Operation": "214,500", "Normalized Income": "214,427", "Interest Expense": "54,000", "Net Interest Income": "-54,000", "EBIT": "348,800", "EBITDA": "-", "Reconciled Cost of Revenue": "236,500", "Reconciled Depreciation": "127,300", "Net Income from Continuing Operation Net Minority Interest": "214,500", "Total Unusual Items Excluding Goodwill": "100", "Total Unusual Items": "100", "Normalized EBITDA": "476,000", "Tax Rate for Calcs": "0", "Tax Effect of Unusual Items": "27.2388"}, "1/31/2019": {"Duration": "1/31/2019", "Total Revenue": "2,569,800", "Cost of Revenue": "285,900", "Gross Profit": "2,283,900", "Operating Expense": "2,267,000", "Operating Income": "16,900", "Net Non Operating Interest Income Expense": "-52,100", "Other Income Expense": "-7,500", "Pretax Income": "-42,700", "Tax Provision": "38,100", "Net Income Common Stockholders": "-80,800", "Diluted NI Available to Com Stockholders": "-80,800", "Basic EPS": "-0.37", "Diluted EPS": "-0.37", "Basic Average Shares": "218,900", "Diluted Average Shares": "218,900", "Total Operating Income as Reported": "-25,000", "Total Expenses": "2,552,900", "Net Income from Continuing & Discontinued Operation": "-80,800", "Normalized Income": "-63,061", "Interest Expense": "52,100", "Net Interest Income": "-52,100", "EBIT": "9,400", "EBITDA": "-", "Reconciled Cost of Revenue": "208,700", "Reconciled Depreciation": "95,200", "Net Income from Continuing Operation Net Minority Interest": "-80,800", "Total Unusual Items Excluding Goodwill": "-24,300", "Total Unusual Items": "-24,300", "Normalized EBITDA": "128,900", "Tax Rate for Calcs": "0", "Tax Effect of Unusual Items": "-6,561"}}, "bs": {"1/31/2021": {"Duration": "1/31/2021", "Total Assets": "7,279,800", "Total Liabilities Net Minority Interest": "6,314,300", "Total Equity Gross Minority Interest": "965,500", "Total Capitalization": "2,602,700", "Common Stock Equity": "965,500", "Capital Lease Obligations": "467,400", "Net Tangible Assets": "-1,940,300", "Working Capital": "-555,500", "Invested Capital": "2,602,700", "Tangible Book Value": "-1,940,300", "Total Debt": "2,104,600", "Net Debt": "-", "Share Issued": "219,600", "Ordinary Shares Number": "219,600"}, "1/31/2020": {"Duration": "1/31/2020", "Total Assets": "6,179,300", "Total Liabilities Net Minority Interest": "6,318,400", "Total Equity Gross Minority Interest": "-139,100", "Total Capitalization": "1,496,000", "Common Stock Equity": "-139,100", "Capital Lease Obligations": "459,800", "Net Tangible Assets": "-2,791,200", "Working Capital": "-559,900", "Invested Capital": "1,945,700", "Tangible Book Value": "-2,791,200", "Total Debt": "2,544,600", "Net Debt": "310,100", "Share Issued": "219,400", "Ordinary Shares Number": "219,400"}, "1/31/2019": {"Duration": "1/31/2019", "Total Assets": "4,729,200", "Total Liabilities Net Minority Interest": "4,940,100", "Total Equity Gross Minority Interest": "-210,900", "Total Capitalization": "1,876,800", "Common Stock Equity": "-210,900", "Capital Lease Obligations": "-", "Net Tangible Assets": "-2,942,500", "Working Capital": "-681,200", "Invested Capital": "1,876,800", "Tangible Book Value": "-2,942,500", "Total Debt": "2,087,700", "Net Debt": "1,201,700", "Share Issued": "219,400", "Ordinary Shares Number": "219,400"}}, "cf": {"TTM": {"Duration": "TTM", "Operating Cash Flow": "1,437,200", "Investing Cash Flow": "-403,900", "Financing Cash Flow": "-1,046,800", "End Cash Position": "1,772,200", "Income Tax Paid Supplemental Data": "92,800", "Interest Paid Supplemental Data": "62,700", "Capital Expenditure": "-95,900", "Issuance of Capital Stock": "114,100", "Issuance of Debt": "0", "Repayment of Debt": "-450,000", "Repurchase of Capital Stock": "-551,700", "Free Cash Flow": "1,341,300"}, "1/31/2021": {"Duration": "1/31/2021", "Operating Cash Flow": "1,437,200", "Investing Cash Flow": "-403,900", "Financing Cash Flow": "-1,046,800", "End Cash Position": "1,772,200", "Income Tax Paid Supplemental Data": "92,800", "Interest Paid Supplemental Data": "62,700", "Capital Expenditure": "-95,900", "Issuance of Capital Stock": "114,100", "Issuance of Debt": "0", "Repayment of Debt": "-450,000", "Repurchase of Capital Stock": "-551,700", "Free Cash Flow": "1,341,300"}, "1/31/2020": {"Duration": "1/31/2020", "Operating Cash Flow": "1,415,100", "Investing Cash Flow": "-57,300", "Financing Cash Flow": "-466,800", "End Cash Position": "1,774,700", "Income Tax Paid Supplemental Data": "60,300", "Interest Paid Supplemental Data": "67,800", "Capital Expenditure": "-53,200", "Issuance of Capital Stock": "93,700", "Issuance of Debt": "498,900", "Repayment of Debt": "-500,000", "Repurchase of Capital Stock": "-442,500", "Free Cash Flow": "1,361,900"}, "1/31/2019": {"Duration": "1/31/2019", "Operating Cash Flow": "377,100", "Investing Cash Flow": "-710,400", "Financing Cash Flow": "151,900", "End Cash Position": "886,000", "Income Tax Paid Supplemental Data": "78,000", "Interest Paid Supplemental Data": "59,000", "Capital Expenditure": "-67,000", "Issuance of Capital Stock": "90,900", "Issuance of Debt": "500,000", "Repayment of Debt": "0", "Repurchase of Capital Stock": "-293,500", "Free Cash Flow": "310,100"}}}}, {"ACIW": {"quote": {"03/28/2021": {"value": "38.21", "Market Cap": "4.476B", "Beta (5Y Monthly)": "1.21", "PE Ratio (TTM)": "61.63", "EPS (TTM)": "0.62", "Earnings Date": "May 05, 2021 - May 10, 2021", "Forward Dividend & Yield": "N/A (N/A)", "Ex-Dividend Date": "N/A", "1y Target Est": "45.71"}}, "fin": {"TTM": {"Duration": "TTM", "Total Revenue": "1,294,322", "Cost of Revenue": "622,459", "Gross Profit": "671,863", "Operating Expense": "527,119", "Operating Income": "144,744", "Net Non Operating Interest Income Expense": "-45,002", "Other Income Expense": "-1,116", "Pretax Income": "98,626", "Tax Provision": "25,966", "Net Income Common Stockholders": "72,660", "Diluted NI Available to Com Stockholders": "72,660", "Basic EPS": "-", "Diluted EPS": "-", "Basic Average Shares": "-", "Diluted Average Shares": "-", "Total Operating Income as Reported": "144,744", "Total Expenses": "1,149,578", "Net Income from Continuing & Discontinued Operation": "72,660", "Normalized Income": "72,660", "Interest Income": "11,628", "Interest Expense": "56,630", "Net Interest Income": "-45,002", "EBIT": "155,256", "EBITDA": "319,020", "Reconciled Cost of Revenue": "590,486", "Reconciled Depreciation": "163,764", "Net Income from Continuing Operation Net Minority Interest": "72,660", "Total Unusual Items Excluding Goodwill": "520", "Total Unusual Items": "520", "Normalized EBITDA": "319,020", "Tax Rate for Calcs": "0", "Tax Effect of Unusual Items": "0"}, "12/31/2020": {"Duration": "12/31/2020", "Total Revenue": "1,294,322", "Cost of Revenue": "622,459", "Gross Profit": "671,863", "Operating Expense": "527,119", "Operating Income": "144,744", "Net Non Operating Interest Income Expense": "-45,002", "Other Income Expense": "-1,116", "Pretax Income": "98,626", "Tax Provision": "25,966", "Net Income Common Stockholders": "72,660", "Diluted NI Available to Com Stockholders": "72,660", "Basic EPS": "-", "Diluted EPS": "-", "Basic Average Shares": "-", "Diluted Average Shares": "-", "Total Operating Income as Reported": "144,744", "Total Expenses": "1,149,578", "Net Income from Continuing & Discontinued Operation": "72,660", "Normalized Income": "72,660", "Interest Income": "11,628", "Interest Expense": "56,630", "Net Interest Income": "-45,002", "EBIT": "155,256", "EBITDA": "-", "Reconciled Cost of Revenue": "590,486", "Reconciled Depreciation": "163,764", "Net Income from Continuing Operation Net Minority Interest": "72,660", "Total Unusual Items Excluding Goodwill": "-", "Total Unusual Items": "-", "Normalized EBITDA": "319,020", "Tax Rate for Calcs": "0", "Tax Effect of Unusual Items": "0"}, "12/31/2019": {"Duration": "12/31/2019", "Total Revenue": "1,258,294", "Cost of Revenue": "617,453", "Gross Profit": "640,841", "Operating Expense": "517,085", "Operating Income": "123,756", "Net Non Operating Interest Income Expense": "-52,066", "Other Income Expense": "520", "Pretax Income": "72,210", "Tax Provision": "5,148", "Net Income Common Stockholders": "67,062", "Diluted NI Available to Com Stockholders": "67,062", "Basic EPS": "0.58", "Diluted EPS": "0.57", "Basic Average Shares": "116,175", "Diluted Average Shares": "118,571", "Total Operating Income as Reported": "123,756", "Total Expenses": "1,134,538", "Net Income from Continuing & Discontinued Operation": "67,062", "Normalized Income": "66,578", "Interest Income": "11,967", "Interest Expense": "64,033", "Net Interest Income": "-52,066", "EBIT": "136,243", "EBITDA": "-", "Reconciled Cost of Revenue": "590,482", "Reconciled Depreciation": "138,503", "Net Income from Continuing Operation Net Minority Interest": "67,062", "Total Unusual Items Excluding Goodwill": "520", "Total Unusual Items": "520", "Normalized EBITDA": "274,226", "Tax Rate for Calcs": "0", "Tax Effect of Unusual Items": "36.4"}, "12/31/2018": {"Duration": "12/31/2018", "Total Revenue": "1,009,780", "Cost of Revenue": "430,351", "Gross Profit": "579,429", "Operating Expense": "453,518", "Operating Income": "125,911", "Net Non Operating Interest Income Expense": "-30,388", "Other Income Expense": "-3,724", "Pretax Income": "91,799", "Tax Provision": "22,878", "Net Income Common Stockholders": "68,921", "Diluted NI Available to Com Stockholders": "68,921", "Basic EPS": "0.59", "Diluted EPS": "0.59", "Basic Average Shares": "116,057", "Diluted Average Shares": "117,632", "Total Operating Income as Reported": "125,911", "Total Expenses": "883,869", "Net Income from Continuing & Discontinued Operation": "68,921", "Normalized Income": "71,714", "Interest Income": "11,142", "Interest Expense": "41,530", "Net Interest Income": "-30,388", "EBIT": "133,329", "EBITDA": "-", "Reconciled Cost of Revenue": "417,586", "Reconciled Depreciation": "97,350", "Net Income from Continuing Operation Net Minority Interest": "68,921", "Total Unusual Items Excluding Goodwill": "-3,724", "Total Unusual Items": "-3,724", "Normalized EBITDA": "234,403", "Tax Rate for Calcs": "0", "Tax Effect of Unusual Items": "-931"}}, "bs": {"12/31/2020": {"Duration": "12/31/2020", "Total Assets": "3,386,903", "Total Liabilities Net Minority Interest": "2,180,306", "Total Equity Gross Minority Interest": "1,206,597", "Total Capitalization": "2,327,339", "Common Stock Equity": "1,206,597", "Capital Lease Obligations": "53,396", "Net Tangible Assets": "-592,068", "Working Capital": "249,309", "Invested Capital": "2,361,604", "Tangible Book Value": "-592,068", "Total Debt": "1,208,403", "Net Debt": "989,633", "Share Issued": "140,525", "Ordinary Shares Number": "117,112", "Treasury Shares Number": "23,413"}, "12/31/2019": {"Duration": "12/31/2019", "Total Assets": "3,257,534", "Total Liabilities Net Minority Interest": "2,127,566", "Total Equity Gross Minority Interest": "1,129,968", "Total Capitalization": "2,468,975", "Common Stock Equity": "1,129,968", "Capital Lease Obligations": "61,815", "Net Tangible Assets": "-742,043", "Working Capital": "308,426", "Invested Capital": "2,503,123", "Tangible Book Value": "-742,043", "Total Debt": "1,434,970", "Net Debt": "1,251,757", "Share Issued": "140,525", "Ordinary Shares Number": "115,986", "Treasury Shares Number": "24,539"}, "12/31/2018": {"Duration": "12/31/2018", "Total Assets": "2,122,455", "Total Liabilities Net Minority Interest": "1,074,224", "Total Equity Gross Minority Interest": "1,048,231", "Total Capitalization": "1,699,220", "Common Stock Equity": "1,048,231", "Capital Lease Obligations": "-", "Net Tangible Assets": "-166,815", "Working Capital": "269,857", "Invested Capital": "1,719,987", "Tangible Book Value": "-166,815", "Total Debt": "671,756", "Net Debt": "523,254", "Share Issued": "140,525", "Ordinary Shares Number": "116,123", "Treasury Shares Number": "24,402"}}, "cf": {"TTM": {"Duration": "TTM", "Operating Cash Flow": "336,302", "Investing Cash Flow": "-30,699", "Financing Cash Flow": "-261,570", "End Cash Position": "165,374", "Income Tax Paid Supplemental Data": "27,760", "Interest Paid Supplemental Data": "51,991", "Capital Expenditure": "-46,633", "Issuance of Capital Stock": "3,759", "Issuance of Debt": "30,000", "Repayment of Debt": "-266,804", "Repurchase of Capital Stock": "-28,881", "Free Cash Flow": "289,669"}, "12/31/2020": {"Duration": "12/31/2020", "Operating Cash Flow": "336,302", "Investing Cash Flow": "-30,699", "Financing Cash Flow": "-261,570", "End Cash Position": "165,374", "Income Tax Paid Supplemental Data": "27,760", "Interest Paid Supplemental Data": "51,991", "Capital Expenditure": "-46,633", "Issuance of Capital Stock": "3,759", "Issuance of Debt": "30,000", "Repayment of Debt": "-266,804", "Repurchase of Capital Stock": "-28,881", "Free Cash Flow": "289,669"}, "12/31/2019": {"Duration": "12/31/2019", "Operating Cash Flow": "137,649", "Investing Cash Flow": "-830,481", "Financing Cash Flow": "667,223", "End Cash Position": "121,398", "Income Tax Paid Supplemental Data": "27,727", "Interest Paid Supplemental Data": "58,980", "Capital Expenditure": "-48,014", "Issuance of Capital Stock": "3,591", "Issuance of Debt": "780,000", "Repayment of Debt": "-76,920", "Repurchase of Capital Stock": "-35,617", "Free Cash Flow": "89,635"}, "12/31/2018": {"Duration": "12/31/2018", "Operating Cash Flow": "183,932", "Investing Cash Flow": "-45,360", "Financing Cash Flow": "-57,704", "End Cash Position": "148,502", "Income Tax Paid Supplemental Data": "32,205", "Interest Paid Supplemental Data": "35,300", "Capital Expenditure": "-43,893", "Issuance of Capital Stock": "3,098", "Issuance of Debt": "509,000", "Repayment of Debt": "-525,042", "Repurchase of Capital Stock": "-54,527", "Free Cash Flow": "140,039"}}}}, {"PSSR": {"quote": {"03/28/2021": {"value": "0.6999", "Market Cap": "5.398M", "Beta (5Y Monthly)": "0.14", "PE Ratio (TTM)": "N/A", "EPS (TTM)": "-1.5020", "Earnings Date": "Jan 29, 2021", "Forward Dividend & Yield": "N/A (N/A)", "Ex-Dividend Date": "N/A", "1y Target Est": "N/A"}}, "fin": {"TTM": {"Duration": "TTM", "Total Revenue": "9,001", "Cost of Revenue": "4,471", "Gross Profit": "4,530", "Operating Expense": "5,250", "Operating Income": "-720.111", "Net Non Operating Interest Income Expense": "-962.681", "Other Income Expense": "-", "Pretax Income": "-11,580", "Tax Provision": "5.358", "Net Income Common Stockholders": "-11,585", "Diluted NI Available to Com Stockholders": "-11,585", "Basic EPS": "-", "Diluted EPS": "-", "Basic Average Shares": "-", "Diluted Average Shares": "-", "Total Operating Income as Reported": "-10,594", "Total Expenses": "9,722", "Net Income from Continuing & Discontinued Operation": "-11,585", "Normalized Income": "-11,585", "Interest Expense": "962.681", "Net Interest Income": "-962.681", "EBIT": "-10,617", "EBITDA": "-9,309", "Reconciled Cost of Revenue": "4,471", "Reconciled Depreciation": "1,309", "Net Income from Continuing Operation Net Minority Interest": "-11,585", "Total Unusual Items Excluding Goodwill": "-", "Total Unusual Items": "-", "Normalized EBITDA": "-9,309", "Tax Rate for Calcs": "0", "Tax Effect of Unusual Items": "0"}, "10/31/2020": {"Duration": "10/31/2020", "Total Revenue": "11,529", "Cost of Revenue": "6,187", "Gross Profit": "5,341", "Operating Expense": "6,805", "Operating Income": "-1,463", "Net Non Operating Interest Income Expense": "-906.567", "Other Income Expense": "-9,897", "Pretax Income": "-12,267", "Tax Provision": "36.918", "Net Income Common Stockholders": "-12,304", "Diluted NI Available to Com Stockholders": "-12,304", "Basic EPS": "-1.60", "Diluted EPS": "-1.60", "Basic Average Shares": "7,711", "Diluted Average Shares": "7,711", "Total Operating Income as Reported": "-11,338", "Total Expenses": "12,992", "Net Income from Continuing & Discontinued Operation": "-12,304", "Normalized Income": "-5,096", "Interest Expense": "906.567", "Net Interest Income": "-906.567", "EBIT": "-11,360", "EBITDA": "-", "Reconciled Cost of Revenue": "6,187", "Reconciled Depreciation": "2,123", "Net Income from Continuing Operation Net Minority Interest": "-12,304", "Total Unusual Items Excluding Goodwill": "-9,874", "Total Unusual Items": "-9,874", "Normalized EBITDA": "636.847", "Tax Rate for Calcs": "0", "Tax Effect of Unusual Items": "-2,666"}, "10/31/2019": {"Duration": "10/31/2019", "Total Revenue": "15,046", "Cost of Revenue": "8,368", "Gross Profit": "6,678", "Operating Expense": "9,810", "Operating Income": "-3,132", "Net Non Operating Interest Income Expense": "-715.933", "Other Income Expense": "-", "Pretax Income": "-3,848", "Tax Provision": "-10.32", "Net Income Common Stockholders": "-3,837", "Diluted NI Available to Com Stockholders": "-3,837", "Basic EPS": "-0.50", "Diluted EPS": "-0.50", "Basic Average Shares": "7,696", "Diluted Average Shares": "7,696", "Total Operating Income as Reported": "-3,132", "Total Expenses": "18,178", "Net Income from Continuing & Discontinued Operation": "-3,837", "Normalized Income": "-3,837", "Interest Expense": "715.933", "Net Interest Income": "-715.933", "EBIT": "-3,132", "EBITDA": "-", "Reconciled Cost of Revenue": "8,368", "Reconciled Depreciation": "3,628", "Net Income from Continuing Operation Net Minority Interest": "-3,837", "Total Unusual Items Excluding Goodwill": "-", "Total Unusual Items": "-", "Normalized EBITDA": "495.884", "Tax Rate for Calcs": "0", "Tax Effect of Unusual Items": "0"}, "10/31/2018": {"Duration": "10/31/2018", "Total Revenue": "14,818", "Cost of Revenue": "10,481", "Gross Profit": "4,337", "Operating Expense": "9,482", "Operating Income": "-5,145", "Net Non Operating Interest Income Expense": "-335.948", "Other Income Expense": "1.224", "Pretax Income": "-5,480", "Tax Provision": "4.634", "Net Income Common Stockholders": "-5,484", "Diluted NI Available to Com Stockholders": "-5,484", "Basic EPS": "-0.71", "Diluted EPS": "-0.71", "Basic Average Shares": "7,696", "Diluted Average Shares": "7,696", "Total Operating Income as Reported": "-5,145", "Total Expenses": "19,963", "Net Income from Continuing & Discontinued Operation": "-5,484", "Normalized Income": "-5,484", "Interest Expense": "335.948", "Net Interest Income": "-335.948", "EBIT": "-5,144", "EBITDA": "-", "Reconciled Cost of Revenue": "10,481", "Reconciled Depreciation": "3,562", "Net Income from Continuing Operation Net Minority Interest": "-5,484", "Total Unusual Items Excluding Goodwill": "-", "Total Unusual Items": "-", "Normalized EBITDA": "-1,582", "Tax Rate for Calcs": "0", "Tax Effect of Unusual Items": "0"}}, "bs": {"10/31/2020": {"Duration": "10/31/2020", "Total Assets": "5,340", "Total Liabilities Net Minority Interest": "16,698", "Total Equity Gross Minority Interest": "-11,358", "Total Capitalization": "-666.288", "Common Stock Equity": "-11,358", "Capital Lease Obligations": "440.869", "Net Tangible Assets": "-12,581", "Working Capital": "-1,911", "Invested Capital": "-666.288", "Tangible Book Value": "-12,581", "Total Debt": "11,132", "Net Debt": "7,944", "Share Issued": "8,497", "Ordinary Shares Number": "7,712", "Treasury Shares Number": "784.435"}, "10/31/2019": {"Duration": "10/31/2019", "Total Assets": "14,447", "Total Liabilities Net Minority Interest": "13,992", "Total Equity Gross Minority Interest": "455.729", "Total Capitalization": "8,806", "Common Stock Equity": "455.729", "Capital Lease Obligations": "-", "Net Tangible Assets": "-7,863", "Working Capital": "-3,648", "Invested Capital": "8,806", "Tangible Book Value": "-7,863", "Total Debt": "8,350", "Net Debt": "8,205", "Share Issued": "8,481", "Ordinary Shares Number": "7,696", "Treasury Shares Number": "784.435"}, "10/31/2018": {"Duration": "10/31/2018", "Total Assets": "15,214", "Total Liabilities Net Minority Interest": "11,600", "Total Equity Gross Minority Interest": "3,614", "Total Capitalization": "9,664", "Common Stock Equity": "3,614", "Capital Lease Obligations": "-", "Net Tangible Assets": "-4,527", "Working Capital": "-3,540", "Invested Capital": "9,664", "Tangible Book Value": "-4,527", "Total Debt": "6,050", "Net Debt": "5,949", "Share Issued": "8,481", "Ordinary Shares Number": "7,696", "Treasury Shares Number": "784.435"}}, "cf": {"TTM": {"Duration": "TTM", "Operating Cash Flow": "-2,431", "Investing Cash Flow": "0", "Financing Cash Flow": "3,918", "End Cash Position": "1,915", "Income Tax Paid Supplemental Data": "-24.285", "Interest Paid Supplemental Data": "266.4", "Capital Expenditure": "-", "Issuance of Debt": "915", "Repayment of Debt": "-", "Repurchase of Capital Stock": "-", "Free Cash Flow": "-2,431"}, "10/31/2020": {"Duration": "10/31/2020", "Operating Cash Flow": "-1,363", "Investing Cash Flow": "-495.789", "Financing Cash Flow": "4,461", "End Cash Position": "2,748", "Income Tax Paid Supplemental Data": "7.275", "Interest Paid Supplemental Data": "0", "Capital Expenditure": "-495.789", "Issuance of Debt": "1,435", "Repayment of Debt": "-", "Repurchase of Capital Stock": "-", "Free Cash Flow": "-1,858"}, "10/31/2019": {"Duration": "10/31/2019", "Operating Cash Flow": "734.513", "Investing Cash Flow": "-2,790", "Financing Cash Flow": "2,100", "End Cash Position": "145.151", "Income Tax Paid Supplemental Data": "-", "Interest Paid Supplemental Data": "515.875", "Capital Expenditure": "-2,790", "Issuance of Debt": "2,100", "Repayment of Debt": "-", "Repurchase of Capital Stock": "-", "Free Cash Flow": "-2,056"}, "10/31/2018": {"Duration": "10/31/2018", "Operating Cash Flow": "660.329", "Investing Cash Flow": "-3,085", "Financing Cash Flow": "2,250", "End Cash Position": "100.856", "Income Tax Paid Supplemental Data": "-", "Interest Paid Supplemental Data": "336", "Capital Expenditure": "-3,085", "Issuance of Debt": "2,250", "Repayment of Debt": "-", "Repurchase of Capital Stock": "-", "Free Cash Flow": "-2,424"}}}}, {"NATI": {"quote": {"03/28/2021": {"value": "43.43", "Market Cap": "5.716B", "Beta (5Y Monthly)": "1.14", "PE Ratio (TTM)": "39.84", "EPS (TTM)": "1.09", "Earnings Date": "Apr 28, 2021 - May 03, 2021", "Forward Dividend & Yield": "1.08 (2.49%)", "Ex-Dividend Date": "Feb 05, 2021", "1y Target Est": "43.75"}}}}, {"EVOL": {"quote": {"03/28/2021": {"value": "2.7200", "Market Cap": "33.342M", "Beta (5Y Monthly)": "1.29", "PE Ratio (TTM)": "54.40", "EPS (TTM)": "0.0500", "Earnings Date": "Mar 17, 2021", "Forward Dividend & Yield": "N/A (N/A)", "Ex-Dividend Date": "Jun 01, 2016", "1y Target Est": "N/A"}}, "fin": {"TTM": {"Duration": "TTM", "Total Revenue": "26,352", "Cost of Revenue": "8,837", "Gross Profit": "17,515", "Operating Expense": "16,535", "Operating Income": "980", "Net Non Operating Interest Income Expense": "-65", "Other Income Expense": "556", "Pretax Income": "1,471", "Tax Provision": "828", "Net Income Common Stockholders": "643", "Diluted NI Available to Com Stockholders": "643", "Basic EPS": "-", "Diluted EPS": "-", "Basic Average Shares": "-", "Diluted Average Shares": "-", "Total Operating Income as Reported": "980", "Total Expenses": "25,372", "Net Income from Continuing & Discontinued Operation": "643", "Normalized Income": "372.9", "Interest Income": "5", "Interest Expense": "70", "Net Interest Income": "-65", "EBIT": "1,541", "EBITDA": "2,969", "Reconciled Cost of Revenue": "8,565", "Reconciled Depreciation": "1,428", "Net Income from Continuing Operation Net Minority Interest": "643", "Total Unusual Items Excluding Goodwill": "370", "Total Unusual Items": "370", "Normalized EBITDA": "2,599", "Tax Rate for Calcs": "0", "Tax Effect of Unusual Items": "99.9"}, "12/31/2020": {"Duration": "12/31/2020", "Total Revenue": "26,352", "Cost of Revenue": "8,837", "Gross Profit": "17,515", "Operating Expense": "16,535", "Operating Income": "980", "Net Non Operating Interest Income Expense": "-65", "Other Income Expense": "556", "Pretax Income": "1,471", "Tax Provision": "828", "Net Income Common Stockholders": "643", "Diluted NI Available to Com Stockholders": "643", "Basic EPS": "-", "Diluted EPS": "-", "Basic Average Shares": "-", "Diluted Average Shares": "-", "Total Operating Income as Reported": "980", "Total Expenses": "25,372", "Net Income from Continuing & Discontinued Operation": "643", "Normalized Income": "372.9", "Interest Income": "5", "Interest Expense": "70", "Net Interest Income": "-65", "EBIT": "1,541", "EBITDA": "-", "Reconciled Cost of Revenue": "8,565", "Reconciled Depreciation": "1,428", "Net Income from Continuing Operation Net Minority Interest": "643", "Total Unusual Items Excluding Goodwill": "370", "Total Unusual Items": "370", "Normalized EBITDA": "2,599", "Tax Rate for Calcs": "0", "Tax Effect of Unusual Items": "99.9"}, "12/31/2019": {"Duration": "12/31/2019", "Total Revenue": "25,750", "Cost of Revenue": "8,685", "Gross Profit": "17,065", "Operating Expense": "18,272", "Operating Income": "-1,207", "Net Non Operating Interest Income Expense": "-299", "Other Income Expense": "-7,086", "Pretax Income": "-8,592", "Tax Provision": "1,103", "Net Income Common Stockholders": "-9,695", "Diluted NI Available to Com Stockholders": "-9,695", "Basic EPS": "-0.80", "Diluted EPS": "-0.80", "Basic Average Shares": "12,157", "Diluted Average Shares": "12,157", "Total Operating Income as Reported": "-7,894", "Total Expenses": "26,957", "Net Income from Continuing & Discontinued Operation": "-9,695", "Normalized Income": "-4,481", "Interest Income": "15", "Interest Expense": "314", "Net Interest Income": "-299", "EBIT": "-8,278", "EBITDA": "-", "Reconciled Cost of Revenue": "8,271", "Reconciled Depreciation": "1,542", "Net Income from Continuing Operation Net Minority Interest": "-9,695", "Total Unusual Items Excluding Goodwill": "-7,142", "Total Unusual Items": "-7,142", "Normalized EBITDA": "406", "Tax Rate for Calcs": "0", "Tax Effect of Unusual Items": "-1,928"}, "12/31/2018": {"Duration": "12/31/2018", "Total Revenue": "30,636", "Cost of Revenue": "10,349", "Gross Profit": "20,287", "Operating Expense": "18,530", "Operating Income": "1,757", "Net Non Operating Interest Income Expense": "-413", "Other Income Expense": "-16,557", "Pretax Income": "-15,213", "Tax Provision": "-426", "Net Income Common Stockholders": "-14,787", "Diluted NI Available to Com Stockholders": "-14,787", "Basic EPS": "-1.22", "Diluted EPS": "-1.22", "Basic Average Shares": "12,108", "Diluted Average Shares": "12,108", "Total Operating Income as Reported": "-16,003", "Total Expenses": "28,879", "Net Income from Continuing & Discontinued Operation": "-14,787", "Normalized Income": "1,688", "Interest Income": "65", "Interest Expense": "478", "Net Interest Income": "-413", "EBIT": "-14,735", "EBITDA": "-", "Reconciled Cost of Revenue": "10,349", "Reconciled Depreciation": "1,091", "Net Income from Continuing Operation Net Minority Interest": "-14,787", "Total Unusual Items Excluding Goodwill": "-16,950", "Total Unusual Items": "-16,950", "Normalized EBITDA": "3,306", "Tax Rate for Calcs": "0", "Tax Effect of Unusual Items": "-474.6401"}}, "bs": {"12/31/2020": {"Duration": "12/31/2020", "Total Assets": "19,076", "Total Liabilities Net Minority Interest": "9,386", "Total Equity Gross Minority Interest": "9,690", "Total Capitalization": "10,009", "Common Stock Equity": "9,690", "Capital Lease Obligations": "907", "Net Tangible Assets": "6,921", "Working Capital": "5,453", "Invested Capital": "10,151", "Tangible Book Value": "6,921", "Total Debt": "1,368", "Net Debt": "-", "Share Issued": "12,375", "Ordinary Shares Number": "12,196", "Treasury Shares Number": "178.889"}, "12/31/2019": {"Duration": "12/31/2019", "Total Assets": "19,812", "Total Liabilities Net Minority Interest": "10,694", "Total Equity Gross Minority Interest": "9,118", "Total Capitalization": "9,240", "Common Stock Equity": "9,118", "Capital Lease Obligations": "1,197", "Net Tangible Assets": "5,453", "Working Capital": "3,764", "Invested Capital": "10,817", "Tangible Book Value": "5,453", "Total Debt": "2,896", "Net Debt": "-", "Share Issued": "12,343", "Ordinary Shares Number": "12,164", "Treasury Shares Number": "178.889"}, "12/31/2018": {"Duration": "12/31/2018", "Total Assets": "32,752", "Total Liabilities Net Minority Interest": "14,332", "Total Equity Gross Minority Interest": "18,420", "Total Capitalization": "20,785", "Common Stock Equity": "18,420", "Capital Lease Obligations": "-", "Net Tangible Assets": "7,132", "Working Capital": "8,054", "Invested Capital": "24,358", "Tangible Book Value": "7,132", "Total Debt": "5,938", "Net Debt": "-", "Share Issued": "12,306", "Ordinary Shares Number": "12,127", "Treasury Shares Number": "178.889"}}, "cf": {"TTM": {"Duration": "TTM", "Operating Cash Flow": "1,428", "Investing Cash Flow": "-266", "Financing Cash Flow": "-1,051", "End Cash Position": "2,763", "Income Tax Paid Supplemental Data": "-", "Interest Paid Supplemental Data": "66", "Capital Expenditure": "-268", "Issuance of Capital Stock": "-", "Issuance of Debt": "319", "Repayment of Debt": "-1,370", "Free Cash Flow": "1,160"}, "12/31/2020": {"Duration": "12/31/2020", "Operating Cash Flow": "1,428", "Investing Cash Flow": "-266", "Financing Cash Flow": "-1,051", "End Cash Position": "2,763", "Income Tax Paid Supplemental Data": "-", "Interest Paid Supplemental Data": "66", "Capital Expenditure": "-268", "Issuance of Capital Stock": "-", "Issuance of Debt": "319", "Repayment of Debt": "-1,370", "Free Cash Flow": "1,160"}, "12/31/2019": {"Duration": "12/31/2019", "Operating Cash Flow": "1,079", "Investing Cash Flow": "-383", "Financing Cash Flow": "-4,243", "End Cash Position": "3,076", "Income Tax Paid Supplemental Data": "-", "Interest Paid Supplemental Data": "327", "Capital Expenditure": "-383", "Issuance of Capital Stock": "0", "Issuance of Debt": "-", "Repayment of Debt": "-4,243", "Free Cash Flow": "696"}, "12/31/2018": {"Duration": "12/31/2018", "Operating Cash Flow": "2,567", "Investing Cash Flow": "-185", "Financing Cash Flow": "-3,163", "End Cash Position": "6,732", "Income Tax Paid Supplemental Data": "887", "Interest Paid Supplemental Data": "499", "Capital Expenditure": "-185", "Issuance of Capital Stock": "5", "Issuance of Debt": "0", "Repayment of Debt": "-3,168", "Free Cash Flow": "2,382"}}}}, {"ERMS": {"quote": {"03/28/2021": {"value": "", "Net Assets": "N/A", "Beta (5Y Monthly)": "N/A", "Yield": "N/A", "5y Average Return": "N/A", "Holdings Turnover": "N/A", "Last Dividend": "N/A", "Average for Category": "N/A", "Inception Date": "N/A"}}, "fin": {}, "bs": {}, "cf": {}}}, {"HDP": {"quote": {"03/28/2021": {"value": "", "Net Assets": "N/A", "Beta (5Y Monthly)": "N/A", "Yield": "N/A", "5y Average Return": "N/A", "Holdings Turnover": "N/A", "Last Dividend": "N/A", "Average for Category": "N/A", "Inception Date": "N/A"}}, "fin": {}, "bs": {}, "cf": {}}}, {"HPTO": {"quote": {"03/28/2021": {"value": "0.4850", "Market Cap": "9.143M", "Beta (5Y Monthly)": "N/A", "PE Ratio (TTM)": "9.33", "EPS (TTM)": "0.0520", "Earnings Date": "Aug 12, 2020 - Aug 17, 2020", "Forward Dividend & Yield": "N/A (N/A)", "Ex-Dividend Date": "N/A", "1y Target Est": "N/A"}}, "fin": {"TTM": {"Duration": "TTM", "Total Revenue": "3,644", "Cost of Revenue": "155", "Gross Profit": "3,489", "Operating Expense": "2,840", "Operating Income": "649.1", "Net Non Operating Interest Income Expense": "-", "Other Income Expense": "44.6", "Pretax Income": "693.7", "Tax Provision": "0", "Net Income Common Stockholders": "693.7", "Diluted NI Available to Com Stockholders": "693.7", "Basic EPS": "-", "Diluted EPS": "-", "Basic Average Shares": "-", "Diluted Average Shares": "-", "Total Operating Income as Reported": "649.1", "Total Expenses": "2,995", "Net Income from Continuing & Discontinued Operation": "693.7", "Normalized Income": "693.7", "Interest Income": "-", "Interest Expense": "-", "Net Interest Income": "-", "EBIT": "649.1", "EBITDA": "649.1", "Reconciled Cost of Revenue": "155", "Reconciled Depreciation": "0", "Net Income from Continuing Operation Net Minority Interest": "693.7", "Total Unusual Items Excluding Goodwill": "-", "Total Unusual Items": "-", "Normalized EBITDA": "649.1", "Tax Rate for Calcs": "0", "Tax Effect of Unusual Items": "0"}, "12/31/2020": {"Duration": "12/31/2020", "Total Revenue": "3,644", "Cost of Revenue": "155", "Gross Profit": "3,489", "Operating Expense": "2,840", "Operating Income": "649.1", "Net Non Operating Interest Income Expense": "-", "Other Income Expense": "44.6", "Pretax Income": "693.7", "Tax Provision": "0", "Net Income Common Stockholders": "693.7", "Diluted NI Available to Com Stockholders": "693.7", "Basic EPS": "-", "Diluted EPS": "-", "Basic Average Shares": "-", "Diluted Average Shares": "-", "Total Operating Income as Reported": "649.1", "Total Expenses": "2,995", "Net Income from Continuing & Discontinued Operation": "693.7", "Normalized Income": "693.7", "Interest Income": "-", "Interest Expense": "-", "Net Interest Income": "-", "EBIT": "649.1", "EBITDA": "-", "Reconciled Cost of Revenue": "155", "Reconciled Depreciation": "0", "Net Income from Continuing Operation Net Minority Interest": "693.7", "Total Unusual Items Excluding Goodwill": "-", "Total Unusual Items": "-", "Normalized EBITDA": "649.1", "Tax Rate for Calcs": "0", "Tax Effect of Unusual Items": "0"}, "12/31/2019": {"Duration": "12/31/2019", "Total Revenue": "3,530", "Cost of Revenue": "149.8", "Gross Profit": "3,380", "Operating Expense": "2,840", "Operating Income": "540.2", "Net Non Operating Interest Income Expense": "-", "Other Income Expense": "14.1", "Pretax Income": "554.3", "Tax Provision": "0", "Net Income Common Stockholders": "554.3", "Diluted NI Available to Com Stockholders": "554.3", "Basic EPS": "0.06", "Diluted EPS": "0.05", "Basic Average Shares": "9,821", "Diluted Average Shares": "10,287", "Total Operating Income as Reported": "540.2", "Total Expenses": "2,990", "Net Income from Continuing & Discontinued Operation": "554.3", "Normalized Income": "554.3", "Interest Income": "-", "Interest Expense": "-", "Net Interest Income": "-", "EBIT": "540.2", "EBITDA": "-", "Reconciled Cost of Revenue": "149.8", "Reconciled Depreciation": "0.4", "Net Income from Continuing Operation Net Minority Interest": "554.3", "Total Unusual Items Excluding Goodwill": "-", "Total Unusual Items": "-", "Normalized EBITDA": "540.6", "Tax Rate for Calcs": "0", "Tax Effect of Unusual Items": "0"}, "12/31/2018": {"Duration": "12/31/2018", "Total Revenue": "3,153", "Cost of Revenue": "145.8", "Gross Profit": "3,008", "Operating Expense": "3,168", "Operating Income": "-160.3", "Net Non Operating Interest Income Expense": "129.8", "Other Income Expense": "-", "Pretax Income": "-30.5", "Tax Provision": "0.9", "Net Income Common Stockholders": "-31.4", "Diluted NI Available to Com Stockholders": "-31.4", "Basic EPS": "-0.00", "Diluted EPS": "-0.00", "Basic Average Shares": "10,151", "Diluted Average Shares": "10,151", "Total Operating Income as Reported": "-160.3", "Total Expenses": "3,314", "Net Income from Continuing & Discontinued Operation": "-31.4", "Normalized Income": "-31.4", "Interest Income": "131.5", "Interest Expense": "1.7", "Net Interest Income": "129.8", "EBIT": "-28.8", "EBITDA": "-", "Reconciled Cost of Revenue": "145.8", "Reconciled Depreciation": "29.7", "Net Income from Continuing Operation Net Minority Interest": "-31.4", "Total Unusual Items Excluding Goodwill": "-", "Total Unusual Items": "-", "Normalized EBITDA": "0.9", "Tax Rate for Calcs": "0", "Tax Effect of Unusual Items": "0"}}, "bs": {"12/31/2020": {"Duration": "12/31/2020", "Total Assets": "4,859", "Total Liabilities Net Minority Interest": "1,943", "Total Equity Gross Minority Interest": "2,916", "Total Capitalization": "2,916", "Common Stock Equity": "2,916", "Capital Lease Obligations": "-", "Net Tangible Assets": "2,916", "Working Capital": "3,282", "Invested Capital": "2,916", "Tangible Book Value": "2,916", "Total Debt": "-", "Share Issued": "18,851", "Ordinary Shares Number": "18,851"}, "12/31/2019": {"Duration": "12/31/2019", "Total Assets": "1,890", "Total Liabilities Net Minority Interest": "2,300", "Total Equity Gross Minority Interest": "-409.9", "Total Capitalization": "-409.9", "Common Stock Equity": "-409.9", "Capital Lease Obligations": "-", "Net Tangible Assets": "-409.9", "Working Capital": "101.8", "Invested Capital": "-409.9", "Tangible Book Value": "-409.9", "Total Debt": "-", "Share Issued": "9,835", "Ordinary Shares Number": "9,835"}, "12/31/2018": {"Duration": "12/31/2018", "Total Assets": "1,201", "Total Liabilities Net Minority Interest": "2,390", "Total Equity Gross Minority Interest": "-1,189", "Total Capitalization": "-1,189", "Common Stock Equity": "-1,189", "Capital Lease Obligations": "-", "Net Tangible Assets": "-1,189", "Working Capital": "-716.2", "Invested Capital": "-1,189", "Tangible Book Value": "-1,189", "Total Debt": "-", "Share Issued": "9,804", "Ordinary Shares Number": "9,804"}}, "cf": {"TTM": {"Duration": "TTM", "Operating Cash Flow": "352.8", "Investing Cash Flow": "-", "Financing Cash Flow": "2,481", "End Cash Position": "4,375", "Income Tax Paid Supplemental Data": "-", "Interest Paid Supplemental Data": "-", "Issuance of Capital Stock": "2,600", "Repayment of Debt": "-", "Free Cash Flow": "352.8"}, "12/31/2020": {"Duration": "12/31/2020", "Operating Cash Flow": "352.8", "Investing Cash Flow": "-", "Financing Cash Flow": "2,481", "End Cash Position": "4,375", "Income Tax Paid Supplemental Data": "-", "Interest Paid Supplemental Data": "-", "Issuance of Capital Stock": "2,600", "Repayment of Debt": "-", "Free Cash Flow": "352.8"}, "12/31/2019": {"Duration": "12/31/2019", "Operating Cash Flow": "649.2", "Investing Cash Flow": "-", "Financing Cash Flow": "0.2", "End Cash Position": "1,542", "Income Tax Paid Supplemental Data": "0", "Interest Paid Supplemental Data": "0", "Issuance of Capital Stock": "-", "Repayment of Debt": "-", "Free Cash Flow": "649.2"}, "12/31/2018": {"Duration": "12/31/2018", "Operating Cash Flow": "-107.4", "Investing Cash Flow": "0", "Financing Cash Flow": "-15.5", "End Cash Position": "892.5", "Income Tax Paid Supplemental Data": "-", "Interest Paid Supplemental Data": "-", "Issuance of Capital Stock": "-", "Repayment of Debt": "0", "Free Cash Flow": "-107.4"}}}}, {"VMW": {"quote": {"03/28/2021": {"value": "153.94", "Market Cap": "64.548B", "Beta (5Y Monthly)": "0.94", "PE Ratio (TTM)": "31.67", "EPS (TTM)": "4.86", "Earnings Date": "May 27, 2021 - Jun 01, 2021", "Forward Dividend & Yield": "N/A (N/A)", "Ex-Dividend Date": "Dec 31, 2018", "1y Target Est": "167.95"}}, "fin": {"TTM": {"Duration": "TTM", "Total Revenue": "11,767,000", "Cost of Revenue": "2,043,000", "Gross Profit": "9,724,000", "Operating Expense": "7,294,000", "Operating Income": "2,430,000", "Net Non Operating Interest Income Expense": "-204,000", "Other Income Expense": "156,000", "Pretax Income": "2,382,000", "Tax Provision": "324,000", "Net Income Common Stockholders": "2,058,000", "Diluted NI Available to Com Stockholders": "2,058,000", "Basic EPS": "-", "Diluted EPS": "-", "Basic Average Shares": "-", "Diluted Average Shares": "-", "Total Operating Income as Reported": "2,388,000", "Total Expenses": "9,337,000", "Net Income from Continuing & Discontinued Operation": "2,058,000", "Normalized Income": "2,088,240", "Interest Expense": "204,000", "Net Interest Income": "-204,000", "EBIT": "2,586,000", "EBITDA": "3,611,000", "Reconciled Cost of Revenue": "2,043,000", "Reconciled Depreciation": "1,025,000", "Net Income from Continuing Operation Net Minority Interest": "2,058,000", "Total Unusual Items Excluding Goodwill": "-35,000", "Total Unusual Items": "-35,000", "Normalized EBITDA": "3,646,000", "Tax Rate for Calcs": "0", "Tax Effect of Unusual Items": "-4,760"}, "1/31/2021": {"Duration": "1/31/2021", "Total Revenue": "11,767,000", "Cost of Revenue": "2,043,000", "Gross Profit": "9,724,000", "Operating Expense": "7,294,000", "Operating Income": "2,430,000", "Net Non Operating Interest Income Expense": "-204,000", "Other Income Expense": "156,000", "Pretax Income": "2,382,000", "Tax Provision": "324,000", "Net Income Common Stockholders": "2,058,000", "Diluted NI Available to Com Stockholders": "2,058,000", "Basic EPS": "-", "Diluted EPS": "-", "Basic Average Shares": "-", "Diluted Average Shares": "-", "Total Operating Income as Reported": "2,388,000", "Total Expenses": "9,337,000", "Net Income from Continuing & Discontinued Operation": "2,058,000", "Normalized Income": "2,088,240", "Interest Expense": "204,000", "Net Interest Income": "-204,000", "EBIT": "2,586,000", "EBITDA": "-", "Reconciled Cost of Revenue": "2,043,000", "Reconciled Depreciation": "1,025,000", "Net Income from Continuing Operation Net Minority Interest": "2,058,000", "Total Unusual Items Excluding Goodwill": "-35,000", "Total Unusual Items": "-35,000", "Normalized EBITDA": "3,646,000", "Tax Rate for Calcs": "0", "Tax Effect of Unusual Items": "-4,760"}, "1/31/2020": {"Duration": "1/31/2020", "Total Revenue": "10,811,000", "Cost of Revenue": "1,799,000", "Gross Profit": "9,012,000", "Operating Expense": "7,492,000", "Operating Income": "1,520,000", "Net Non Operating Interest Income Expense": "-149,000", "Other Income Expense": "67,000", "Pretax Income": "1,438,000", "Tax Provision": "-4,918,000", "Net Income Common Stockholders": "6,412,000", "Diluted NI Available to Com Stockholders": "6,412,000", "Basic EPS": "15.37", "Diluted EPS": "15.08", "Basic Average Shares": "417,058", "Diluted Average Shares": "425,235", "Total Operating Income as Reported": "1,441,000", "Total Expenses": "9,291,000", "Net Income from Continuing & Discontinued Operation": "6,412,000", "Normalized Income": "6,425,870", "Interest Expense": "149,000", "Net Interest Income": "-149,000", "EBIT": "1,587,000", "EBITDA": "-", "Reconciled Cost of Revenue": "1,799,000", "Reconciled Depreciation": "873,000", "Net Income from Continuing Operation Net Minority Interest": "6,412,000", "Total Unusual Items Excluding Goodwill": "-19,000", "Total Unusual Items": "-19,000", "Normalized EBITDA": "2,479,000", "Tax Rate for Calcs": "0", "Tax Effect of Unusual Items": "-5,130"}, "1/31/2019": {"Duration": "1/31/2019", "Total Revenue": "8,974,000", "Cost of Revenue": "1,258,000", "Gross Profit": "7,716,000", "Operating Expense": "5,657,000", "Operating Income": "2,059,000", "Net Non Operating Interest Income Expense": "-134,000", "Other Income Expense": "958,000", "Pretax Income": "2,883,000", "Tax Provision": "461,000", "Net Income Common Stockholders": "2,422,000", "Diluted NI Available to Com Stockholders": "2,422,000", "Basic EPS": "5.94", "Diluted EPS": "5.85", "Basic Average Shares": "407,766", "Diluted Average Shares": "414,267", "Total Operating Income as Reported": "2,050,000", "Total Expenses": "6,915,000", "Net Income from Continuing & Discontinued Operation": "2,422,000", "Normalized Income": "2,294,320", "Interest Expense": "134,000", "Net Interest Income": "-134,000", "EBIT": "3,017,000", "EBITDA": "-", "Reconciled Cost of Revenue": "1,258,000", "Reconciled Depreciation": "630,000", "Net Income from Continuing Operation Net Minority Interest": "2,422,000", "Total Unusual Items Excluding Goodwill": "152,000", "Total Unusual Items": "152,000", "Normalized EBITDA": "3,495,000", "Tax Rate for Calcs": "0", "Tax Effect of Unusual Items": "24,320"}}, "bs": {"1/31/2021": {"Duration": "1/31/2021", "Total Assets": "29,016,000", "Total Liabilities Net Minority Interest": "19,965,000", "Total Equity Gross Minority Interest": "9,051,000", "Total Capitalization": "14,038,000", "Common Stock Equity": "9,051,000", "Capital Lease Obligations": "891,000", "Net Tangible Assets": "-1,541,000", "Working Capital": "226,000", "Invested Capital": "14,038,000", "Tangible Book Value": "-1,541,000", "Total Debt": "5,878,000", "Net Debt": "295,000", "Share Issued": "419,304", "Ordinary Shares Number": "419,304"}, "1/31/2020": {"Duration": "1/31/2020", "Total Assets": "26,294,000", "Total Liabilities Net Minority Interest": "19,285,000", "Total Equity Gross Minority Interest": "7,009,000", "Total Capitalization": "10,010,000", "Common Stock Equity": "7,009,000", "Capital Lease Obligations": "746,000", "Net Tangible Assets": "-3,492,000", "Working Capital": "-3,633,000", "Invested Capital": "12,757,000", "Tangible Book Value": "-3,492,000", "Total Debt": "6,494,000", "Net Debt": "2,833,000", "Share Issued": "417,706", "Ordinary Shares Number": "417,706"}, "1/31/2019": {"Duration": "1/31/2019", "Total Assets": "14,662,000", "Total Liabilities Net Minority Interest": "14,111,000", "Total Equity Gross Minority Interest": "551,000", "Total Capitalization": "4,793,000", "Common Stock Equity": "551,000", "Capital Lease Obligations": "-", "Net Tangible Assets": "-5,371,000", "Working Capital": "-45,000", "Invested Capital": "4,793,000", "Tangible Book Value": "-5,371,000", "Total Debt": "4,242,000", "Net Debt": "1,412,000", "Share Issued": "410,715", "Ordinary Shares Number": "410,715"}}, "cf": {"TTM": {"Duration": "TTM", "Operating Cash Flow": "4,409,000", "Investing Cash Flow": "-713,000", "Financing Cash Flow": "-1,957,000", "End Cash Position": "4,770,000", "Income Tax Paid Supplemental Data": "543,000", "Interest Paid Supplemental Data": "200,000", "Capital Expenditure": "-329,000", "Issuance of Capital Stock": "273,000", "Issuance of Debt": "1,979,000", "Repayment of Debt": "-2,761,000", "Repurchase of Capital Stock": "-1,357,000", "Free Cash Flow": "4,080,000"}, "1/31/2021": {"Duration": "1/31/2021", "Operating Cash Flow": "4,409,000", "Investing Cash Flow": "-713,000", "Financing Cash Flow": "-1,957,000", "End Cash Position": "4,770,000", "Income Tax Paid Supplemental Data": "543,000", "Interest Paid Supplemental Data": "200,000", "Capital Expenditure": "-329,000", "Issuance of Capital Stock": "273,000", "Issuance of Debt": "1,979,000", "Repayment of Debt": "-2,761,000", "Repurchase of Capital Stock": "-1,357,000", "Free Cash Flow": "4,080,000"}, "1/31/2020": {"Duration": "1/31/2020", "Operating Cash Flow": "3,872,000", "Investing Cash Flow": "-2,728,000", "Financing Cash Flow": "-1,707,000", "End Cash Position": "3,031,000", "Income Tax Paid Supplemental Data": "369,000", "Interest Paid Supplemental Data": "134,000", "Capital Expenditure": "-279,000", "Issuance of Capital Stock": "308,000", "Issuance of Debt": "3,393,000", "Repayment of Debt": "-1,901,000", "Repurchase of Capital Stock": "-1,868,000", "Free Cash Flow": "3,593,000"}, "1/31/2019": {"Duration": "1/31/2019", "Operating Cash Flow": "3,663,000", "Investing Cash Flow": "4,447,000", "Financing Cash Flow": "-11,219,000", "End Cash Position": "2,894,000", "Income Tax Paid Supplemental Data": "398,000", "Interest Paid Supplemental Data": "129,000", "Capital Expenditure": "-245,000", "Issuance of Capital Stock": "188,000", "Issuance of Debt": "0", "Repayment of Debt": "0", "Repurchase of Capital Stock": "-399,000", "Free Cash Flow": "3,418,000"}}}}, {"INFY": {"quote": {"03/28/2021": {"value": "18.72", "Market Cap": "78.103B", "Beta (5Y Monthly)": "0.62", "PE Ratio (TTM)": "31.73", "EPS (TTM)": "0.59", "Earnings Date": "N/A", "Forward Dividend & Yield": "0.32 (1.72%)", "Ex-Dividend Date": "Oct 23, 2020", "1y Target Est": "20.68"}}, "fin": {"TTM": {"Duration": "TTM", "Total Revenue": "13,561,000", "Cost of Revenue": "8,828,000", "Gross Profit": "4,733,000", "Operating Expense": "1,383,000", "Operating Income": "3,350,000", "Net Non Operating Interest Income Expense": "191,000", "Other Income Expense": "55,000", "Pretax Income": "3,596,000", "Tax Provision": "973,000", "Net Income Common Stockholders": "2,613,000", "Diluted NI Available to Com Stockholders": "2,613,000", "Basic EPS": "-", "Diluted EPS": "-", "Basic Average Shares": "-", "Diluted Average Shares": "-", "Total Operating Income as Reported": "3,325,000", "Rent Expense Supplemental": "10,000", "Total Expenses": "10,211,000", "Net Income from Continuing & Discontinued Operation": "2,613,000", "Normalized Income": "2,594,764", "Interest Income": "217,000", "Interest Expense": "26,000", "Net Interest Income": "191,000", "EBIT": "3,622,000", "EBITDA": "4,063,000", "Reconciled Cost of Revenue": "8,828,000", "Reconciled Depreciation": "441,000", "Net Income from Continuing Operation Net Minority Interest": "2,613,000", "Total Unusual Items Excluding Goodwill": "25,000", "Total Unusual Items": "25,000", "Normalized EBITDA": "4,038,000", "Tax Rate for Calcs": "0", "Tax Effect of Unusual Items": "6,764"}, "3/31/2021": {"Duration": "3/31/2021", "Total Revenue": "13,561,000", "Cost of Revenue": "8,828,000", "Gross Profit": "4,733,000", "Operating Expense": "1,383,000", "Operating Income": "3,350,000", "Net Non Operating Interest Income Expense": "191,000", "Other Income Expense": "55,000", "Pretax Income": "3,596,000", "Tax Provision": "973,000", "Net Income Common Stockholders": "2,613,000", "Diluted NI Available to Com Stockholders": "2,613,000", "Basic EPS": "-", "Diluted EPS": "-", "Basic Average Shares": "-", "Diluted Average Shares": "-", "Total Operating Income as Reported": "3,325,000", "Rent Expense Supplemental": "10,000", "Total Expenses": "10,211,000", "Net Income from Continuing & Discontinued Operation": "2,613,000", "Normalized Income": "2,594,764", "Interest Income": "217,000", "Interest Expense": "26,000", "Net Interest Income": "191,000", "EBIT": "3,622,000", "EBITDA": "-", "Reconciled Cost of Revenue": "8,828,000", "Reconciled Depreciation": "441,000", "Net Income from Continuing Operation Net Minority Interest": "2,613,000", "Total Unusual Items Excluding Goodwill": "25,000", "Total Unusual Items": "25,000", "Normalized EBITDA": "4,038,000", "Tax Rate for Calcs": "0", "Tax Effect of Unusual Items": "6,764"}, "3/31/2020": {"Duration": "3/31/2020", "Total Revenue": "12,780,000", "Cost of Revenue": "8,552,000", "Gross Profit": "4,228,000", "Operating Expense": "1,480,000", "Operating Income": "2,748,000", "Net Non Operating Interest Income Expense": "240,000", "Other Income Expense": "107,000", "Pretax Income": "3,095,000", "Tax Provision": "757,000", "Net Income Common Stockholders": "2,331,000", "Diluted NI Available to Com Stockholders": "2,331,000", "Basic EPS": "0.55", "Diluted EPS": "0.55", "Basic Average Shares": "4,257,755", "Diluted Average Shares": "4,265,144", "Total Operating Income as Reported": "2,724,000", "Rent Expense Supplemental": "12,000", "Total Expenses": "10,032,000", "Net Income from Continuing & Discontinued Operation": "2,331,000", "Normalized Income": "2,269,845", "Interest Income": "264,000", "Interest Expense": "24,000", "Net Interest Income": "240,000", "EBIT": "3,119,000", "EBITDA": "-", "Reconciled Cost of Revenue": "8,552,000", "Reconciled Depreciation": "407,000", "Net Income from Continuing Operation Net Minority Interest": "2,331,000", "Total Unusual Items Excluding Goodwill": "81,000", "Total Unusual Items": "81,000", "Normalized EBITDA": "3,445,000", "Tax Rate for Calcs": "0", "Tax Effect of Unusual Items": "19,845"}, "3/31/2019": {"Duration": "3/31/2019", "Total Revenue": "11,799,000", "Cost of Revenue": "7,687,000", "Gross Profit": "4,112,000", "Operating Expense": "1,381,000", "Operating Income": "2,731,000", "Net Non Operating Interest Income Expense": "293,000", "Other Income Expense": "-21,000", "Pretax Income": "3,003,000", "Tax Provision": "803,000", "Net Income Common Stockholders": "2,199,000", "Diluted NI Available to Com Stockholders": "2,199,000", "Basic EPS": "0.51", "Diluted EPS": "0.51", "Basic Average Shares": "4,347,130", "Diluted Average Shares": "4,353,421", "Total Operating Income as Reported": "2,696,000", "Rent Expense Supplemental": "72,000", "Total Expenses": "9,068,000", "Net Income from Continuing & Discontinued Operation": "2,199,000", "Normalized Income": "2,250,310", "Interest Income": "293,000", "Interest Expense": "-", "Net Interest Income": "293,000", "EBIT": "2,731,000", "EBITDA": "-", "Reconciled Cost of Revenue": "7,687,000", "Reconciled Depreciation": "287,000", "Net Income from Continuing Operation Net Minority Interest": "2,199,000", "Total Unusual Items Excluding Goodwill": "-70,000", "Total Unusual Items": "-70,000", "Normalized EBITDA": "3,088,000", "Tax Rate for Calcs": "0", "Tax Effect of Unusual Items": "-18,690"}}, "bs": {"3/31/2021": {"Duration": "3/31/2021", "Total Assets": "14,825,000", "Total Liabilities Net Minority Interest": "4,323,000", "Total Equity Gross Minority Interest": "10,502,000", "Total Capitalization": "10,442,000", "Common Stock Equity": "10,442,000", "Capital Lease Obligations": "627,000", "Net Tangible Assets": "9,327,000", "Working Capital": "5,043,000", "Invested Capital": "10,442,000", "Tangible Book Value": "9,327,000", "Total Debt": "627,000", "Share Issued": "4,260,661", "Ordinary Shares Number": "4,245,146", "Treasury Shares Number": "15,515"}, "3/31/2020": {"Duration": "3/31/2020", "Total Assets": "12,260,000", "Total Liabilities Net Minority Interest": "3,559,000", "Total Equity Gross Minority Interest": "8,701,000", "Total Capitalization": "8,646,000", "Common Stock Equity": "8,646,000", "Capital Lease Obligations": "612,000", "Net Tangible Assets": "7,696,000", "Working Capital": "4,455,000", "Invested Capital": "8,646,000", "Tangible Book Value": "7,696,000", "Total Debt": "612,000", "Share Issued": "4,258,993", "Ordinary Shares Number": "4,240,753", "Treasury Shares Number": "18,239"}, "3/31/2019": {"Duration": "3/31/2019", "Total Assets": "12,252,000", "Total Liabilities Net Minority Interest": "2,852,000", "Total Equity Gross Minority Interest": "9,400,000", "Total Capitalization": "9,391,000", "Common Stock Equity": "9,391,000", "Capital Lease Obligations": "-", "Net Tangible Assets": "8,779,000", "Working Capital": "4,951,000", "Invested Capital": "9,391,000", "Tangible Book Value": "8,779,000", "Total Debt": "-", "Share Issued": "4,356,279", "Ordinary Shares Number": "4,335,954", "Treasury Shares Number": "20,325"}}, "cf": {"TTM": {"Duration": "TTM", "Operating Cash Flow": "3,258,000", "Investing Cash Flow": "-1,129,000", "Financing Cash Flow": "-1,317,000", "End Cash Position": "3,380,000", "Capital Expenditure": "-285,000", "Repayment of Debt": "-94,000", "Repurchase of Capital Stock": "0", "Free Cash Flow": "2,973,000"}, "3/31/2021": {"Duration": "3/31/2021", "Operating Cash Flow": "3,258,000", "Investing Cash Flow": "-1,129,000", "Financing Cash Flow": "-1,317,000", "End Cash Position": "3,380,000", "Capital Expenditure": "-285,000", "Repayment of Debt": "-94,000", "Repurchase of Capital Stock": "0", "Free Cash Flow": "2,973,000"}, "3/31/2020": {"Duration": "3/31/2020", "Operating Cash Flow": "2,611,000", "Investing Cash Flow": "-242,000", "Financing Cash Flow": "-2,513,000", "End Cash Position": "2,465,000", "Capital Expenditure": "-465,000", "Repayment of Debt": "-80,000", "Repurchase of Capital Stock": "-1,070,000", "Free Cash Flow": "2,146,000"}, "3/31/2019": {"Duration": "3/31/2019", "Operating Cash Flow": "2,262,000", "Investing Cash Flow": "-225,000", "Financing Cash Flow": "-2,073,000", "End Cash Position": "2,829,000", "Capital Expenditure": "-349,000", "Repayment of Debt": "-", "Repurchase of Capital Stock": "-118,000", "Free Cash Flow": "1,913,000"}}}}, {"TYL": {"quote": {"03/28/2021": {"value": "419.48", "Market Cap": "17.021B", "Beta (5Y Monthly)": "0.61", "PE Ratio (TTM)": "89.44", "EPS (TTM)": "4.69", "Earnings Date": "Apr 27, 2021 - May 03, 2021", "Forward Dividend & Yield": "N/A (N/A)", "Ex-Dividend Date": "Jan 31, 1990", "1y Target Est": "482.27"}}, "fin": {"TTM": {"Duration": "TTM", "Total Revenue": "1,134,924", "Cost of Revenue": "577,336", "Gross Profit": "557,588", "Operating Expense": "380,347", "Operating Income": "177,241", "Other Income Expense": "-", "Pretax Income": "178,455", "Tax Provision": "-5,791", "Net Income Common Stockholders": "184,246", "Diluted NI Available to Com Stockholders": "184,246", "Basic EPS": "-", "Diluted EPS": "-", "Basic Average Shares": "-", "Diluted Average Shares": "-", "Total Operating Income as Reported": "177,241", "Total Expenses": "957,683", "Net Income from Continuing & Discontinued Operation": "184,246", "Normalized Income": "184,246", "EBIT": "177,241", "EBITDA": "260,013", "Reconciled Cost of Revenue": "516,246", "Reconciled Depreciation": "82,772", "Net Income from Continuing Operation Net Minority Interest": "184,246", "Normalized EBITDA": "260,013", "Tax Rate for Calcs": "0", "Tax Effect of Unusual Items": "0"}, "12/31/2020": {"Duration": "12/31/2020", "Total Revenue": "1,116,663", "Cost of Revenue": "574,151", "Gross Profit": "542,512", "Operating Expense": "369,586", "Operating Income": "172,926", "Other Income Expense": "2,116", "Pretax Income": "175,042", "Tax Provision": "-19,778", "Net Income Common Stockholders": "194,820", "Diluted NI Available to Com Stockholders": "194,820", "Basic EPS": "4.87", "Diluted EPS": "4.69", "Basic Average Shares": "40,035", "Diluted Average Shares": "41,526", "Total Operating Income as Reported": "172,926", "Total Expenses": "943,737", "Net Income from Continuing & Discontinued Operation": "194,820", "Normalized Income": "194,820", "EBIT": "172,926", "EBITDA": "-", "Reconciled Cost of Revenue": "514,156", "Reconciled Depreciation": "81,657", "Net Income from Continuing Operation Net Minority Interest": "194,820", "Normalized EBITDA": "254,583", "Tax Rate for Calcs": "0", "Tax Effect of Unusual Items": "0"}, "12/31/2019": {"Duration": "12/31/2019", "Total Revenue": "1,086,427", "Cost of Revenue": "569,527", "Gross Profit": "516,900", "Operating Expense": "360,533", "Operating Income": "156,367", "Other Income Expense": "3,471", "Pretax Income": "159,838", "Tax Provision": "13,311", "Net Income Common Stockholders": "146,527", "Diluted NI Available to Com Stockholders": "146,527", "Basic EPS": "3.79", "Diluted EPS": "3.65", "Basic Average Shares": "38,640", "Diluted Average Shares": "40,105", "Total Operating Income as Reported": "156,367", "Total Expenses": "930,060", "Net Income from Continuing & Discontinued Operation": "146,527", "Normalized Income": "146,527", "EBIT": "156,367", "EBITDA": "-", "Reconciled Cost of Revenue": "514,300", "Reconciled Depreciation": "76,672", "Net Income from Continuing Operation Net Minority Interest": "146,527", "Normalized EBITDA": "233,039", "Tax Rate for Calcs": "0", "Tax Effect of Unusual Items": "0"}, "12/31/2018": {"Duration": "12/31/2018", "Total Revenue": "935,282", "Cost of Revenue": "495,704", "Gross Profit": "439,578", "Operating Expense": "287,086", "Operating Income": "152,492", "Other Income Expense": "3,378", "Pretax Income": "155,870", "Tax Provision": "8,408", "Net Income Common Stockholders": "147,462", "Diluted NI Available to Com Stockholders": "147,462", "Basic EPS": "3.84", "Diluted EPS": "3.68", "Basic Average Shares": "38,445", "Diluted Average Shares": "40,123", "Total Operating Income as Reported": "152,492", "Total Expenses": "782,790", "Net Income from Continuing & Discontinued Operation": "147,462", "Normalized Income": "147,462", "EBIT": "152,492", "EBITDA": "-", "Reconciled Cost of Revenue": "450,162", "Reconciled Depreciation": "61,759", "Net Income from Continuing Operation Net Minority Interest": "147,462", "Normalized EBITDA": "214,251", "Tax Rate for Calcs": "0", "Tax Effect of Unusual Items": "0"}}, "bs": {"12/31/2020": {"Duration": "12/31/2020", "Total Assets": "2,607,274", "Total Liabilities Net Minority Interest": "621,163", "Total Equity Gross Minority Interest": "1,986,111", "Total Capitalization": "1,986,111", "Common Stock Equity": "1,986,111", "Capital Lease Obligations": "22,183", "Net Tangible Assets": "816,494", "Working Capital": "548,793", "Invested Capital": "1,986,111", "Tangible Book Value": "816,494", "Total Debt": "22,183", "Share Issued": "48,148", "Ordinary Shares Number": "40,539", "Treasury Shares Number": "7,609"}, "12/31/2019": {"Duration": "12/31/2019", "Total Assets": "2,191,614", "Total Liabilities Net Minority Interest": "574,556", "Total Equity Gross Minority Interest": "1,617,058", "Total Capitalization": "1,617,058", "Common Stock Equity": "1,617,058", "Capital Lease Obligations": "23,209", "Net Tangible Assets": "398,027", "Working Capital": "170,604", "Invested Capital": "1,617,058", "Tangible Book Value": "398,027", "Total Debt": "23,209", "Share Issued": "48,148", "Ordinary Shares Number": "39,309", "Treasury Shares Number": "8,839"}, "12/31/2018": {"Duration": "12/31/2018", "Total Assets": "1,790,963", "Total Liabilities Net Minority Interest": "466,117", "Total Equity Gross Minority Interest": "1,324,846", "Total Capitalization": "1,324,846", "Common Stock Equity": "1,324,846", "Capital Lease Obligations": "-", "Net Tangible Assets": "294,276", "Working Capital": "94,956", "Invested Capital": "1,324,846", "Tangible Book Value": "294,276", "Total Debt": "-", "Share Issued": "48,148", "Ordinary Shares Number": "38,275", "Treasury Shares Number": "9,873"}}, "cf": {"TTM": {"Duration": "TTM", "Operating Cash Flow": "370,086", "Investing Cash Flow": "-123,007", "Financing Cash Flow": "701,688", "End Cash Position": "1,250,752", "Capital Expenditure": "-27,842", "Repayment of Debt": "-", "Repurchase of Capital Stock": "-2", "Free Cash Flow": "342,244"}, "12/31/2020": {"Duration": "12/31/2020", "Operating Cash Flow": "355,089", "Investing Cash Flow": "-98,320", "Financing Cash Flow": "114,172", "End Cash Position": "603,623", "Capital Expenditure": "-28,466", "Repayment of Debt": "0", "Repurchase of Capital Stock": "-15,484", "Free Cash Flow": "326,623"}, "12/31/2019": {"Duration": "12/31/2019", "Operating Cash Flow": "254,720", "Investing Cash Flow": "-245,015", "Financing Cash Flow": "88,698", "End Cash Position": "232,682", "Capital Expenditure": "-42,040", "Repayment of Debt": "-", "Repurchase of Capital Stock": "-17,786", "Free Cash Flow": "212,680"}, "12/31/2018": {"Duration": "12/31/2018", "Operating Cash Flow": "250,203", "Investing Cash Flow": "-238,255", "Financing Cash Flow": "-63,595", "End Cash Position": "134,279", "Capital Expenditure": "-27,424", "Repayment of Debt": "-", "Repurchase of Capital Stock": "-146,553", "Free Cash Flow": "222,779"}}}}, {"PTC": {"quote": {"03/28/2021": {"value": "135.43", "Market Cap": "15.82B", "Beta (5Y Monthly)": "1.26", "PE Ratio (TTM)": "134.09", "EPS (TTM)": "1.01", "Earnings Date": "Apr 27, 2021 - May 03, 2021", "Forward Dividend & Yield": "N/A (N/A)", "Ex-Dividend Date": "N/A", "1y Target Est": "146.71"}}, "fin": {"TTM": {"Duration": "TTM", "Total Revenue": "1,633,538", "Cost of Revenue": "340,117", "Gross Profit": "1,293,421", "Operating Expense": "969,823", "Operating Income": "323,598", "Net Non Operating Interest Income Expense": "-56,156", "Other Income Expense": "-3,781", "Pretax Income": "263,661", "Tax Provision": "42,800", "Net Income Common Stockholders": "220,861", "Diluted NI Available to Com Stockholders": "220,861", "Basic EPS": "-", "Diluted EPS": "-", "Basic Average Shares": "-", "Diluted Average Shares": "-", "Total Operating Income as Reported": "322,442", "Total Expenses": "1,309,940", "Net Income from Continuing & Discontinued Operation": "220,861", "Normalized Income": "221,829", "Interest Income": "-", "Interest Expense": "56,156", "Net Interest Income": "-56,156", "EBIT": "319,817", "EBITDA": "439,110", "Reconciled Cost of Revenue": "249,669", "Reconciled Depreciation": "119,293", "Net Income from Continuing Operation Net Minority Interest": "220,861", "Total Unusual Items Excluding Goodwill": "-1,156", "Total Unusual Items": "-1,156", "Normalized EBITDA": "440,266", "Tax Rate for Calcs": "0", "Tax Effect of Unusual Items": "-187.6531"}, "9/30/2020": {"Duration": "9/30/2020", "Total Revenue": "1,458,415", "Cost of Revenue": "334,271", "Gross Profit": "1,124,144", "Operating Expense": "880,565", "Operating Income": "243,579", "Net Non Operating Interest Income Expense": "-76,428", "Other Income Expense": "-32,445", "Pretax Income": "134,706", "Tax Provision": "4,011", "Net Income Common Stockholders": "130,695", "Diluted NI Available to Com Stockholders": "130,695", "Basic EPS": "1.13", "Diluted EPS": "1.12", "Basic Average Shares": "115,663", "Diluted Average Shares": "116,267", "Total Operating Income as Reported": "210,863", "Total Expenses": "1,214,836", "Net Income from Continuing & Discontinued Operation": "130,695", "Normalized Income": "162,430", "Interest Income": "-", "Interest Expense": "76,428", "Net Interest Income": "-76,428", "EBIT": "211,134", "EBITDA": "-", "Reconciled Cost of Revenue": "243,480", "Reconciled Depreciation": "119,504", "Net Income from Continuing Operation Net Minority Interest": "130,695", "Total Unusual Items Excluding Goodwill": "-32,716", "Total Unusual Items": "-32,716", "Normalized EBITDA": "363,354", "Tax Rate for Calcs": "0", "Tax Effect of Unusual Items": "-981.48"}, "9/30/2019": {"Duration": "9/30/2019", "Total Revenue": "1,255,631", "Cost of Revenue": "325,378", "Gross Profit": "930,253", "Operating Expense": "816,097", "Operating Income": "114,156", "Net Non Operating Interest Income Expense": "-38,947", "Other Income Expense": "-54,914", "Pretax Income": "20,300", "Tax Provision": "47,760", "Net Income Common Stockholders": "-27,460", "Diluted NI Available to Com Stockholders": "-27,460", "Basic EPS": "-0.23", "Diluted EPS": "-0.23", "Basic Average Shares": "117,724", "Diluted Average Shares": "117,724", "Total Operating Income as Reported": "63,042", "Total Expenses": "1,141,475", "Net Income from Continuing & Discontinued Operation": "-27,460", "Normalized Income": "12,189", "Interest Income": "4,100", "Interest Expense": "43,047", "Net Interest Income": "-38,947", "EBIT": "63,347", "EBITDA": "-", "Reconciled Cost of Revenue": "271,395", "Reconciled Depreciation": "77,824", "Net Income from Continuing Operation Net Minority Interest": "-27,460", "Total Unusual Items Excluding Goodwill": "-54,314", "Total Unusual Items": "-54,314", "Normalized EBITDA": "195,485", "Tax Rate for Calcs": "0", "Tax Effect of Unusual Items": "-14,665"}, "9/30/2018": {"Duration": "9/30/2018", "Total Revenue": "1,241,824", "Cost of Revenue": "326,194", "Gross Profit": "915,630", "Operating Expense": "838,629", "Operating Income": "77,001", "Net Non Operating Interest Income Expense": "-37,854", "Other Income Expense": "-10,491", "Pretax Income": "28,656", "Tax Provision": "-23,331", "Net Income Common Stockholders": "51,987", "Diluted NI Available to Com Stockholders": "51,987", "Basic EPS": "0.45", "Diluted EPS": "0.44", "Basic Average Shares": "116,390", "Diluted Average Shares": "118,158", "Total Operating Income as Reported": "73,237", "Total Expenses": "1,164,823", "Net Income from Continuing & Discontinued Operation": "51,987", "Normalized Income": "59,832", "Interest Income": "3,819", "Interest Expense": "41,673", "Net Interest Income": "-37,854", "EBIT": "70,329", "EBITDA": "-", "Reconciled Cost of Revenue": "270,136", "Reconciled Depreciation": "87,408", "Net Income from Continuing Operation Net Minority Interest": "51,987", "Total Unusual Items Excluding Goodwill": "-10,746", "Total Unusual Items": "-10,746", "Normalized EBITDA": "168,483", "Tax Rate for Calcs": "0", "Tax Effect of Unusual Items": "-2,901"}}, "bs": {"9/30/2020": {"Duration": "9/30/2020", "Total Assets": "3,382,738", "Total Liabilities Net Minority Interest": "1,944,490", "Total Equity Gross Minority Interest": "1,438,248", "Total Capitalization": "2,443,562", "Common Stock Equity": "1,438,248", "Capital Lease Obligations": "215,023", "Net Tangible Assets": "-425,108", "Working Capital": "152,687", "Invested Capital": "2,443,562", "Tangible Book Value": "-425,108", "Total Debt": "1,220,337", "Net Debt": "729,856", "Share Issued": "116,125", "Ordinary Shares Number": "116,125"}, "9/30/2019": {"Duration": "9/30/2019", "Total Assets": "2,664,588", "Total Liabilities Net Minority Interest": "1,462,590", "Total Equity Gross Minority Interest": "1,201,998", "Total Capitalization": "1,871,132", "Common Stock Equity": "1,201,998", "Capital Lease Obligations": "-", "Net Tangible Assets": "-206,130", "Working Capital": "144,466", "Invested Capital": "1,871,132", "Tangible Book Value": "-206,130", "Total Debt": "669,134", "Net Debt": "399,555", "Share Issued": "114,899", "Ordinary Shares Number": "114,899"}, "9/30/2018": {"Duration": "9/30/2018", "Total Assets": "2,329,022", "Total Liabilities Net Minority Interest": "1,454,433", "Total Equity Gross Minority Interest": "874,589", "Total Capitalization": "1,517,857", "Common Stock Equity": "874,589", "Capital Lease Obligations": "-", "Net Tangible Assets": "-508,070", "Working Capital": "-101,495", "Invested Capital": "1,517,857", "Tangible Book Value": "-508,070", "Total Debt": "643,268", "Net Debt": "383,322", "Share Issued": "117,981", "Ordinary Shares Number": "117,981"}}, "cf": {"TTM": {"Duration": "TTM", "Operating Cash Flow": "373,933", "Investing Cash Flow": "-719,553", "Financing Cash Flow": "-161,770", "End Cash Position": "320,288", "Capital Expenditure": "-29,245", "Issuance of Capital Stock": "19,886", "Issuance of Debt": "600,000", "Repayment of Debt": "-743,404", "Repurchase of Capital Stock": "-", "Free Cash Flow": "344,688"}, "9/30/2020": {"Duration": "9/30/2020", "Operating Cash Flow": "233,808", "Investing Cash Flow": "-525,972", "Financing Cash Flow": "297,410", "End Cash Position": "275,960", "Capital Expenditure": "-31,246", "Issuance of Capital Stock": "18,382", "Issuance of Debt": "1,455,000", "Repayment of Debt": "-1,125,125", "Repurchase of Capital Stock": "-", "Free Cash Flow": "202,562"}, "9/30/2019": {"Duration": "9/30/2019", "Operating Cash Flow": "285,145", "Investing Cash Flow": "-150,024", "Financing Cash Flow": "-122,960", "End Cash Position": "270,689", "Capital Expenditure": "-64,411", "Issuance of Capital Stock": "12,975", "Issuance of Debt": "205,000", "Repayment of Debt": "-180,000", "Repurchase of Capital Stock": "-114,994", "Free Cash Flow": "220,734"}, "9/30/2018": {"Duration": "9/30/2018", "Operating Cash Flow": "247,811", "Investing Cash Flow": "-49,212", "Financing Cash Flow": "-210,846", "End Cash Position": "259,946", "Capital Expenditure": "-39,041", "Issuance of Capital Stock": "1,015,654", "Issuance of Debt": "250,000", "Repayment of Debt": "-320,000", "Repurchase of Capital Stock": "-1,100,000", "Free Cash Flow": "208,770"}}}}, {"ICAD": {"quote": {"03/28/2021": {"value": "18.29", "Market Cap": "455.759M", "Beta (5Y Monthly)": "1.25", "PE Ratio (TTM)": "N/A", "EPS (TTM)": "-0.80", "Earnings Date": "Feb 24, 2021", "Forward Dividend & Yield": "N/A (N/A)", "Ex-Dividend Date": "N/A", "1y Target Est": "22.78"}}, "fin": {"TTM": {"Duration": "TTM", "Total Revenue": "31,791", "Cost of Revenue": "8,658", "Gross Profit": "23,133", "Operating Expense": "30,161", "Operating Income": "-7,028", "Net Non Operating Interest Income Expense": "-361", "Other Income Expense": "-40", "Pretax Income": "-7,429", "Tax Provision": "12", "Net Income Common Stockholders": "-7,441", "Diluted NI Available to Com Stockholders": "-7,441", "Basic EPS": "-", "Diluted EPS": "-", "Basic Average Shares": "-", "Diluted Average Shares": "-", "Total Operating Income as Reported": "-7,028", "Total Expenses": "38,819", "Net Income from Continuing & Discontinued Operation": "-7,441", "Normalized Income": "-7,441", "Interest Income": "-", "Interest Expense": "376", "Net Interest Income": "-361", "EBIT": "-7,053", "EBITDA": "-6,491", "Reconciled Cost of Revenue": "8,298", "Reconciled Depreciation": "562", "Net Income from Continuing Operation Net Minority Interest": "-7,441", "Total Unusual Items Excluding Goodwill": "0", "Total Unusual Items": "0", "Normalized EBITDA": "-6,491", "Tax Rate for Calcs": "0", "Tax Effect of Unusual Items": "0"}, "12/31/2020": {"Duration": "12/31/2020", "Total Revenue": "29,698", "Cost of Revenue": "8,344", "Gross Profit": "21,354", "Operating Expense": "30,742", "Operating Income": "-9,388", "Net Non Operating Interest Income Expense": "-379", "Other Income Expense": "-7,805", "Pretax Income": "-17,572", "Tax Provision": "38", "Net Income Common Stockholders": "-17,610", "Diluted NI Available to Com Stockholders": "-17,610", "Basic EPS": "-0.80", "Diluted EPS": "-0.80", "Basic Average Shares": "22,140", "Diluted Average Shares": "22,140", "Total Operating Income as Reported": "-9,388", "Total Expenses": "39,086", "Net Income from Continuing & Discontinued Operation": "-17,610", "Normalized Income": "-17,361", "Interest Income": "97", "Interest Expense": "376", "Net Interest Income": "-379", "EBIT": "-17,196", "EBITDA": "-", "Reconciled Cost of Revenue": "7,966", "Reconciled Depreciation": "577", "Net Income from Continuing Operation Net Minority Interest": "-17,610", "Total Unusual Items Excluding Goodwill": "-341", "Total Unusual Items": "-341", "Normalized EBITDA": "-16,278", "Tax Rate for Calcs": "0", "Tax Effect of Unusual Items": "-92.07"}, "12/31/2019": {"Duration": "12/31/2019", "Total Revenue": "31,340", "Cost of Revenue": "7,113", "Gross Profit": "24,227", "Operating Expense": "30,624", "Operating Income": "-6,397", "Net Non Operating Interest Income Expense": "-440", "Other Income Expense": "-6,671", "Pretax Income": "-13,508", "Tax Provision": "43", "Net Income Common Stockholders": "-13,551", "Diluted NI Available to Com Stockholders": "-13,551", "Basic EPS": "-0.74", "Diluted EPS": "-0.74", "Basic Average Shares": "18,378", "Diluted Average Shares": "18,378", "Total Operating Income as Reported": "-6,397", "Total Expenses": "37,737", "Net Income from Continuing & Discontinued Operation": "-13,551", "Normalized Income": "-13,551", "Interest Income": "344", "Interest Expense": "625", "Net Interest Income": "-440", "EBIT": "-12,883", "EBITDA": "-", "Reconciled Cost of Revenue": "6,715", "Reconciled Depreciation": "674", "Net Income from Continuing Operation Net Minority Interest": "-13,551", "Total Unusual Items Excluding Goodwill": "0", "Total Unusual Items": "0", "Normalized EBITDA": "-12,209", "Tax Rate for Calcs": "0", "Tax Effect of Unusual Items": "0"}, "12/31/2018": {"Duration": "12/31/2018", "Total Revenue": "25,621", "Cost of Revenue": "6,191", "Gross Profit": "19,430", "Operating Expense": "27,560", "Operating Income": "-8,130", "Net Non Operating Interest Income Expense": "-845", "Other Income Expense": "110", "Pretax Income": "-8,975", "Tax Provision": "42", "Net Income Common Stockholders": "-9,017", "Diluted NI Available to Com Stockholders": "-9,017", "Basic EPS": "-0.54", "Diluted EPS": "-0.54", "Basic Average Shares": "16,685", "Diluted Average Shares": "16,685", "Total Operating Income as Reported": "-8,130", "Total Expenses": "33,751", "Net Income from Continuing & Discontinued Operation": "-9,017", "Normalized Income": "-9,017", "Interest Income": "110", "Interest Expense": "312", "Net Interest Income": "-845", "EBIT": "-8,663", "EBITDA": "-", "Reconciled Cost of Revenue": "5,788", "Reconciled Depreciation": "708", "Net Income from Continuing Operation Net Minority Interest": "-9,017", "Total Unusual Items Excluding Goodwill": "0", "Total Unusual Items": "0", "Normalized EBITDA": "-7,955", "Tax Rate for Calcs": "0", "Tax Effect of Unusual Items": "0"}}, "bs": {"12/31/2020": {"Duration": "12/31/2020", "Total Assets": "55,582", "Total Liabilities Net Minority Interest": "25,057", "Total Equity Gross Minority Interest": "30,525", "Total Capitalization": "37,485", "Common Stock Equity": "30,525", "Capital Lease Obligations": "1,801", "Net Tangible Assets": "21,274", "Working Capital": "25,551", "Invested Capital": "37,485", "Tangible Book Value": "21,274", "Total Debt": "8,761", "Net Debt": "-", "Share Issued": "23,694", "Ordinary Shares Number": "23,509", "Treasury Shares Number": "185.16"}, "12/31/2019": {"Duration": "12/31/2019", "Total Assets": "41,748", "Total Liabilities Net Minority Interest": "36,677", "Total Equity Gross Minority Interest": "5,071", "Total Capitalization": "20,716", "Common Stock Equity": "5,071", "Capital Lease Obligations": "2,595", "Net Tangible Assets": "-4,474", "Working Capital": "10,360", "Invested Capital": "24,966", "Tangible Book Value": "-4,474", "Total Debt": "22,490", "Net Debt": "4,582", "Share Issued": "19,546", "Ordinary Shares Number": "19,360", "Treasury Shares Number": "185.831"}, "12/31/2018": {"Duration": "12/31/2018", "Total Assets": "31,737", "Total Liabilities Net Minority Interest": "24,841", "Total Equity Gross Minority Interest": "6,896", "Total Capitalization": "18,120", "Common Stock Equity": "6,896", "Capital Lease Obligations": "26", "Net Tangible Assets": "-3,016", "Working Capital": "7,975", "Invested Capital": "19,971", "Tangible Book Value": "-3,016", "Total Debt": "13,101", "Net Debt": "890", "Share Issued": "17,067", "Ordinary Shares Number": "16,881", "Treasury Shares Number": "185.831"}}, "cf": {"TTM": {"Duration": "TTM", "Operating Cash Flow": "-9,132", "Investing Cash Flow": "-580", "Financing Cash Flow": "42,363", "End Cash Position": "46,907", "Income Tax Paid Supplemental Data": "12", "Interest Paid Supplemental Data": "242", "Capital Expenditure": "-580", "Issuance of Capital Stock": "41,514", "Issuance of Debt": "732", "Repayment of Debt": "-775", "Free Cash Flow": "-9,712"}, "12/31/2020": {"Duration": "12/31/2020", "Operating Cash Flow": "-6,985", "Investing Cash Flow": "-474", "Financing Cash Flow": "19,332", "End Cash Position": "27,186", "Income Tax Paid Supplemental Data": "38", "Interest Paid Supplemental Data": "272", "Capital Expenditure": "-474", "Issuance of Capital Stock": "18,285", "Issuance of Debt": "7,732", "Repayment of Debt": "-7,413", "Free Cash Flow": "-7,459"}, "12/31/2019": {"Duration": "12/31/2019", "Operating Cash Flow": "-7,107", "Investing Cash Flow": "-306", "Financing Cash Flow": "10,541", "End Cash Position": "15,313", "Income Tax Paid Supplemental Data": "43", "Interest Paid Supplemental Data": "643", "Capital Expenditure": "-306", "Issuance of Capital Stock": "9,353", "Issuance of Debt": "3,000", "Repayment of Debt": "-3,016", "Free Cash Flow": "-7,413"}, "12/31/2018": {"Duration": "12/31/2018", "Operating Cash Flow": "-3,867", "Investing Cash Flow": "-316", "Financing Cash Flow": "6,981", "End Cash Position": "12,185", "Income Tax Paid Supplemental Data": "51", "Interest Paid Supplemental Data": "294", "Capital Expenditure": "-316", "Issuance of Capital Stock": "-", "Issuance of Debt": "6,970", "Repayment of Debt": "-13", "Free Cash Flow": "-4,183"}}}}, {"PDFS": {"quote": {"03/28/2021": {"value": "18.44", "Market Cap": "684.956M", "Beta (5Y Monthly)": "1.59", "PE Ratio (TTM)": "N/A", "EPS (TTM)": "-1.17", "Earnings Date": "May 05, 2021 - May 10, 2021", "Forward Dividend & Yield": "N/A (N/A)", "Ex-Dividend Date": "N/A", "1y Target Est": "25.50"}}, "fin": {"TTM": {"Duration": "TTM", "Total Revenue": "88,046", "Cost of Revenue": "36,765", "Gross Profit": "51,281", "Operating Expense": "68,072", "Operating Income": "-16,791", "Net Non Operating Interest Income Expense": "-1,269", "Other Income Expense": "-", "Pretax Income": "-18,060", "Tax Provision": "22,303", "Net Income Common Stockholders": "-40,363", "Diluted NI Available to Com Stockholders": "-40,363", "Basic EPS": "-", "Diluted EPS": "-", "Basic Average Shares": "-", "Diluted Average Shares": "-", "Total Operating Income as Reported": "-", "Total Expenses": "104,837", "Net Income from Continuing & Discontinued Operation": "-40,363", "Normalized Income": "-40,363", "Interest Expense": "1,269", "Net Interest Income": "-1,269", "EBIT": "-16,791", "EBITDA": "-8,620", "Reconciled Cost of Revenue": "29,335", "Reconciled Depreciation": "8,171", "Net Income from Continuing Operation Net Minority Interest": "-40,363", "Total Unusual Items Excluding Goodwill": "0", "Total Unusual Items": "0", "Normalized EBITDA": "-8,620", "Tax Rate for Calcs": "0", "Tax Effect of Unusual Items": "0"}, "12/31/2020": {"Duration": "12/31/2020", "Total Revenue": "88,046", "Cost of Revenue": "36,765", "Gross Profit": "51,281", "Operating Expense": "68,072", "Operating Income": "-16,791", "Net Non Operating Interest Income Expense": "-1,269", "Other Income Expense": "-", "Pretax Income": "-18,060", "Tax Provision": "22,303", "Net Income Common Stockholders": "-40,363", "Diluted NI Available to Com Stockholders": "-40,363", "Basic EPS": "-", "Diluted EPS": "-", "Basic Average Shares": "-", "Diluted Average Shares": "-", "Total Operating Income as Reported": "-", "Total Expenses": "104,837", "Net Income from Continuing & Discontinued Operation": "-40,363", "Normalized Income": "-40,363", "Interest Expense": "1,269", "Net Interest Income": "-1,269", "EBIT": "-16,791", "EBITDA": "-", "Reconciled Cost of Revenue": "29,335", "Reconciled Depreciation": "8,171", "Net Income from Continuing Operation Net Minority Interest": "-40,363", "Total Unusual Items Excluding Goodwill": "0", "Total Unusual Items": "0", "Normalized EBITDA": "-8,620", "Tax Rate for Calcs": "0", "Tax Effect of Unusual Items": "0"}, "12/31/2019": {"Duration": "12/31/2019", "Total Revenue": "85,585", "Cost of Revenue": "33,474", "Gross Profit": "52,111", "Operating Expense": "59,655", "Operating Income": "-7,544", "Net Non Operating Interest Income Expense": "276", "Other Income Expense": "-92", "Pretax Income": "-7,360", "Tax Provision": "-1,942", "Net Income Common Stockholders": "-5,418", "Diluted NI Available to Com Stockholders": "-5,418", "Basic EPS": "-0.17", "Diluted EPS": "-0.17", "Basic Average Shares": "32,411", "Diluted Average Shares": "32,411", "Total Operating Income as Reported": "-", "Total Expenses": "93,129", "Net Income from Continuing & Discontinued Operation": "-5,418", "Normalized Income": "-5,351", "Interest Expense": "-", "Net Interest Income": "276", "EBIT": "-7,544", "EBITDA": "-", "Reconciled Cost of Revenue": "26,871", "Reconciled Depreciation": "7,212", "Net Income from Continuing Operation Net Minority Interest": "-5,418", "Total Unusual Items Excluding Goodwill": "-92", "Total Unusual Items": "-92", "Normalized EBITDA": "-240", "Tax Rate for Calcs": "0", "Tax Effect of Unusual Items": "-24.564"}, "12/31/2018": {"Duration": "12/31/2018", "Total Revenue": "85,794", "Cost of Revenue": "42,803", "Gross Profit": "42,991", "Operating Expense": "52,367", "Operating Income": "-9,376", "Net Non Operating Interest Income Expense": "493", "Other Income Expense": "-576", "Pretax Income": "-9,459", "Tax Provision": "-1,743", "Net Income Common Stockholders": "-7,716", "Diluted NI Available to Com Stockholders": "-7,716", "Basic EPS": "-0.24", "Diluted EPS": "-0.24", "Basic Average Shares": "32,169", "Diluted Average Shares": "32,169", "Total Operating Income as Reported": "-9,952", "Total Expenses": "95,170", "Net Income from Continuing & Discontinued Operation": "-7,716", "Normalized Income": "-7,246", "Interest Expense": "-", "Net Interest Income": "493", "EBIT": "-9,376", "EBITDA": "-", "Reconciled Cost of Revenue": "37,261", "Reconciled Depreciation": "5,977", "Net Income from Continuing Operation Net Minority Interest": "-7,716", "Total Unusual Items Excluding Goodwill": "-576", "Total Unusual Items": "-576", "Normalized EBITDA": "-2,823", "Tax Rate for Calcs": "0", "Tax Effect of Unusual Items": "-105.984"}}, "bs": {"12/31/2020": {"Duration": "12/31/2020", "Total Assets": "287,580", "Total Liabilities Net Minority Interest": "53,074", "Total Equity Gross Minority Interest": "234,506", "Total Capitalization": "234,506", "Common Stock Equity": "234,506", "Capital Lease Obligations": "8,442", "Net Tangible Assets": "194,159", "Working Capital": "151,175", "Invested Capital": "234,506", "Tangible Book Value": "194,159", "Total Debt": "8,442", "Share Issued": "46,400", "Ordinary Shares Number": "36,850", "Treasury Shares Number": "9,550"}, "12/31/2019": {"Duration": "12/31/2019", "Total Assets": "239,544", "Total Liabilities Net Minority Interest": "43,387", "Total Equity Gross Minority Interest": "196,157", "Total Capitalization": "196,157", "Common Stock Equity": "196,157", "Capital Lease Obligations": "9,544", "Net Tangible Assets": "187,643", "Working Capital": "119,580", "Invested Capital": "196,157", "Tangible Book Value": "187,643", "Total Debt": "9,544", "Share Issued": "41,797", "Ordinary Shares Number": "32,503", "Treasury Shares Number": "9,294"}, "12/31/2018": {"Duration": "12/31/2018", "Total Assets": "225,905", "Total Liabilities Net Minority Interest": "26,110", "Total Equity Gross Minority Interest": "199,795", "Total Capitalization": "199,795", "Common Stock Equity": "199,795", "Capital Lease Obligations": "-", "Net Tangible Assets": "192,808", "Working Capital": "137,693", "Invested Capital": "199,795", "Tangible Book Value": "192,808", "Total Debt": "-", "Share Issued": "40,677", "Ordinary Shares Number": "32,382", "Treasury Shares Number": "8,295"}}, "cf": {"TTM": {"Duration": "TTM", "Operating Cash Flow": "21,783", "Investing Cash Flow": "-150,502", "Financing Cash Flow": "64,798", "End Cash Position": "33,815", "Income Tax Paid Supplemental Data": "2,707", "Capital Expenditure": "-6,968", "Issuance of Capital Stock": "65,078", "Repurchase of Capital Stock": "0", "Free Cash Flow": "14,815"}, "12/31/2020": {"Duration": "12/31/2020", "Operating Cash Flow": "21,783", "Investing Cash Flow": "-150,502", "Financing Cash Flow": "64,798", "End Cash Position": "33,815", "Income Tax Paid Supplemental Data": "2,707", "Capital Expenditure": "-6,968", "Issuance of Capital Stock": "65,078", "Repurchase of Capital Stock": "0", "Free Cash Flow": "14,815"}, "12/31/2019": {"Duration": "12/31/2019", "Operating Cash Flow": "24,590", "Investing Cash Flow": "-13,212", "Financing Cash Flow": "-9,835", "End Cash Position": "97,605", "Income Tax Paid Supplemental Data": "2,693", "Capital Expenditure": "-10,552", "Issuance of Capital Stock": "-", "Repurchase of Capital Stock": "-9,639", "Free Cash Flow": "14,038"}, "12/31/2018": {"Duration": "12/31/2018", "Operating Cash Flow": "13,338", "Investing Cash Flow": "-13,116", "Financing Cash Flow": "-5,202", "End Cash Position": "96,089", "Income Tax Paid Supplemental Data": "2,582", "Capital Expenditure": "-13,116", "Issuance of Capital Stock": "-", "Repurchase of Capital Stock": "-5,248", "Free Cash Flow": "222"}}}}, {"MIXT": {"quote": {"03/28/2021": {"value": "13.43", "Market Cap": "296.221M", "Beta (5Y Monthly)": "0.16", "PE Ratio (TTM)": "31.60", "EPS (TTM)": "0.43", "Earnings Date": "N/A", "Forward Dividend & Yield": "0.25 (1.83%)", "Ex-Dividend Date": "Feb 18, 2021", "1y Target Est": "18.46"}}, "fin": {"TTM": {"Duration": "TTM", "Total Revenue": "128,786", "Cost of Revenue": "47,101", "Gross Profit": "81,685", "Operating Expense": "65,661", "Operating Income": "16,024", "Net Non Operating Interest Income Expense": "-72", "Other Income Expense": "-714", "Pretax Income": "15,238", "Tax Provision": "5,880", "Net Income Common Stockholders": "9,358", "Diluted NI Available to Com Stockholders": "9,358", "Basic EPS": "-", "Diluted EPS": "-", "Basic Average Shares": "-", "Diluted Average Shares": "-", "Total Operating Income as Reported": "16,024", "Total Expenses": "112,762", "Net Income from Continuing & Discontinued Operation": "9,358", "Normalized Income": "9,358", "Interest Income": "-", "Interest Expense": "-", "Net Interest Income": "-72", "EBIT": "16,024", "EBITDA": "16,024", "Reconciled Cost of Revenue": "47,101", "Reconciled Depreciation": "-", "Net Income from Continuing Operation Net Minority Interest": "9,358", "Total Unusual Items Excluding Goodwill": "-", "Total Unusual Items": "-", "Normalized EBITDA": "16,024", "Tax Rate for Calcs": "0", "Tax Effect of Unusual Items": "0"}, "3/31/2020": {"Duration": "3/31/2020", "Total Revenue": "145,650", "Cost of Revenue": "53,015", "Gross Profit": "92,635", "Operating Expense": "71,587", "Operating Income": "21,048", "Net Non Operating Interest Income Expense": "67", "Other Income Expense": "-299", "Pretax Income": "20,816", "Tax Provision": "9,829", "Net Income Common Stockholders": "10,987", "Diluted NI Available to Com Stockholders": "10,987", "Basic EPS": "0.75", "Diluted EPS": "0.75", "Basic Average Shares": "22,146", "Diluted Average Shares": "22,715", "Total Operating Income as Reported": "21,048", "Total Expenses": "124,602", "Net Income from Continuing & Discontinued Operation": "10,987", "Normalized Income": "10,987", "Interest Income": "67", "Interest Expense": "-", "Net Interest Income": "67", "EBIT": "21,048", "EBITDA": "-", "Reconciled Cost of Revenue": "53,015", "Reconciled Depreciation": "19,972", "Net Income from Continuing Operation Net Minority Interest": "10,987", "Total Unusual Items Excluding Goodwill": "-", "Total Unusual Items": "-", "Normalized EBITDA": "41,020", "Tax Rate for Calcs": "0", "Tax Effect of Unusual Items": "0"}, "3/31/2019": {"Duration": "3/31/2019", "Total Revenue": "136,151", "Cost of Revenue": "45,192", "Gross Profit": "90,959", "Operating Expense": "67,678", "Operating Income": "23,281", "Net Non Operating Interest Income Expense": "72.1456", "Other Income Expense": "95.9186", "Pretax Income": "23,449", "Tax Provision": "9,507", "Net Income Common Stockholders": "13,942", "Diluted NI Available to Com Stockholders": "13,942", "Basic EPS": "0.62", "Diluted EPS": "0.60", "Basic Average Shares": "22,478", "Diluted Average Shares": "23,346", "Total Operating Income as Reported": "23,353", "Total Expenses": "112,870", "Net Income from Continuing & Discontinued Operation": "13,942", "Normalized Income": "13,877", "Interest Income": "707.9507", "Interest Expense": "340.1939", "Net Interest Income": "72.1456", "EBIT": "23,789", "EBITDA": "-", "Reconciled Cost of Revenue": "45,192", "Reconciled Depreciation": "17,113", "Net Income from Continuing Operation Net Minority Interest": "13,942", "Total Unusual Items Excluding Goodwill": "66.7709", "Total Unusual Items": "66.7709", "Normalized EBITDA": "40,836", "Tax Rate for Calcs": "0", "Tax Effect of Unusual Items": "1.8634"}}, "bs": {"3/31/2020": {"Duration": "3/31/2020", "Total Assets": "143,655", "Total Liabilities Net Minority Interest": "44,630", "Total Equity Gross Minority Interest": "99,025", "Total Capitalization": "99,020", "Common Stock Equity": "99,020", "Capital Lease Obligations": "6,507", "Net Tangible Assets": "46,090", "Working Capital": "25,864", "Invested Capital": "101,387", "Tangible Book Value": "46,090", "Total Debt": "8,874", "Share Issued": "600,900", "Ordinary Shares Number": "546,900", "Treasury Shares Number": "54,000"}, "3/31/2019": {"Duration": "3/31/2019", "Total Assets": "164,782", "Total Liabilities Net Minority Interest": "44,079", "Total Equity Gross Minority Interest": "120,703", "Total Capitalization": "120,702", "Common Stock Equity": "120,702", "Capital Lease Obligations": "2,889", "Net Tangible Assets": "54,851", "Working Capital": "28,053", "Invested Capital": "122,787", "Tangible Book Value": "54,851", "Total Debt": "4,974", "Share Issued": "601,947", "Ordinary Shares Number": "561,947", "Treasury Shares Number": "40,000"}}, "cf": {"TTM": {"Duration": "TTM", "Operating Cash Flow": "37,234", "Investing Cash Flow": "-8,989", "Financing Cash Flow": "-7,082", "End Cash Position": "43,578", "Capital Expenditure": "-8,967", "Issuance of Capital Stock": "-", "Repayment of Debt": "-", "Repurchase of Capital Stock": "-1,576", "Free Cash Flow": "28,267"}, "3/31/2020": {"Duration": "3/31/2020", "Operating Cash Flow": "28,178", "Investing Cash Flow": "-19,422", "Financing Cash Flow": "-15,451", "End Cash Position": "18,652", "Capital Expenditure": "-20,372", "Issuance of Capital Stock": "0", "Repayment of Debt": "-", "Repurchase of Capital Stock": "-9,764", "Free Cash Flow": "7,806"}, "3/31/2019": {"Duration": "3/31/2019", "Operating Cash Flow": "31,962", "Investing Cash Flow": "-19,466", "Financing Cash Flow": "-9,556", "End Cash Position": "24,337", "Capital Expenditure": "-19,739", "Issuance of Capital Stock": "949.2631", "Repayment of Debt": "-787.9517", "Repurchase of Capital Stock": "-5,068", "Free Cash Flow": "12,223"}}}}, {"PLPM": {"quote": {"03/28/2021": {"value": "", "Net Assets": "N/A", "Beta (5Y Monthly)": "N/A", "Yield": "N/A", "5y Average Return": "N/A", "Holdings Turnover": "N/A", "Last Dividend": "N/A", "Average for Category": "N/A", "Inception Date": "N/A"}}, "fin": {}, "bs": {}, "cf": {}}}, {"SCSC": {"quote": {"03/28/2021": {"value": "31.88", "Market Cap": "811.403M", "Beta (5Y Monthly)": "1.61", "PE Ratio (TTM)": "N/A", "EPS (TTM)": "-9.52", "Earnings Date": "May 10, 2021 - May 14, 2021", "Forward Dividend & Yield": "N/A (N/A)", "Ex-Dividend Date": "N/A", "1y Target Est": "35.50"}}, "fin": {"TTM": {"Duration": "TTM", "Total Revenue": "2,949,272", "Cost of Revenue": "2,623,724", "Gross Profit": "325,548", "Operating Expense": "279,234", "Operating Income": "46,314", "Net Non Operating Interest Income Expense": "-4,015", "Other Income Expense": "-131,155", "Pretax Income": "-88,856", "Tax Provision": "3,342", "Net Income Common Stockholders": "-241,563", "Diluted NI Available to Com Stockholders": "-241,563", "Basic EPS": "-", "Diluted EPS": "-", "Basic Average Shares": "-", "Diluted Average Shares": "-", "Total Operating Income as Reported": "-84,282", "Total Expenses": "2,902,958", "Net Income from Continuing & Discontinued Operation": "-241,563", "Normalized Income": "2,952", "Interest Income": "5,289", "Interest Expense": "9,304", "Net Interest Income": "-4,015", "EBIT": "-79,552", "EBITDA": "-44,764", "Reconciled Cost of Revenue": "2,621,822", "Reconciled Depreciation": "34,788", "Net Income from Continuing Operation Net Minority Interest": "-92,198", "Total Unusual Items Excluding Goodwill": "-130,342", "Total Unusual Items": "-130,342", "Normalized EBITDA": "85,578", "Tax Rate for Calcs": "0", "Tax Effect of Unusual Items": "-35,192"}, "6/30/2020": {"Duration": "6/30/2020", "Total Revenue": "3,047,734", "Cost of Revenue": "2,692,165", "Gross Profit": "355,569", "Operating Expense": "293,125", "Operating Income": "62,444", "Net Non Operating Interest Income Expense": "-6,398", "Other Income Expense": "-127,822", "Pretax Income": "-71,776", "Tax Provision": "7,451", "Net Income Common Stockholders": "-192,654", "Diluted NI Available to Com Stockholders": "-192,654", "Basic EPS": "-7.59", "Diluted EPS": "-7.59", "Basic Average Shares": "25,378", "Diluted Average Shares": "25,378", "Total Operating Income as Reported": "-64,967", "Total Expenses": "2,985,290", "Net Income from Continuing & Discontinued Operation": "-192,654", "Normalized Income": "13,783", "Interest Income": "5,826", "Interest Expense": "12,224", "Net Interest Income": "-6,398", "EBIT": "-59,552", "EBITDA": "-", "Reconciled Cost of Revenue": "2,689,823", "Reconciled Depreciation": "35,328", "Net Income from Continuing Operation Net Minority Interest": "-79,227", "Total Unusual Items Excluding Goodwill": "-127,411", "Total Unusual Items": "-127,411", "Normalized EBITDA": "103,187", "Tax Rate for Calcs": "0", "Tax Effect of Unusual Items": "-34,401"}, "6/30/2019": {"Duration": "6/30/2019", "Total Revenue": "3,873,111", "Cost of Revenue": "3,420,539", "Gross Profit": "452,572", "Operating Expense": "347,408", "Operating Income": "105,164", "Net Non Operating Interest Income Expense": "-11,539", "Other Income Expense": "-15,717", "Pretax Income": "77,908", "Tax Provision": "20,311", "Net Income Common Stockholders": "57,597", "Diluted NI Available to Com Stockholders": "57,597", "Basic EPS": "2.25", "Diluted EPS": "2.24", "Basic Average Shares": "25,642", "Diluted Average Shares": "25,734", "Total Operating Income as Reported": "89,964", "Total Expenses": "3,767,947", "Net Income from Continuing & Discontinued Operation": "57,597", "Normalized Income": "69,684", "Interest Income": "1,843", "Interest Expense": "13,382", "Net Interest Income": "-11,539", "EBIT": "91,290", "EBITDA": "-", "Reconciled Cost of Revenue": "3,416,808", "Reconciled Depreciation": "36,618", "Net Income from Continuing Operation Net Minority Interest": "57,597", "Total Unusual Items Excluding Goodwill": "-16,356", "Total Unusual Items": "-16,356", "Normalized EBITDA": "144,264", "Tax Rate for Calcs": "0", "Tax Effect of Unusual Items": "-4,269"}, "6/30/2018": {"Duration": "6/30/2018", "Total Revenue": "3,846,260", "Cost of Revenue": "3,410,135", "Gross Profit": "436,125", "Operating Expense": "331,443", "Operating Income": "104,682", "Net Non Operating Interest Income Expense": "-5,436", "Other Income Expense": "-38,321", "Pretax Income": "60,925", "Tax Provision": "27,772", "Net Income Common Stockholders": "33,153", "Diluted NI Available to Com Stockholders": "33,153", "Basic EPS": "1.30", "Diluted EPS": "1.29", "Basic Average Shares": "25,522", "Diluted Average Shares": "25,624", "Total Operating Income as Reported": "67,639", "Total Expenses": "3,741,578", "Net Income from Continuing & Discontinued Operation": "33,153", "Normalized Income": "60,194", "Interest Income": "3,713", "Interest Expense": "9,149", "Net Interest Income": "-5,436", "EBIT": "70,074", "EBITDA": "-", "Reconciled Cost of Revenue": "3,406,608", "Reconciled Depreciation": "37,495", "Net Income from Continuing Operation Net Minority Interest": "33,153", "Total Unusual Items Excluding Goodwill": "-37,043", "Total Unusual Items": "-37,043", "Normalized EBITDA": "144,612", "Tax Rate for Calcs": "0", "Tax Effect of Unusual Items": "-10,002"}}, "bs": {"6/30/2020": {"Duration": "6/30/2020", "Total Assets": "1,692,094", "Total Liabilities Net Minority Interest": "1,013,848", "Total Equity Gross Minority Interest": "678,246", "Total Capitalization": "889,135", "Common Stock Equity": "678,246", "Capital Lease Obligations": "25,236", "Net Tangible Assets": "342,411", "Working Capital": "484,460", "Invested Capital": "896,974", "Tangible Book Value": "342,411", "Total Debt": "243,964", "Net Debt": "189,243", "Share Issued": "25,361", "Ordinary Shares Number": "25,361"}, "6/30/2019": {"Duration": "6/30/2019", "Total Assets": "2,067,261", "Total Liabilities Net Minority Interest": "1,153,132", "Total Equity Gross Minority Interest": "914,129", "Total Capitalization": "1,265,960", "Common Stock Equity": "914,129", "Capital Lease Obligations": "-", "Net Tangible Assets": "466,652", "Working Capital": "776,429", "Invested Capital": "1,274,635", "Tangible Book Value": "466,652", "Total Debt": "360,506", "Net Debt": "336,688", "Share Issued": "25,408", "Ordinary Shares Number": "25,408"}, "6/30/2018": {"Duration": "6/30/2018", "Total Assets": "1,945,295", "Total Liabilities Net Minority Interest": "1,078,919", "Total Equity Gross Minority Interest": "866,376", "Total Capitalization": "1,115,254", "Common Stock Equity": "866,376", "Capital Lease Obligations": "-", "Net Tangible Assets": "431,396", "Working Capital": "651,851", "Invested Capital": "1,115,805", "Tangible Book Value": "431,396", "Total Debt": "249,429", "Net Debt": "223,899", "Share Issued": "25,593", "Ordinary Shares Number": "25,593"}}, "cf": {"TTM": {"Duration": "TTM", "Operating Cash Flow": "245,589", "Investing Cash Flow": "29,129", "Financing Cash Flow": "-248,037", "End Cash Position": "68,686", "Income Tax Paid Supplemental Data": "-", "Interest Paid Supplemental Data": "-", "Capital Expenditure": "-5,109", "Issuance of Debt": "2,019,278", "Repayment of Debt": "-2,149,447", "Repurchase of Capital Stock": "-1", "Free Cash Flow": "240,480"}, "6/30/2020": {"Duration": "6/30/2020", "Operating Cash Flow": "226,271", "Investing Cash Flow": "-55,385", "Financing Cash Flow": "-156,607", "End Cash Position": "34,455", "Income Tax Paid Supplemental Data": "16,869", "Interest Paid Supplemental Data": "11,959", "Capital Expenditure": "-6,387", "Issuance of Debt": "2,081,833", "Repayment of Debt": "-2,192,360", "Repurchase of Capital Stock": "-6,078", "Free Cash Flow": "219,884"}, "6/30/2019": {"Duration": "6/30/2019", "Operating Cash Flow": "-27,127", "Investing Cash Flow": "-39,376", "Financing Cash Flow": "64,233", "End Cash Position": "23,818", "Income Tax Paid Supplemental Data": "33,061", "Interest Paid Supplemental Data": "13,078", "Capital Expenditure": "-7,215", "Issuance of Debt": "2,221,949", "Repayment of Debt": "-2,116,192", "Repurchase of Capital Stock": "-9,483", "Free Cash Flow": "-34,342"}, "6/30/2018": {"Duration": "6/30/2018", "Operating Cash Flow": "27,871", "Investing Cash Flow": "-151,927", "Financing Cash Flow": "97,508", "End Cash Position": "25,530", "Income Tax Paid Supplemental Data": "38,330", "Interest Paid Supplemental Data": "8,544", "Capital Expenditure": "-8,159", "Issuance of Debt": "2,301,443", "Repayment of Debt": "-2,150,250", "Repurchase of Capital Stock": "-", "Free Cash Flow": "19,712"}}}}, {"SYX": {"quote": {"03/28/2021": {"value": "40.92", "Market Cap": "1.541B", "Beta (5Y Monthly)": "0.71", "PE Ratio (TTM)": "23.87", "EPS (TTM)": "1.71", "Earnings Date": "Apr 26, 2021 - Apr 30, 2021", "Forward Dividend & Yield": "0.64 (1.56%)", "Ex-Dividend Date": "Mar 05, 2021", "1y Target Est": "46.00"}}, "fin": {"TTM": {"Duration": "TTM", "Total Revenue": "1,052,800", "Cost of Revenue": "695,300", "Gross Profit": "357,500", "Operating Expense": "278,300", "Operating Income": "79,200", "Net Non Operating Interest Income Expense": "0", "Other Income Expense": "-", "Pretax Income": "79,200", "Tax Provision": "17,900", "Net Income Common Stockholders": "72,400", "Diluted NI Available to Com Stockholders": "72,400", "Basic EPS": "-", "Diluted EPS": "-", "Basic Average Shares": "-", "Diluted Average Shares": "-", "Total Operating Income as Reported": "79,200", "Total Expenses": "973,600", "Net Income from Continuing & Discontinued Operation": "72,400", "Normalized Income": "61,300", "Interest Income": "-", "Interest Expense": "-", "Net Interest Income": "0", "EBIT": "79,200", "EBITDA": "83,200", "Reconciled Cost of Revenue": "695,300", "Reconciled Depreciation": "4,000", "Net Income from Continuing Operation Net Minority Interest": "61,300", "Total Unusual Items Excluding Goodwill": "0", "Total Unusual Items": "0", "Normalized EBITDA": "83,200", "Tax Rate for Calcs": "0", "Tax Effect of Unusual Items": "0"}, "12/31/2020": {"Duration": "12/31/2020", "Total Revenue": "1,029,000", "Cost of Revenue": "672,100", "Gross Profit": "356,900", "Operating Expense": "272,800", "Operating Income": "84,100", "Net Non Operating Interest Income Expense": "-100", "Other Income Expense": "-", "Pretax Income": "84,000", "Tax Provision": "19,900", "Net Income Common Stockholders": "65,400", "Diluted NI Available to Com Stockholders": "65,400", "Basic EPS": "-", "Diluted EPS": "-", "Basic Average Shares": "-", "Diluted Average Shares": "-", "Total Operating Income as Reported": "84,100", "Total Expenses": "944,900", "Net Income from Continuing & Discontinued Operation": "65,400", "Normalized Income": "64,100", "Interest Income": "-", "Interest Expense": "100", "Net Interest Income": "-100", "EBIT": "84,100", "EBITDA": "-", "Reconciled Cost of Revenue": "672,100", "Reconciled Depreciation": "4,100", "Net Income from Continuing Operation Net Minority Interest": "64,100", "Total Unusual Items Excluding Goodwill": "0", "Total Unusual Items": "0", "Normalized EBITDA": "88,200", "Tax Rate for Calcs": "0", "Tax Effect of Unusual Items": "0"}, "12/31/2019": {"Duration": "12/31/2019", "Total Revenue": "946,900", "Cost of Revenue": "621,200", "Gross Profit": "325,700", "Operating Expense": "260,400", "Operating Income": "65,300", "Net Non Operating Interest Income Expense": "0", "Other Income Expense": "800", "Pretax Income": "66,100", "Tax Provision": "16,100", "Net Income Common Stockholders": "48,500", "Diluted NI Available to Com Stockholders": "48,500", "Basic EPS": "1.29", "Diluted EPS": "1.28", "Basic Average Shares": "37,500", "Diluted Average Shares": "37,700", "Total Operating Income as Reported": "66,100", "Total Expenses": "881,600", "Net Income from Continuing & Discontinued Operation": "48,500", "Normalized Income": "49,395", "Interest Income": "-", "Interest Expense": "-", "Net Interest Income": "0", "EBIT": "65,300", "EBITDA": "-", "Reconciled Cost of Revenue": "621,200", "Reconciled Depreciation": "4,100", "Net Income from Continuing Operation Net Minority Interest": "50,000", "Total Unusual Items Excluding Goodwill": "800", "Total Unusual Items": "800", "Normalized EBITDA": "68,600", "Tax Rate for Calcs": "0", "Tax Effect of Unusual Items": "195.2"}, "12/31/2018": {"Duration": "12/31/2018", "Total Revenue": "896,900", "Cost of Revenue": "589,200", "Gross Profit": "307,700", "Operating Expense": "245,200", "Operating Income": "62,500", "Net Non Operating Interest Income Expense": "1,600", "Other Income Expense": "-1,200", "Pretax Income": "62,900", "Tax Provision": "13,400", "Net Income Common Stockholders": "224,700", "Diluted NI Available to Com Stockholders": "224,700", "Basic EPS": "6.03", "Diluted EPS": "5.93", "Basic Average Shares": "37,200", "Diluted Average Shares": "37,900", "Total Operating Income as Reported": "61,700", "Total Expenses": "834,400", "Net Income from Continuing & Discontinued Operation": "224,700", "Normalized Income": "50,444", "Interest Income": "-", "Interest Expense": "-", "Net Interest Income": "1,600", "EBIT": "62,500", "EBITDA": "-", "Reconciled Cost of Revenue": "589,200", "Reconciled Depreciation": "4,500", "Net Income from Continuing Operation Net Minority Interest": "49,500", "Total Unusual Items Excluding Goodwill": "-1,200", "Total Unusual Items": "-1,200", "Normalized EBITDA": "68,200", "Tax Rate for Calcs": "0", "Tax Effect of Unusual Items": "-255.6"}}, "bs": {"12/31/2020": {"Duration": "12/31/2020", "Total Assets": "374,900", "Total Liabilities Net Minority Interest": "268,100", "Total Equity Gross Minority Interest": "106,800", "Total Capitalization": "106,800", "Common Stock Equity": "106,800", "Capital Lease Obligations": "87,500", "Net Tangible Assets": "99,800", "Working Capital": "77,400", "Invested Capital": "106,800", "Tangible Book Value": "99,800", "Total Debt": "87,500", "Share Issued": "38,956", "Ordinary Shares Number": "37,552", "Treasury Shares Number": "1,404"}, "12/31/2019": {"Duration": "12/31/2019", "Total Assets": "396,900", "Total Liabilities Net Minority Interest": "221,400", "Total Equity Gross Minority Interest": "175,500", "Total Capitalization": "175,500", "Common Stock Equity": "175,500", "Capital Lease Obligations": "68,600", "Net Tangible Assets": "168,300", "Working Capital": "144,500", "Invested Capital": "175,500", "Tangible Book Value": "168,300", "Total Debt": "68,600", "Share Issued": "38,906", "Ordinary Shares Number": "37,679", "Treasury Shares Number": "1,228"}, "12/31/2018": {"Duration": "12/31/2018", "Total Assets": "530,000", "Total Liabilities Net Minority Interest": "392,300", "Total Equity Gross Minority Interest": "137,700", "Total Capitalization": "137,700", "Common Stock Equity": "137,700", "Capital Lease Obligations": "-", "Net Tangible Assets": "130,000", "Working Capital": "117,800", "Invested Capital": "137,700", "Tangible Book Value": "130,000", "Total Debt": "-", "Share Issued": "38,862", "Ordinary Shares Number": "37,335", "Treasury Shares Number": "1,527"}}, "cf": {"TTM": {"Duration": "TTM", "Operating Cash Flow": "75,500", "Investing Cash Flow": "-3,300", "Financing Cash Flow": "-98,000", "End Cash Position": "38,300", "Income Tax Paid Supplemental Data": "-", "Interest Paid Supplemental Data": "-", "Capital Expenditure": "-3,300", "Issuance of Capital Stock": "-", "Repayment of Debt": "-", "Repurchase of Capital Stock": "-3,800", "Free Cash Flow": "72,200"}, "12/31/2020": {"Duration": "12/31/2020", "Operating Cash Flow": "68,200", "Investing Cash Flow": "-2,700", "Financing Cash Flow": "-138,800", "End Cash Position": "24,000", "Income Tax Paid Supplemental Data": "17,700", "Interest Paid Supplemental Data": "200", "Capital Expenditure": "-2,700", "Issuance of Capital Stock": "3,300", "Repayment of Debt": "-", "Repurchase of Capital Stock": "-7,200", "Free Cash Flow": "65,500"}, "12/31/2019": {"Duration": "12/31/2019", "Operating Cash Flow": "68,400", "Investing Cash Flow": "-6,900", "Financing Cash Flow": "-259,600", "End Cash Position": "97,200", "Income Tax Paid Supplemental Data": "11,300", "Interest Paid Supplemental Data": "300", "Capital Expenditure": "-6,900", "Issuance of Capital Stock": "2,100", "Repayment of Debt": "0", "Repurchase of Capital Stock": "0", "Free Cash Flow": "61,500"}, "12/31/2018": {"Duration": "12/31/2018", "Operating Cash Flow": "-22,300", "Investing Cash Flow": "245,100", "Financing Cash Flow": "-115,000", "End Cash Position": "295,400", "Income Tax Paid Supplemental Data": "36,600", "Interest Paid Supplemental Data": "200", "Capital Expenditure": "-4,500", "Issuance of Capital Stock": "5,400", "Repayment of Debt": "-100", "Repurchase of Capital Stock": "-9,100", "Free Cash Flow": "-26,800"}}}}, {"VRNS": {"quote": {"03/28/2021": {"value": "53.36", "Market Cap": "5.465B", "Beta (5Y Monthly)": "1.16", "PE Ratio (TTM)": "N/A", "EPS (TTM)": "-1.00", "Earnings Date": "May 03, 2021 - May 07, 2021", "Forward Dividend & Yield": "N/A (N/A)", "Ex-Dividend Date": "N/A", "1y Target Est": "72.42"}}, "fin": {"TTM": {"Duration": "TTM", "Total Revenue": "313,298", "Cost of Revenue": "47,563", "Gross Profit": "265,735", "Operating Expense": "345,555", "Operating Income": "-79,820", "Net Non Operating Interest Income Expense": "-8,232", "Other Income Expense": "-", "Pretax Income": "-89,778", "Tax Provision": "8,458", "Net Income Common Stockholders": "-98,236", "Diluted NI Available to Com Stockholders": "-98,236", "Basic EPS": "-", "Diluted EPS": "-", "Basic Average Shares": "-", "Diluted Average Shares": "-", "Total Operating Income as Reported": "-79,820", "Total Expenses": "393,118", "Net Income from Continuing & Discontinued Operation": "-98,236", "Normalized Income": "-97,200", "Interest Income": "-", "Interest Expense": "-", "Net Interest Income": "-8,232", "EBIT": "-85,286", "EBITDA": "-77,092", "Reconciled Cost of Revenue": "47,563", "Reconciled Depreciation": "8,194", "Net Income from Continuing Operation Net Minority Interest": "-98,236", "Total Unusual Items Excluding Goodwill": "-1,726", "Total Unusual Items": "-1,726", "Normalized EBITDA": "-75,366", "Tax Rate for Calcs": "0", "Tax Effect of Unusual Items": "-690.4"}, "12/31/2020": {"Duration": "12/31/2020", "Total Revenue": "292,689", "Cost of Revenue": "44,261", "Gross Profit": "248,428", "Operating Expense": "326,843", "Operating Income": "-78,415", "Net Non Operating Interest Income Expense": "-5,757", "Other Income Expense": "-1,726", "Pretax Income": "-85,898", "Tax Provision": "8,112", "Net Income Common Stockholders": "-94,010", "Diluted NI Available to Com Stockholders": "-94,010", "Basic EPS": "-", "Diluted EPS": "-", "Basic Average Shares": "-", "Diluted Average Shares": "-", "Total Operating Income as Reported": "-78,415", "Total Expenses": "371,104", "Net Income from Continuing & Discontinued Operation": "-94,010", "Normalized Income": "-92,750", "Interest Income": "674", "Interest Expense": "2,017", "Net Interest Income": "-5,757", "EBIT": "-83,881", "EBITDA": "-", "Reconciled Cost of Revenue": "44,261", "Reconciled Depreciation": "9,903", "Net Income from Continuing Operation Net Minority Interest": "-94,010", "Total Unusual Items Excluding Goodwill": "-1,726", "Total Unusual Items": "-1,726", "Normalized EBITDA": "-72,252", "Tax Rate for Calcs": "0", "Tax Effect of Unusual Items": "-466.02"}, "12/31/2019": {"Duration": "12/31/2019", "Total Revenue": "254,190", "Cost of Revenue": "35,144", "Gross Profit": "219,046", "Operating Expense": "295,033", "Operating Income": "-75,987", "Net Non Operating Interest Income Expense": "1,836", "Other Income Expense": "-2,225", "Pretax Income": "-76,376", "Tax Provision": "2,388", "Net Income Common Stockholders": "-78,764", "Diluted NI Available to Com Stockholders": "-78,764", "Basic EPS": "-0.87", "Diluted EPS": "-0.87", "Basic Average Shares": "90,772", "Diluted Average Shares": "90,772", "Total Operating Income as Reported": "-75,987", "Total Expenses": "330,177", "Net Income from Continuing & Discontinued Operation": "-78,764", "Normalized Income": "-77,140", "Interest Income": "2,034", "Interest Expense": "-", "Net Interest Income": "1,836", "EBIT": "-75,987", "EBITDA": "-", "Reconciled Cost of Revenue": "35,144", "Reconciled Depreciation": "15,344", "Net Income from Continuing Operation Net Minority Interest": "-78,764", "Total Unusual Items Excluding Goodwill": "-2,225", "Total Unusual Items": "-2,225", "Normalized EBITDA": "-58,418", "Tax Rate for Calcs": "0", "Tax Effect of Unusual Items": "-600.75"}, "12/31/2018": {"Duration": "12/31/2018", "Total Revenue": "270,288", "Cost of Revenue": "27,683", "Gross Profit": "242,605", "Operating Expense": "271,740", "Operating Income": "-29,135", "Net Non Operating Interest Income Expense": "1,544", "Other Income Expense": "-574", "Pretax Income": "-28,165", "Tax Provision": "413", "Net Income Common Stockholders": "-28,578", "Diluted NI Available to Com Stockholders": "-28,578", "Basic EPS": "-0.33", "Diluted EPS": "-0.33", "Basic Average Shares": "87,062", "Diluted Average Shares": "87,062", "Total Operating Income as Reported": "-29,135", "Total Expenses": "299,423", "Net Income from Continuing & Discontinued Operation": "-28,578", "Normalized Income": "-28,159", "Interest Income": "1,741", "Interest Expense": "-", "Net Interest Income": "1,544", "EBIT": "-29,135", "EBITDA": "-", "Reconciled Cost of Revenue": "27,683", "Reconciled Depreciation": "4,156", "Net Income from Continuing Operation Net Minority Interest": "-28,578", "Total Unusual Items Excluding Goodwill": "-574", "Total Unusual Items": "-574", "Normalized EBITDA": "-24,405", "Tax Rate for Calcs": "0", "Tax Effect of Unusual Items": "-154.98"}}, "bs": {"12/31/2020": {"Duration": "12/31/2020", "Total Assets": "555,482", "Total Liabilities Net Minority Interest": "461,411", "Total Equity Gross Minority Interest": "94,071", "Total Capitalization": "312,531", "Common Stock Equity": "94,071", "Capital Lease Obligations": "54,540", "Net Tangible Assets": "65,090", "Working Capital": "237,212", "Invested Capital": "312,531", "Tangible Book Value": "65,090", "Total Debt": "273,000", "Share Issued": "95,457", "Ordinary Shares Number": "95,457"}, "12/31/2019": {"Duration": "12/31/2019", "Total Assets": "318,312", "Total Liabilities Net Minority Interest": "224,780", "Total Equity Gross Minority Interest": "93,532", "Total Capitalization": "93,532", "Common Stock Equity": "93,532", "Capital Lease Obligations": "57,040", "Net Tangible Assets": "93,532", "Working Capital": "48,978", "Invested Capital": "93,532", "Tangible Book Value": "93,532", "Total Debt": "57,040", "Share Issued": "91,750", "Ordinary Shares Number": "91,750"}, "12/31/2018": {"Duration": "12/31/2018", "Total Assets": "284,978", "Total Liabilities Net Minority Interest": "159,608", "Total Equity Gross Minority Interest": "125,370", "Total Capitalization": "125,370", "Common Stock Equity": "125,370", "Capital Lease Obligations": "-", "Net Tangible Assets": "125,370", "Working Capital": "112,750", "Invested Capital": "125,370", "Tangible Book Value": "125,370", "Total Debt": "-", "Share Issued": "88,731", "Ordinary Shares Number": "88,731"}}, "cf": {"TTM": {"Duration": "TTM", "Operating Cash Flow": "10,667", "Investing Cash Flow": "-60,007", "Financing Cash Flow": "725,413", "End Cash Position": "753,606", "Income Tax Paid Supplemental Data": "-", "Capital Expenditure": "-8,623", "Issuance of Debt": "-", "Free Cash Flow": "2,044"}, "12/31/2020": {"Duration": "12/31/2020", "Operating Cash Flow": "-5,842", "Investing Cash Flow": "-54,748", "Financing Cash Flow": "225,753", "End Cash Position": "234,092", "Income Tax Paid Supplemental Data": "1,342", "Capital Expenditure": "-10,116", "Issuance of Debt": "245,308", "Free Cash Flow": "-15,958"}, "12/31/2019": {"Duration": "12/31/2019", "Operating Cash Flow": "-10,683", "Investing Cash Flow": "33,303", "Financing Cash Flow": "-2,398", "End Cash Position": "68,929", "Income Tax Paid Supplemental Data": "3,955", "Capital Expenditure": "-25,392", "Issuance of Debt": "-", "Free Cash Flow": "-36,075"}, "12/31/2018": {"Duration": "12/31/2018", "Operating Cash Flow": "23,545", "Investing Cash Flow": "-40,188", "Financing Cash Flow": "8,114", "End Cash Position": "48,707", "Income Tax Paid Supplemental Data": "710", "Capital Expenditure": "-9,583", "Issuance of Debt": "-", "Free Cash Flow": "13,962"}}}}, {"SKKY": {"quote": {"03/28/2021": {"value": "1.3800", "Market Cap": "71.175M", "Beta (5Y Monthly)": "0.07", "PE Ratio (TTM)": "N/A", "EPS (TTM)": "-0.0070", "Earnings Date": "Mar 09, 2021", "Forward Dividend & Yield": "N/A (N/A)", "Ex-Dividend Date": "N/A", "1y Target Est": "N/A"}}, "fin": {"TTM": {"Duration": "TTM", "Total Revenue": "1,526", "Cost of Revenue": "-", "Gross Profit": "-", "Operating Expense": "1,916", "Operating Income": "-390.541", "Other Income Expense": "29.975", "Pretax Income": "-360.568", "Tax Provision": "-16.004", "Net Income Common Stockholders": "-356.184", "Diluted NI Available to Com Stockholders": "-356.184", "Basic EPS": "-", "Diluted EPS": "-", "Basic Average Shares": "-", "Diluted Average Shares": "-", "Total Operating Income as Reported": "-390.542", "Total Expenses": "1,916", "Net Income from Continuing & Discontinued Operation": "-344.564", "Normalized Income": "-304.9624", "EBIT": "-390.541", "EBITDA": "-388.072", "Reconciled Cost of Revenue": "-", "Reconciled Depreciation": "2.469", "Net Income from Continuing Operation Net Minority Interest": "-344.564", "Total Unusual Items Excluding Goodwill": "-41.441", "Total Unusual Items": "-41.441", "Normalized EBITDA": "-346.631", "Tax Rate for Calcs": "0", "Tax Effect of Unusual Items": "-1.8394"}, "10/31/2020": {"Duration": "10/31/2020", "Total Revenue": "1,507", "Cost of Revenue": "-", "Gross Profit": "-", "Operating Expense": "1,899", "Operating Income": "-392.231", "Other Income Expense": "64.896", "Pretax Income": "-327.337", "Tax Provision": "-16.004", "Net Income Common Stockholders": "-322.953", "Diluted NI Available to Com Stockholders": "-322.953", "Basic EPS": "-0.01", "Diluted EPS": "-0.01", "Basic Average Shares": "51,576", "Diluted Average Shares": "51,576", "Total Operating Income as Reported": "-392.232", "Total Expenses": "1,899", "Net Income from Continuing & Discontinued Operation": "-311.333", "Normalized Income": "-372.9392", "EBIT": "-392.231", "EBITDA": "-", "Reconciled Cost of Revenue": "-", "Reconciled Depreciation": "2.455", "Net Income from Continuing Operation Net Minority Interest": "-311.333", "Total Unusual Items Excluding Goodwill": "64.773", "Total Unusual Items": "64.773", "Normalized EBITDA": "-454.549", "Tax Rate for Calcs": "0", "Tax Effect of Unusual Items": "3.1668"}, "10/31/2019": {"Duration": "10/31/2019", "Total Revenue": "1,367", "Cost of Revenue": "-", "Gross Profit": "-", "Operating Expense": "1,925", "Operating Income": "-557.416", "Other Income Expense": "-17.436", "Pretax Income": "-574.852", "Tax Provision": "-30.482", "Net Income Common Stockholders": "-587.474", "Diluted NI Available to Com Stockholders": "-587.474", "Basic EPS": "-0.01", "Diluted EPS": "-0.01", "Basic Average Shares": "51,423", "Diluted Average Shares": "51,423", "Total Operating Income as Reported": "-557.416", "Total Expenses": "1,925", "Net Income from Continuing & Discontinued Operation": "-575.854", "Normalized Income": "-539.083", "EBIT": "-557.416", "EBITDA": "-", "Reconciled Cost of Revenue": "-", "Reconciled Depreciation": "0.48", "Net Income from Continuing Operation Net Minority Interest": "-544.37", "Total Unusual Items Excluding Goodwill": "-5.583", "Total Unusual Items": "-5.583", "Normalized EBITDA": "-551.353", "Tax Rate for Calcs": "0", "Tax Effect of Unusual Items": "-0.296"}, "10/31/2018": {"Duration": "10/31/2018", "Total Revenue": "1,466", "Cost of Revenue": "50.921", "Gross Profit": "1,415", "Operating Expense": "1,916", "Operating Income": "-500.354", "Other Income Expense": "-22.764", "Pretax Income": "-523.118", "Tax Provision": "-32.275", "Net Income Common Stockholders": "-502.463", "Diluted NI Available to Com Stockholders": "-502.463", "Basic EPS": "-0.01", "Diluted EPS": "-0.01", "Basic Average Shares": "51,328", "Diluted Average Shares": "51,328", "Total Operating Income as Reported": "-500.354", "Total Expenses": "1,967", "Net Income from Continuing & Discontinued Operation": "-490.843", "Normalized Income": "-505.2", "EBIT": "-500.354", "EBITDA": "-", "Reconciled Cost of Revenue": "50.921", "Reconciled Depreciation": "0.496", "Net Income from Continuing Operation Net Minority Interest": "-490.843", "Total Unusual Items Excluding Goodwill": "15.301", "Total Unusual Items": "15.301", "Normalized EBITDA": "-515.159", "Tax Rate for Calcs": "0", "Tax Effect of Unusual Items": "0.944"}}, "bs": {"10/31/2020": {"Duration": "10/31/2020", "Total Assets": "1,088", "Total Liabilities Net Minority Interest": "618.913", "Total Equity Gross Minority Interest": "469.376", "Total Capitalization": "499.408", "Preferred Stock Equity": "0.199", "Common Stock Equity": "469.177", "Capital Lease Obligations": "40.883", "Net Tangible Assets": "469.376", "Working Capital": "466.261", "Invested Capital": "499.209", "Tangible Book Value": "469.177", "Total Debt": "70.915", "Share Issued": "51,576", "Ordinary Shares Number": "51,576", "Preferred Shares Number": "-"}, "10/31/2019": {"Duration": "10/31/2019", "Total Assets": "865.846", "Total Liabilities Net Minority Interest": "285.532", "Total Equity Gross Minority Interest": "580.314", "Total Capitalization": "580.314", "Preferred Stock Equity": "193.666", "Common Stock Equity": "386.648", "Capital Lease Obligations": "-", "Net Tangible Assets": "580.314", "Working Capital": "571.845", "Invested Capital": "386.648", "Tangible Book Value": "386.648", "Total Debt": "-", "Share Issued": "51,363", "Ordinary Shares Number": "51,363", "Preferred Shares Number": "198.661"}, "10/31/2018": {"Duration": "10/31/2018", "Total Assets": "903.386", "Total Liabilities Net Minority Interest": "247.297", "Total Equity Gross Minority Interest": "656.089", "Total Capitalization": "656.089", "Preferred Stock Equity": "193.666", "Common Stock Equity": "462.423", "Capital Lease Obligations": "-", "Net Tangible Assets": "656.089", "Working Capital": "642.808", "Invested Capital": "462.423", "Tangible Book Value": "462.423", "Total Debt": "-", "Share Issued": "51,363", "Ordinary Shares Number": "51,363", "Preferred Shares Number": "198.661"}}, "cf": {"TTM": {"Duration": "TTM", "Operating Cash Flow": "-71.712", "Financing Cash Flow": "-", "Cash Flow from Discontinued Operation": "-", "End Cash Position": "618.807", "Income Tax Paid Supplemental Data": "-", "Interest Paid Supplemental Data": "-", "Issuance of Capital Stock": "-", "Issuance of Debt": "-", "Free Cash Flow": "-71.712"}, "10/31/2020": {"Duration": "10/31/2020", "Operating Cash Flow": "101.55", "Financing Cash Flow": "28.717", "Cash Flow from Discontinued Operation": "-", "End Cash Position": "816.798", "Income Tax Paid Supplemental Data": "-", "Interest Paid Supplemental Data": "-", "Issuance of Capital Stock": "-", "Issuance of Debt": "28.717", "Free Cash Flow": "101.55"}, "10/31/2019": {"Duration": "10/31/2019", "Operating Cash Flow": "-2.793", "Financing Cash Flow": "5.185", "Cash Flow from Discontinued Operation": "-27.014", "End Cash Position": "700.41", "Income Tax Paid Supplemental Data": "-", "Interest Paid Supplemental Data": "-", "Issuance of Capital Stock": "-", "Issuance of Debt": "-", "Free Cash Flow": "-2.793"}, "10/31/2018": {"Duration": "10/31/2018", "Operating Cash Flow": "122.534", "Financing Cash Flow": "0", "Cash Flow from Discontinued Operation": "-", "End Cash Position": "677.303", "Income Tax Paid Supplemental Data": "0", "Interest Paid Supplemental Data": "0", "Issuance of Capital Stock": "0", "Issuance of Debt": "-", "Free Cash Flow": "122.534"}}}}, {"USAT": {"quote": {"03/28/2021": {"value": "11.91", "Market Cap": "845.805M", "Beta (5Y Monthly)": "2.22", "PE Ratio (TTM)": "N/A", "EPS (TTM)": "-0.48", "Earnings Date": "Feb 04, 2021", "Forward Dividend & Yield": "N/A (N/A)", "Ex-Dividend Date": "N/A", "1y Target Est": "13.25"}}, "fin": {}, "bs": {}, "cf": {}}}, {"ATTU": {"fin": {}, "bs": {}, "cf": {}}}]