[{"DD": {"quote": {"05/12/2021": {"value": "81.70", "Market Cap": "43.476B", "Beta (5Y Monthly)": "1.31", "PE Ratio (TTM)": "18.78", "EPS (TTM)": "4.35", "Earnings Date": "Jul 28, 2021 - Aug 02, 2021", "Forward Dividend & Yield": "1.20 (1.47%)", "Ex-Dividend Date": "May 27, 2021", "1y Target Est": "87.58"}}, "fin": {"TTM": {"Duration": "TTM", "Total Revenue": "20,397,000", "Cost of Revenue": "13,522,000", "Gross Profit": "6,875,000", "Operating Expense": "5,214,000", "Operating Income": "1,661,000", "Net Non Operating Interest Income Expense": "-757,000", "Other Income Expense": "-3,801,000", "Pretax Income": "-2,897,000", "Tax Provision": "-23,000", "Net Income Common Stockholders": "-2,951,000", "Average Dilution Earnings": "-", "Diluted NI Available to Com Stockholders": "-2,951,000", "Basic EPS": "-", "Diluted EPS": "-", "Basic Average Shares": "-", "Diluted Average Shares": "-", "Total Expenses": "18,736,000", "Net Income from Continuing & Discontinued Operation": "-2,951,000", "Normalized Income": "1,136,432", "Interest Income": "10,000", "Interest Expense": "767,000", "Net Interest Income": "-757,000", "EBIT": "-2,130,000", "EBITDA": "964,000", "Reconciled Cost of Revenue": "12,547,000", "Reconciled Depreciation": "3,094,000", "Net Income from Continuing Operation Net Minority Interest": "-2,902,000", "Total Unusual Items Excluding Goodwill": "-4,071,000", "Total Unusual Items": "-4,071,000", "Normalized EBITDA": "5,035,000", "Tax Rate for Calcs": "0", "Tax Effect of Unusual Items": "-32,568"}, "12/31/2020": {"Duration": "12/31/2020", "Total Revenue": "20,397,000", "Cost of Revenue": "13,522,000", "Gross Profit": "6,875,000", "Operating Expense": "5,214,000", "Operating Income": "1,661,000", "Net Non Operating Interest Income Expense": "-757,000", "Other Income Expense": "-3,801,000", "Pretax Income": "-2,897,000", "Tax Provision": "-23,000", "Net Income Common Stockholders": "-2,951,000", "Average Dilution Earnings": "-", "Diluted NI Available to Com Stockholders": "-2,951,000", "Basic EPS": "-", "Diluted EPS": "-", "Basic Average Shares": "-", "Diluted Average Shares": "-", "Total Expenses": "18,736,000", "Net Income from Continuing & Discontinued Operation": "-2,951,000", "Normalized Income": "1,136,432", "Interest Income": "10,000", "Interest Expense": "767,000", "Net Interest Income": "-757,000", "EBIT": "-2,130,000", "EBITDA": "-", "Reconciled Cost of Revenue": "12,547,000", "Reconciled Depreciation": "3,094,000", "Net Income from Continuing Operation Net Minority Interest": "-2,902,000", "Total Unusual Items Excluding Goodwill": "-4,071,000", "Total Unusual Items": "-4,071,000", "Normalized EBITDA": "5,035,000", "Tax Rate for Calcs": "0", "Tax Effect of Unusual Items": "-32,568"}, "12/31/2019": {"Duration": "12/31/2019", "Total Revenue": "21,512,000", "Cost of Revenue": "14,056,000", "Gross Profit": "7,456,000", "Operating Expense": "4,668,000", "Operating Income": "2,788,000", "Net Non Operating Interest Income Expense": "-613,000", "Other Income Expense": "-2,649,000", "Pretax Income": "-474,000", "Tax Provision": "140,000", "Net Income Common Stockholders": "497,000", "Average Dilution Earnings": "-", "Diluted NI Available to Com Stockholders": "497,000", "Basic EPS": "0.67", "Diluted EPS": "0.67", "Basic Average Shares": "746,300", "Diluted Average Shares": "746,300", "Total Expenses": "18,724,000", "Net Income from Continuing & Discontinued Operation": "498,000", "Normalized Income": "1,316,320", "Interest Income": "55,000", "Interest Expense": "668,000", "Net Interest Income": "-613,000", "EBIT": "194,000", "EBITDA": "-", "Reconciled Cost of Revenue": "11,911,000", "Reconciled Depreciation": "3,195,000", "Net Income from Continuing Operation Net Minority Interest": "-716,000", "Total Unusual Items Excluding Goodwill": "-2,784,000", "Total Unusual Items": "-2,784,000", "Normalized EBITDA": "6,173,000", "Tax Rate for Calcs": "0", "Tax Effect of Unusual Items": "-751,680"}, "12/31/2018": {"Duration": "12/31/2018", "Total Revenue": "85,977,000", "Cost of Revenue": "65,333,000", "Gross Profit": "20,644,000", "Operating Expense": "11,672,000", "Operating Income": "8,972,000", "Net Non Operating Interest Income Expense": "-1,294,000", "Other Income Expense": "-2,185,000", "Pretax Income": "5,493,000", "Tax Provision": "1,489,000", "Net Income Common Stockholders": "3,827,000", "Average Dilution Earnings": "-", "Diluted NI Available to Com Stockholders": "3,827,000", "Basic EPS": "4.98", "Diluted EPS": "4.95", "Basic Average Shares": "766,999", "Diluted Average Shares": "771,833", "Total Expenses": "77,005,000", "Net Income from Continuing & Discontinued Operation": "3,844,000", "Normalized Income": "6,683,352", "Interest Income": "210,000", "Interest Expense": "1,504,000", "Net Interest Income": "-1,294,000", "EBIT": "6,997,000", "EBITDA": "-", "Reconciled Cost of Revenue": "61,318,000", "Reconciled Depreciation": "5,918,000", "Net Income from Continuing Operation Net Minority Interest": "3,849,000", "Total Unusual Items Excluding Goodwill": "-3,888,000", "Total Unusual Items": "-3,888,000", "Normalized EBITDA": "16,803,000", "Tax Rate for Calcs": "0", "Tax Effect of Unusual Items": "-1,053,648"}}, "bs": {"12/31/2020": {"Duration": "12/31/2020", "Total Assets": "70,904,000", "Total Liabilities Net Minority Interest": "31,834,000", "Total Equity Gross Minority Interest": "39,070,000", "Total Capitalization": "60,310,000", "Common Stock Equity": "38,504,000", "Net Tangible Assets": "-2,884,000", "Working Capital": "6,178,000", "Invested Capital": "60,315,000", "Tangible Book Value": "-2,884,000", "Total Debt": "21,811,000", "Net Debt": "19,267,000", "Share Issued": "734,204", "Ordinary Shares Number": "734,204", "Treasury Shares Number": "-"}, "12/31/2019": {"Duration": "12/31/2019", "Total Assets": "69,396,000", "Total Liabilities Net Minority Interest": "27,840,000", "Total Equity Gross Minority Interest": "41,556,000", "Total Capitalization": "54,604,000", "Common Stock Equity": "40,987,000", "Net Tangible Assets": "-5,757,000", "Working Capital": "1,653,000", "Invested Capital": "58,434,000", "Tangible Book Value": "-5,757,000", "Total Debt": "17,447,000", "Net Debt": "15,907,000", "Share Issued": "738,565", "Ordinary Shares Number": "738,565", "Treasury Shares Number": "-"}, "12/31/2018": {"Duration": "12/31/2018", "Total Assets": "188,030,000", "Total Liabilities Net Minority Interest": "91,851,000", "Total Equity Gross Minority Interest": "96,179,000", "Total Capitalization": "132,233,000", "Common Stock Equity": "94,571,000", "Net Tangible Assets": "4,574,000", "Working Capital": "24,888,000", "Invested Capital": "135,035,000", "Tangible Book Value": "4,574,000", "Total Debt": "40,464,000", "Net Debt": "26,982,000", "Share Issued": "784,143", "Ordinary Shares Number": "756,326", "Treasury Shares Number": "27,818"}}, "cf": {"TTM": {"Duration": "TTM", "Operating Cash Flow": "4,095,000", "Investing Cash Flow": "-202,000", "Financing Cash Flow": "3,238,000", "End Cash Position": "8,775,000", "Income Tax Paid Supplemental Data": "495,000", "Interest Paid Supplemental Data": "647,000", "Capital Expenditure": "-1,264,000", "Issuance of Capital Stock": "57,000", "Issuance of Debt": "8,275,000", "Repayment of Debt": "-2,031,000", "Repurchase of Capital Stock": "-232,000", "Free Cash Flow": "2,831,000"}, "12/31/2020": {"Duration": "12/31/2020", "Operating Cash Flow": "4,095,000", "Investing Cash Flow": "-202,000", "Financing Cash Flow": "3,238,000", "End Cash Position": "8,775,000", "Income Tax Paid Supplemental Data": "495,000", "Interest Paid Supplemental Data": "647,000", "Capital Expenditure": "-1,264,000", "Issuance of Capital Stock": "57,000", "Issuance of Debt": "8,275,000", "Repayment of Debt": "-2,031,000", "Repurchase of Capital Stock": "-232,000", "Free Cash Flow": "2,831,000"}, "12/31/2019": {"Duration": "12/31/2019", "Operating Cash Flow": "1,409,000", "Investing Cash Flow": "-2,313,000", "Financing Cash Flow": "-11,550,000", "End Cash Position": "1,577,000", "Income Tax Paid Supplemental Data": "722,000", "Interest Paid Supplemental Data": "969,000", "Capital Expenditure": "-2,677,000", "Issuance of Capital Stock": "85,000", "Issuance of Debt": "4,005,000", "Repayment of Debt": "-6,900,000", "Repurchase of Capital Stock": "-2,329,000", "Free Cash Flow": "-1,268,000"}, "12/31/2018": {"Duration": "12/31/2018", "Operating Cash Flow": "4,731,000", "Investing Cash Flow": "-2,462,000", "Financing Cash Flow": "-1,918,000", "End Cash Position": "13,482,000", "Income Tax Paid Supplemental Data": "2,199,000", "Interest Paid Supplemental Data": "2,116,000", "Capital Expenditure": "-3,971,000", "Issuance of Capital Stock": "197,000", "Issuance of Debt": "15,455,000", "Repayment of Debt": "-9,009,000", "Repurchase of Capital Stock": "-4,421,000", "Free Cash Flow": "760,000"}}}}, {"AGU": {"quote": {"05/12/2021": {"value": "", "Net Assets": "N/A", "Beta (5Y Monthly)": "N/A", "Yield": "N/A", "5y Average Return": "N/A", "Holdings Turnover": "N/A", "Last Dividend": "N/A", "Average for Category": "N/A", "Inception Date": "N/A"}}, "fin": {}, "bs": {}, "cf": {}}}, {"SYT": {"quote": {"05/12/2021": {"value": "", "Net Assets": "N/A", "Beta (5Y Monthly)": "N/A", "Yield": "N/A", "5y Average Return": "N/A", "Holdings Turnover": "N/A", "Last Dividend": "N/A", "Average for Category": "N/A", "Inception Date": "N/A"}}, "fin": {}, "bs": {}, "cf": {}}}, {"AVD": {"quote": {"05/12/2021": {"value": "19.21", "Market Cap": "592.231M", "Beta (5Y Monthly)": "0.85", "PE Ratio (TTM)": "32.61", "EPS (TTM)": "0.59", "Earnings Date": "Aug 04, 2021 - Aug 09, 2021", "Forward Dividend & Yield": "0.08 (0.41%)", "Ex-Dividend Date": "Mar 24, 2021", "1y Target Est": "23.50"}}, "fin": {"TTM": {"Duration": "TTM", "Total Revenue": "458,704", "Cost of Revenue": "286,114", "Gross Profit": "172,590", "Operating Expense": "154,339", "Operating Income": "18,251", "Net Non Operating Interest Income Expense": "-5,178", "Other Income Expense": "5,374", "Pretax Income": "18,447", "Tax Provision": "3,080", "Earnings from Equity Interest Net of Tax": "-125", "Net Income Common Stockholders": "15,242", "Diluted NI Available to Com Stockholders": "15,242", "Basic EPS": "-", "Diluted EPS": "-", "Basic Average Shares": "-", "Diluted Average Shares": "-", "Total Operating Income as Reported": "22,908", "Total Expenses": "440,453", "Net Income from Continuing & Discontinued Operation": "15,242", "Normalized Income": "11,363", "Interest Income": "89", "Interest Expense": "4,944", "Net Interest Income": "-5,178", "EBIT": "23,391", "EBITDA": "43,293", "Reconciled Cost of Revenue": "286,114", "Reconciled Depreciation": "19,902", "Net Income from Continuing Operation Net Minority Interest": "15,242", "Total Unusual Items Excluding Goodwill": "4,657", "Total Unusual Items": "4,657", "Normalized EBITDA": "38,636", "Tax Rate for Calcs": "0", "Tax Effect of Unusual Items": "777.719"}, "12/31/2020": {"Duration": "12/31/2020", "Total Revenue": "458,704", "Cost of Revenue": "286,114", "Gross Profit": "172,590", "Operating Expense": "154,339", "Operating Income": "18,251", "Net Non Operating Interest Income Expense": "-5,178", "Other Income Expense": "5,374", "Pretax Income": "18,447", "Tax Provision": "3,080", "Earnings from Equity Interest Net of Tax": "-125", "Net Income Common Stockholders": "15,242", "Diluted NI Available to Com Stockholders": "15,242", "Basic EPS": "0.52", "Diluted EPS": "0.51", "Basic Average Shares": "29,450", "Diluted Average Shares": "29,993", "Total Operating Income as Reported": "22,908", "Total Expenses": "440,453", "Net Income from Continuing & Discontinued Operation": "15,242", "Normalized Income": "11,363", "Interest Income": "89", "Interest Expense": "4,944", "Net Interest Income": "-5,178", "EBIT": "23,391", "EBITDA": "-", "Reconciled Cost of Revenue": "286,114", "Reconciled Depreciation": "19,902", "Net Income from Continuing Operation Net Minority Interest": "15,242", "Total Unusual Items Excluding Goodwill": "4,657", "Total Unusual Items": "4,657", "Normalized EBITDA": "38,636", "Tax Rate for Calcs": "0", "Tax Effect of Unusual Items": "777.719"}, "12/31/2019": {"Duration": "12/31/2019", "Total Revenue": "468,186", "Cost of Revenue": "290,832", "Gross Profit": "177,354", "Operating Expense": "151,133", "Operating Income": "26,221", "Net Non Operating Interest Income Expense": "-7,209", "Other Income Expense": "-149", "Pretax Income": "19,012", "Tax Provision": "5,202", "Earnings from Equity Interest Net of Tax": "-209", "Net Income Common Stockholders": "13,601", "Diluted NI Available to Com Stockholders": "13,601", "Basic EPS": "0.47", "Diluted EPS": "0.46", "Basic Average Shares": "29,030", "Diluted Average Shares": "29,656", "Total Operating Income as Reported": "26,221", "Total Expenses": "441,965", "Net Income from Continuing & Discontinued Operation": "13,601", "Normalized Income": "13,601", "Interest Income": "182", "Interest Expense": "6,708", "Net Interest Income": "-7,209", "EBIT": "25,720", "EBITDA": "-", "Reconciled Cost of Revenue": "290,832", "Reconciled Depreciation": "18,643", "Net Income from Continuing Operation Net Minority Interest": "13,601", "Total Unusual Items Excluding Goodwill": "-", "Total Unusual Items": "-", "Normalized EBITDA": "44,363", "Tax Rate for Calcs": "0", "Tax Effect of Unusual Items": "0"}, "12/31/2018": {"Duration": "12/31/2018", "Total Revenue": "454,272", "Cost of Revenue": "271,641", "Gross Profit": "182,631", "Operating Expense": "143,610", "Operating Income": "39,021", "Net Non Operating Interest Income Expense": "-4,024", "Other Income Expense": "-1,401", "Pretax Income": "33,596", "Tax Provision": "9,145", "Earnings from Equity Interest Net of Tax": "-389", "Net Income Common Stockholders": "24,195", "Diluted NI Available to Com Stockholders": "24,195", "Basic EPS": "0.83", "Diluted EPS": "0.81", "Basic Average Shares": "29,326", "Diluted Average Shares": "30,048", "Total Operating Income as Reported": "39,021", "Total Expenses": "415,251", "Net Income from Continuing & Discontinued Operation": "24,195", "Normalized Income": "25,215", "Interest Income": "174", "Interest Expense": "3,568", "Net Interest Income": "-4,024", "EBIT": "37,164", "EBITDA": "-", "Reconciled Cost of Revenue": "271,641", "Reconciled Depreciation": "18,891", "Net Income from Continuing Operation Net Minority Interest": "24,195", "Total Unusual Items Excluding Goodwill": "-1,401", "Total Unusual Items": "-1,401", "Normalized EBITDA": "57,456", "Tax Rate for Calcs": "0", "Tax Effect of Unusual Items": "-381.072"}}, "bs": {"12/31/2020": {"Duration": "12/31/2020", "Total Assets": "680,293", "Total Liabilities Net Minority Interest": "319,557", "Total Equity Gross Minority Interest": "360,736", "Total Capitalization": "468,178", "Common Stock Equity": "360,736", "Capital Lease Obligations": "12,365", "Net Tangible Assets": "111,114", "Working Capital": "160,401", "Invested Capital": "468,178", "Tangible Book Value": "111,114", "Total Debt": "119,807", "Net Debt": "91,519", "Share Issued": "33,922", "Ordinary Shares Number": "30,861", "Treasury Shares Number": "3,061"}, "12/31/2019": {"Duration": "12/31/2019", "Total Assets": "670,098", "Total Liabilities Net Minority Interest": "325,942", "Total Equity Gross Minority Interest": "344,156", "Total Capitalization": "492,922", "Common Stock Equity": "344,156", "Capital Lease Obligations": "11,407", "Net Tangible Assets": "99,222", "Working Capital": "197,561", "Invested Capital": "492,922", "Tangible Book Value": "99,222", "Total Debt": "160,173", "Net Debt": "142,185", "Share Issued": "33,234", "Ordinary Shares Number": "30,173", "Treasury Shares Number": "3,061"}, "12/31/2018": {"Duration": "12/31/2018", "Total Assets": "593,587", "Total Liabilities Net Minority Interest": "264,357", "Total Equity Gross Minority Interest": "329,230", "Total Capitalization": "425,901", "Common Stock Equity": "329,230", "Capital Lease Obligations": "-", "Net Tangible Assets": "116,857", "Working Capital": "164,660", "Invested Capital": "425,901", "Tangible Book Value": "116,857", "Total Debt": "96,671", "Net Debt": "90,503", "Share Issued": "32,753", "Ordinary Shares Number": "29,850", "Treasury Shares Number": "2,903"}}, "cf": {"TTM": {"Duration": "TTM", "Operating Cash Flow": "89,198", "Investing Cash Flow": "-35,795", "Financing Cash Flow": "-43,213", "End Cash Position": "15,923", "Income Tax Paid Supplemental Data": "-3,881", "Interest Paid Supplemental Data": "-5,313", "Capital Expenditure": "-15,263", "Issuance of Debt": "-", "Repayment of Debt": "-41,623", "Repurchase of Capital Stock": "-421", "Free Cash Flow": "73,935"}, "12/31/2020": {"Duration": "12/31/2020", "Operating Cash Flow": "89,198", "Investing Cash Flow": "-35,795", "Financing Cash Flow": "-43,213", "End Cash Position": "15,923", "Income Tax Paid Supplemental Data": "-3,881", "Interest Paid Supplemental Data": "-5,313", "Capital Expenditure": "-15,263", "Issuance of Debt": "-", "Repayment of Debt": "-41,623", "Repurchase of Capital Stock": "-421", "Free Cash Flow": "73,935"}, "12/31/2019": {"Duration": "12/31/2019", "Operating Cash Flow": "9,403", "Investing Cash Flow": "-54,837", "Financing Cash Flow": "46,406", "End Cash Position": "6,581", "Income Tax Paid Supplemental Data": "9,276", "Interest Paid Supplemental Data": "7,121", "Capital Expenditure": "-12,985", "Issuance of Debt": "51,900", "Repayment of Debt": "-", "Repurchase of Capital Stock": "-2,604", "Free Cash Flow": "-3,582"}, "12/31/2018": {"Duration": "12/31/2018", "Operating Cash Flow": "11,346", "Investing Cash Flow": "-27,697", "Financing Cash Flow": "11,133", "End Cash Position": "6,168", "Income Tax Paid Supplemental Data": "8,449", "Interest Paid Supplemental Data": "3,319", "Capital Expenditure": "-27,697", "Issuance of Debt": "136,300", "Repayment of Debt": "-117,325", "Repurchase of Capital Stock": "-7,287", "Free Cash Flow": "-16,351"}}}}, {"CGA": {"quote": {"05/12/2021": {"value": "17.18", "Market Cap": "143.455M", "Beta (5Y Monthly)": "1.18", "PE Ratio (TTM)": "N/A", "EPS (TTM)": "-27.51", "Earnings Date": "Feb 12, 2018 - Feb 16, 2018", "Forward Dividend & Yield": "N/A (N/A)", "Ex-Dividend Date": "Oct 29, 2014", "1y Target Est": "N/A"}}, "fin": {"TTM": {"Duration": "TTM", "Total Revenue": "241,356", "Cost of Revenue": "201,850", "Gross Profit": "39,507", "Operating Expense": "206,875", "Operating Income": "-167,368", "Net Non Operating Interest Income Expense": "-150.021", "Other Income Expense": "-58.354", "Pretax Income": "-167,577", "Tax Provision": "5,768", "Net Income Common Stockholders": "-173,345", "Diluted NI Available to Com Stockholders": "-173,345", "Basic EPS": "-", "Diluted EPS": "-", "Basic Average Shares": "-", "Diluted Average Shares": "-", "Total Operating Income as Reported": "-167,368", "Total Expenses": "408,725", "Net Income from Continuing & Discontinued Operation": "-173,345", "Normalized Income": "-173,345", "Interest Income": "113.305", "Interest Expense": "263.326", "Net Interest Income": "-150.021", "EBIT": "-167,313", "EBITDA": "-163,118", "Reconciled Cost of Revenue": "201,850", "Reconciled Depreciation": "4,196", "Net Income from Continuing Operation Net Minority Interest": "-173,345", "Total Unusual Items Excluding Goodwill": "-", "Total Unusual Items": "-", "Normalized EBITDA": "-163,118", "Tax Rate for Calcs": "0", "Tax Effect of Unusual Items": "0"}, "6/30/2020": {"Duration": "6/30/2020", "Total Revenue": "249,243", "Cost of Revenue": "204,493", "Gross Profit": "44,751", "Operating Expense": "178,923", "Operating Income": "-134,172", "Net Non Operating Interest Income Expense": "-127.272", "Other Income Expense": "-107.579", "Pretax Income": "-134,407", "Tax Provision": "2,345", "Net Income Common Stockholders": "-136,752", "Diluted NI Available to Com Stockholders": "-136,752", "Basic EPS": "-24.33", "Diluted EPS": "-24.33", "Basic Average Shares": "5,620", "Diluted Average Shares": "5,620", "Total Operating Income as Reported": "-134,172", "Total Expenses": "383,416", "Net Income from Continuing & Discontinued Operation": "-136,752", "Normalized Income": "-136,752", "Interest Income": "176.799", "Interest Expense": "304.071", "Net Interest Income": "-127.272", "EBIT": "-134,103", "EBITDA": "-", "Reconciled Cost of Revenue": "204,493", "Reconciled Depreciation": "4,698", "Net Income from Continuing Operation Net Minority Interest": "-136,752", "Total Unusual Items Excluding Goodwill": "-", "Total Unusual Items": "-", "Normalized EBITDA": "-129,405", "Tax Rate for Calcs": "0", "Tax Effect of Unusual Items": "0"}, "6/30/2019": {"Duration": "6/30/2019", "Total Revenue": "294,321", "Cost of Revenue": "229,678", "Gross Profit": "64,643", "Operating Expense": "45,838", "Operating Income": "18,805", "Net Non Operating Interest Income Expense": "-273.48", "Other Income Expense": "-443.533", "Pretax Income": "18,088", "Tax Provision": "6,497", "Net Income Common Stockholders": "11,590", "Diluted NI Available to Com Stockholders": "11,590", "Basic EPS": "3.42", "Diluted EPS": "3.42", "Basic Average Shares": "3,389", "Diluted Average Shares": "3,389", "Total Operating Income as Reported": "18,805", "Total Expenses": "275,516", "Net Income from Continuing & Discontinued Operation": "11,590", "Normalized Income": "11,590", "Interest Income": "321.645", "Interest Expense": "595.125", "Net Interest Income": "-273.48", "EBIT": "18,683", "EBITDA": "-", "Reconciled Cost of Revenue": "229,678", "Reconciled Depreciation": "4,921", "Net Income from Continuing Operation Net Minority Interest": "11,590", "Total Unusual Items Excluding Goodwill": "0", "Total Unusual Items": "0", "Normalized EBITDA": "23,604", "Tax Rate for Calcs": "0", "Tax Effect of Unusual Items": "0"}, "6/30/2018": {"Duration": "6/30/2018", "Total Revenue": "287,054", "Cost of Revenue": "212,945", "Gross Profit": "74,109", "Operating Expense": "44,307", "Operating Income": "29,802", "Net Non Operating Interest Income Expense": "-89.423", "Other Income Expense": "-831.856", "Pretax Income": "28,881", "Tax Provision": "35,852", "Net Income Common Stockholders": "-6,931", "Diluted NI Available to Com Stockholders": "-6,931", "Basic EPS": "-2.16", "Diluted EPS": "-2.16", "Basic Average Shares": "3,219", "Diluted Average Shares": "3,219", "Total Operating Income as Reported": "29,802", "Total Expenses": "257,252", "Net Income from Continuing & Discontinued Operation": "-6,931", "Normalized Income": "-6,723", "Interest Income": "502.73", "Interest Expense": "592.153", "Net Interest Income": "-89.423", "EBIT": "29,473", "EBITDA": "-", "Reconciled Cost of Revenue": "212,945", "Reconciled Depreciation": "6,201", "Net Income from Continuing Operation Net Minority Interest": "-6,972", "Total Unusual Items Excluding Goodwill": "-331.995", "Total Unusual Items": "-331.995", "Normalized EBITDA": "36,005", "Tax Rate for Calcs": "0", "Tax Effect of Unusual Items": "-82.9988"}}, "bs": {"6/30/2020": {"Duration": "6/30/2020", "Total Assets": "342,128", "Total Liabilities Net Minority Interest": "79,322", "Total Equity Gross Minority Interest": "262,806", "Total Capitalization": "262,806", "Common Stock Equity": "262,806", "Net Tangible Assets": "240,009", "Working Capital": "205,877", "Invested Capital": "270,556", "Tangible Book Value": "240,009", "Total Debt": "7,750", "Share Issued": "6,350", "Ordinary Shares Number": "6,350"}, "6/30/2019": {"Duration": "6/30/2019", "Total Assets": "481,000", "Total Liabilities Net Minority Interest": "84,445", "Total Equity Gross Minority Interest": "396,556", "Total Capitalization": "404,073", "Common Stock Equity": "396,556", "Net Tangible Assets": "370,800", "Working Capital": "338,027", "Invested Capital": "411,355", "Tangible Book Value": "370,800", "Total Debt": "14,799", "Share Issued": "3,987", "Ordinary Shares Number": "3,987"}, "6/30/2018": {"Duration": "6/30/2018", "Total Assets": "482,986", "Total Liabilities Net Minority Interest": "90,438", "Total Equity Gross Minority Interest": "392,548", "Total Capitalization": "399,920", "Common Stock Equity": "392,548", "Net Tangible Assets": "364,067", "Working Capital": "324,360", "Invested Capital": "407,918", "Tangible Book Value": "364,067", "Total Debt": "15,370", "Share Issued": "3,241", "Ordinary Shares Number": "3,241"}}, "cf": {"TTM": {"Duration": "TTM", "Operating Cash Flow": "-70,359", "Investing Cash Flow": "-259.24", "Financing Cash Flow": "-881.935", "End Cash Position": "7,206", "Income Tax Paid Supplemental Data": "3,020", "Interest Paid Supplemental Data": "359.731", "Capital Expenditure": "-259.24", "Issuance of Capital Stock": "18,522", "Issuance of Debt": "3,556", "Repayment of Debt": "-4,367", "Free Cash Flow": "-70,619"}, "6/30/2020": {"Duration": "6/30/2020", "Operating Cash Flow": "-66,196", "Investing Cash Flow": "-97.483", "Financing Cash Flow": "9,751", "End Cash Position": "11,935", "Income Tax Paid Supplemental Data": "2,890", "Interest Paid Supplemental Data": "304.071", "Capital Expenditure": "-97.483", "Issuance of Capital Stock": "10,252", "Issuance of Debt": "3,538", "Repayment of Debt": "-4,638", "Free Cash Flow": "-66,294"}, "6/30/2019": {"Duration": "6/30/2019", "Operating Cash Flow": "-71,411", "Investing Cash Flow": "-47.395", "Financing Cash Flow": "7,762", "End Cash Position": "72,260", "Income Tax Paid Supplemental Data": "5,130", "Interest Paid Supplemental Data": "318.122", "Capital Expenditure": "-47.395", "Issuance of Capital Stock": "8,270", "Issuance of Debt": "3,640", "Repayment of Debt": "-4,557", "Free Cash Flow": "-71,458"}, "6/30/2018": {"Duration": "6/30/2018", "Operating Cash Flow": "28,138", "Investing Cash Flow": "-63.746", "Financing Cash Flow": "-2,835", "End Cash Position": "150,806", "Income Tax Paid Supplemental Data": "7,228", "Interest Paid Supplemental Data": "303.651", "Capital Expenditure": "-55.473", "Issuance of Capital Stock": "-", "Issuance of Debt": "3,130", "Repayment of Debt": "-6,179", "Free Cash Flow": "28,082"}}}}, {"RKDA": {"quote": {"05/12/2021": {"value": "2.5008", "Market Cap": "53.358M", "Beta (5Y Monthly)": "-0.77", "PE Ratio (TTM)": "N/A", "EPS (TTM)": "-0.4670", "Earnings Date": "Aug 11, 2021 - Aug 16, 2021", "Forward Dividend & Yield": "N/A (N/A)", "Ex-Dividend Date": "N/A", "1y Target Est": "6.45"}}, "fin": {"TTM": {"Duration": "TTM", "Total Revenue": "8,034", "Cost of Revenue": "5,199", "Gross Profit": "2,835", "Operating Expense": "24,427", "Operating Income": "-21,592", "Net Non Operating Interest Income Expense": "-47", "Other Income Expense": "15,489", "Pretax Income": "-6,150", "Tax Provision": "-124", "Net Income Common Stockholders": "-4,655", "Diluted NI Available to Com Stockholders": "-4,655", "Basic EPS": "-", "Diluted EPS": "-", "Basic Average Shares": "-", "Diluted Average Shares": "-", "Total Operating Income as Reported": "-12,778", "Total Expenses": "29,626", "Net Income from Continuing & Discontinued Operation": "-4,655", "Normalized Income": "-19,747", "Interest Expense": "47", "Net Interest Income": "-47", "EBIT": "-6,103", "EBITDA": "-5,441", "Reconciled Cost of Revenue": "5,199", "Reconciled Depreciation": "662", "Net Income from Continuing Operation Net Minority Interest": "-4,655", "Total Unusual Items Excluding Goodwill": "15,384", "Total Unusual Items": "15,384", "Normalized EBITDA": "-20,825", "Tax Rate for Calcs": "0", "Tax Effect of Unusual Items": "292.296"}, "12/31/2020": {"Duration": "12/31/2020", "Total Revenue": "8,034", "Cost of Revenue": "5,199", "Gross Profit": "2,835", "Operating Expense": "24,427", "Operating Income": "-21,592", "Net Non Operating Interest Income Expense": "-47", "Other Income Expense": "15,489", "Pretax Income": "-6,150", "Tax Provision": "-124", "Net Income Common Stockholders": "-4,655", "Diluted NI Available to Com Stockholders": "-4,655", "Basic EPS": "-0.47", "Diluted EPS": "-0.47", "Basic Average Shares": "9,959", "Diluted Average Shares": "9,959", "Total Operating Income as Reported": "-12,778", "Total Expenses": "29,626", "Net Income from Continuing & Discontinued Operation": "-4,655", "Normalized Income": "-19,747", "Interest Expense": "47", "Net Interest Income": "-47", "EBIT": "-6,103", "EBITDA": "-", "Reconciled Cost of Revenue": "5,199", "Reconciled Depreciation": "662", "Net Income from Continuing Operation Net Minority Interest": "-4,655", "Total Unusual Items Excluding Goodwill": "15,384", "Total Unusual Items": "15,384", "Normalized EBITDA": "-20,825", "Tax Rate for Calcs": "0", "Tax Effect of Unusual Items": "292.296"}, "12/31/2019": {"Duration": "12/31/2019", "Total Revenue": "1,169", "Cost of Revenue": "885", "Gross Profit": "284", "Operating Expense": "20,665", "Operating Income": "-20,381", "Net Non Operating Interest Income Expense": "-713", "Other Income Expense": "-7,777", "Pretax Income": "-28,871", "Tax Provision": "2", "Net Income Common Stockholders": "-28,805", "Diluted NI Available to Com Stockholders": "-28,805", "Basic EPS": "-4.53", "Diluted EPS": "-4.53", "Basic Average Shares": "6,363", "Diluted Average Shares": "6,363", "Total Operating Income as Reported": "-19,381", "Total Expenses": "21,550", "Net Income from Continuing & Discontinued Operation": "-28,805", "Normalized Income": "-22,058", "Interest Expense": "5", "Net Interest Income": "-713", "EBIT": "-28,866", "EBITDA": "-", "Reconciled Cost of Revenue": "885", "Reconciled Depreciation": "194", "Net Income from Continuing Operation Net Minority Interest": "-28,805", "Total Unusual Items Excluding Goodwill": "-9,243", "Total Unusual Items": "-9,243", "Normalized EBITDA": "-19,429", "Tax Rate for Calcs": "0", "Tax Effect of Unusual Items": "-2,496"}, "12/31/2018": {"Duration": "12/31/2018", "Total Revenue": "1,464", "Cost of Revenue": "661", "Gross Profit": "803", "Operating Expense": "17,673", "Operating Income": "-16,870", "Net Non Operating Interest Income Expense": "-2,555", "Other Income Expense": "5,955", "Pretax Income": "-13,470", "Tax Provision": "10", "Net Income Common Stockholders": "-13,480", "Diluted NI Available to Com Stockholders": "-13,480", "Basic EPS": "-3.58", "Diluted EPS": "-3.58", "Basic Average Shares": "3,766", "Diluted Average Shares": "3,766", "Total Operating Income as Reported": "-16,870", "Total Expenses": "18,334", "Net Income from Continuing & Discontinued Operation": "-13,480", "Normalized Income": "-20,460", "Interest Expense": "0", "Net Interest Income": "-2,555", "EBIT": "-13,470", "EBITDA": "-", "Reconciled Cost of Revenue": "661", "Reconciled Depreciation": "154", "Net Income from Continuing Operation Net Minority Interest": "-13,480", "Total Unusual Items Excluding Goodwill": "9,561", "Total Unusual Items": "9,561", "Normalized EBITDA": "-22,877", "Tax Rate for Calcs": "0", "Tax Effect of Unusual Items": "2,581"}}, "bs": {"12/31/2020": {"Duration": "12/31/2020", "Total Assets": "47,348", "Total Liabilities Net Minority Interest": "18,796", "Total Equity Gross Minority Interest": "28,552", "Total Capitalization": "29,830", "Common Stock Equity": "27,725", "Capital Lease Obligations": "6,106", "Net Tangible Assets": "26,947", "Working Capital": "25,382", "Invested Capital": "30,971", "Tangible Book Value": "26,947", "Total Debt": "9,352", "Share Issued": "13,451", "Ordinary Shares Number": "13,451"}, "12/31/2019": {"Duration": "12/31/2019", "Total Assets": "32,574", "Total Liabilities Net Minority Interest": "24,248", "Total Equity Gross Minority Interest": "8,326", "Total Capitalization": "7,812", "Common Stock Equity": "7,705", "Capital Lease Obligations": "2,108", "Net Tangible Assets": "7,705", "Working Capital": "22,732", "Invested Capital": "7,836", "Tangible Book Value": "7,705", "Total Debt": "2,239", "Share Issued": "8,646", "Ordinary Shares Number": "8,646"}, "12/31/2018": {"Duration": "12/31/2018", "Total Assets": "24,024", "Total Liabilities Net Minority Interest": "11,209", "Total Equity Gross Minority Interest": "12,815", "Total Capitalization": "12,815", "Common Stock Equity": "12,815", "Capital Lease Obligations": "-", "Net Tangible Assets": "12,815", "Working Capital": "19,822", "Invested Capital": "12,815", "Tangible Book Value": "12,815", "Total Debt": "-", "Share Issued": "4,775", "Ordinary Shares Number": "4,775"}}, "cf": {"TTM": {"Duration": "TTM", "Operating Cash Flow": "-30,218", "Investing Cash Flow": "17,284", "Financing Cash Flow": "20,560", "End Cash Position": "16,043", "Income Tax Paid Supplemental Data": "1", "Interest Paid Supplemental Data": "10", "Capital Expenditure": "-2,335", "Issuance of Capital Stock": "8,000", "Issuance of Debt": "3,108", "Repayment of Debt": "-34", "Free Cash Flow": "-32,553"}, "12/31/2020": {"Duration": "12/31/2020", "Operating Cash Flow": "-30,218", "Investing Cash Flow": "17,284", "Financing Cash Flow": "20,560", "End Cash Position": "16,043", "Income Tax Paid Supplemental Data": "1", "Interest Paid Supplemental Data": "10", "Capital Expenditure": "-2,335", "Issuance of Capital Stock": "8,000", "Issuance of Debt": "3,108", "Repayment of Debt": "-34", "Free Cash Flow": "-32,553"}, "12/31/2019": {"Duration": "12/31/2019", "Operating Cash Flow": "-17,198", "Investing Cash Flow": "-8,369", "Financing Cash Flow": "21,986", "End Cash Position": "8,417", "Income Tax Paid Supplemental Data": "2", "Interest Paid Supplemental Data": "4", "Capital Expenditure": "-1,477", "Issuance of Capital Stock": "17,500", "Issuance of Debt": "-", "Repayment of Debt": "-8", "Free Cash Flow": "-18,675"}, "12/31/2018": {"Duration": "12/31/2018", "Operating Cash Flow": "-13,631", "Investing Cash Flow": "-5,975", "Financing Cash Flow": "22,479", "End Cash Position": "11,998", "Income Tax Paid Supplemental Data": "34", "Interest Paid Supplemental Data": "0", "Capital Expenditure": "-250", "Issuance of Capital Stock": "24,000", "Issuance of Debt": "-", "Repayment of Debt": "0", "Free Cash Flow": "-13,881"}}}}, {"MBII": {"quote": {"05/12/2021": {"value": "1.5300", "Market Cap": "268.191M", "Beta (5Y Monthly)": "0.14", "PE Ratio (TTM)": "N/A", "EPS (TTM)": "-0.1350", "Earnings Date": "May 13, 2021", "Forward Dividend & Yield": "N/A (N/A)", "Ex-Dividend Date": "N/A", "1y Target Est": "3.23"}}, "fin": {"TTM": {"Duration": "TTM", "Total Revenue": "38,374", "Cost of Revenue": "15,505", "Gross Profit": "22,869", "Operating Expense": "40,064", "Operating Income": "-17,195", "Net Non Operating Interest Income Expense": "-1,443", "Other Income Expense": "-1,501", "Pretax Income": "-20,139", "Tax Provision": "29", "Net Income Common Stockholders": "-20,168", "Diluted NI Available to Com Stockholders": "-20,168", "Basic EPS": "-", "Diluted EPS": "-", "Basic Average Shares": "-", "Diluted Average Shares": "-", "Total Operating Income as Reported": "-17,195", "Total Expenses": "55,569", "Net Income from Continuing & Discontinued Operation": "-20,168", "Normalized Income": "-18,260", "Interest Income": "-", "Interest Expense": "1,443", "Net Interest Income": "-1,443", "EBIT": "-18,696", "EBITDA": "-14,331", "Reconciled Cost of Revenue": "15,505", "Reconciled Depreciation": "4,365", "Net Income from Continuing Operation Net Minority Interest": "-20,168", "Total Unusual Items Excluding Goodwill": "-1,908", "Total Unusual Items": "-1,908", "Normalized EBITDA": "-12,423", "Tax Rate for Calcs": "0", "Tax Effect of Unusual Items": "0"}, "12/31/2020": {"Duration": "12/31/2020", "Total Revenue": "38,374", "Cost of Revenue": "15,505", "Gross Profit": "22,869", "Operating Expense": "40,064", "Operating Income": "-17,195", "Net Non Operating Interest Income Expense": "-1,443", "Other Income Expense": "-1,501", "Pretax Income": "-20,139", "Tax Provision": "29", "Net Income Common Stockholders": "-20,168", "Diluted NI Available to Com Stockholders": "-20,168", "Basic EPS": "-", "Diluted EPS": "-", "Basic Average Shares": "-", "Diluted Average Shares": "-", "Total Operating Income as Reported": "-17,195", "Total Expenses": "55,569", "Net Income from Continuing & Discontinued Operation": "-20,168", "Normalized Income": "-18,260", "Interest Income": "-", "Interest Expense": "1,443", "Net Interest Income": "-1,443", "EBIT": "-18,696", "EBITDA": "-", "Reconciled Cost of Revenue": "15,505", "Reconciled Depreciation": "4,365", "Net Income from Continuing Operation Net Minority Interest": "-20,168", "Total Unusual Items Excluding Goodwill": "-1,908", "Total Unusual Items": "-1,908", "Normalized EBITDA": "-12,423", "Tax Rate for Calcs": "0", "Tax Effect of Unusual Items": "0"}, "12/31/2019": {"Duration": "12/31/2019", "Total Revenue": "29,373", "Cost of Revenue": "13,260", "Gross Profit": "16,113", "Operating Expense": "44,098", "Operating Income": "-27,985", "Net Non Operating Interest Income Expense": "-1,474", "Other Income Expense": "-7,716", "Pretax Income": "-37,175", "Tax Provision": "15", "Net Income Common Stockholders": "-37,175", "Diluted NI Available to Com Stockholders": "-37,175", "Basic EPS": "-0.32", "Diluted EPS": "-0.32", "Basic Average Shares": "117,982", "Diluted Average Shares": "117,982", "Total Operating Income as Reported": "-27,985", "Total Expenses": "57,358", "Net Income from Continuing & Discontinued Operation": "-37,175", "Normalized Income": "-29,204", "Interest Income": "-", "Interest Expense": "1,474", "Net Interest Income": "-1,474", "EBIT": "-35,701", "EBITDA": "-", "Reconciled Cost of Revenue": "13,260", "Reconciled Depreciation": "3,154", "Net Income from Continuing Operation Net Minority Interest": "-37,175", "Total Unusual Items Excluding Goodwill": "-7,971", "Total Unusual Items": "-7,971", "Normalized EBITDA": "-24,576", "Tax Rate for Calcs": "0", "Tax Effect of Unusual Items": "0"}, "12/31/2018": {"Duration": "12/31/2018", "Total Revenue": "21,220", "Cost of Revenue": "10,907", "Gross Profit": "10,313", "Operating Expense": "29,817", "Operating Income": "-19,504", "Net Non Operating Interest Income Expense": "-2,508", "Other Income Expense": "1,799", "Pretax Income": "-20,213", "Tax Provision": "-", "Net Income Common Stockholders": "-20,213", "Diluted NI Available to Com Stockholders": "-20,213", "Basic EPS": "-0.20", "Diluted EPS": "-0.20", "Basic Average Shares": "101,248", "Diluted Average Shares": "101,248", "Total Operating Income as Reported": "-19,504", "Total Expenses": "40,724", "Net Income from Continuing & Discontinued Operation": "-20,213", "Normalized Income": "-22,023", "Interest Income": "-", "Interest Expense": "2,508", "Net Interest Income": "-2,508", "EBIT": "-17,705", "EBITDA": "-", "Reconciled Cost of Revenue": "10,907", "Reconciled Depreciation": "1,890", "Net Income from Continuing Operation Net Minority Interest": "-20,213", "Total Unusual Items Excluding Goodwill": "1,810", "Total Unusual Items": "1,810", "Normalized EBITDA": "-17,625", "Tax Rate for Calcs": "0", "Tax Effect of Unusual Items": "0"}}, "bs": {"12/31/2020": {"Duration": "12/31/2020", "Total Assets": "81,197", "Total Liabilities Net Minority Interest": "49,787", "Total Equity Gross Minority Interest": "31,410", "Total Capitalization": "50,189", "Common Stock Equity": "31,410", "Capital Lease Obligations": "4,058", "Net Tangible Assets": "3,287", "Working Capital": "10,032", "Invested Capital": "59,490", "Tangible Book Value": "3,287", "Total Debt": "32,138", "Net Debt": "12,239", "Share Issued": "167,478", "Ordinary Shares Number": "167,478"}, "12/31/2019": {"Duration": "12/31/2019", "Total Assets": "72,717", "Total Liabilities Net Minority Interest": "49,159", "Total Equity Gross Minority Interest": "23,558", "Total Capitalization": "42,705", "Common Stock Equity": "23,558", "Capital Lease Obligations": "4,883", "Net Tangible Assets": "-7,048", "Working Capital": "631", "Invested Capital": "46,604", "Tangible Book Value": "-7,048", "Total Debt": "27,929", "Net Debt": "16,794", "Share Issued": "139,526", "Ordinary Shares Number": "139,526"}, "12/31/2018": {"Duration": "12/31/2018", "Total Assets": "46,567", "Total Liabilities Net Minority Interest": "33,631", "Total Equity Gross Minority Interest": "12,936", "Total Capitalization": "32,055", "Common Stock Equity": "12,936", "Capital Lease Obligations": "-", "Net Tangible Assets": "12,936", "Working Capital": "18,817", "Invested Capital": "34,373", "Tangible Book Value": "12,936", "Total Debt": "21,437", "Net Debt": "3,216", "Share Issued": "110,691", "Ordinary Shares Number": "110,691"}}, "cf": {"TTM": {"Duration": "TTM", "Operating Cash Flow": "-15,959", "Investing Cash Flow": "-1,797", "Financing Cash Flow": "27,345", "End Cash Position": "17,401", "Interest Paid Supplemental Data": "1,166", "Capital Expenditure": "-559", "Issuance of Capital Stock": "-", "Issuance of Debt": "40,329", "Repayment of Debt": "-35,314", "Free Cash Flow": "-16,518"}, "12/31/2020": {"Duration": "12/31/2020", "Operating Cash Flow": "-15,959", "Investing Cash Flow": "-1,797", "Financing Cash Flow": "27,345", "End Cash Position": "17,401", "Interest Paid Supplemental Data": "1,166", "Capital Expenditure": "-559", "Issuance of Capital Stock": "-", "Issuance of Debt": "40,329", "Repayment of Debt": "-35,314", "Free Cash Flow": "-16,518"}, "12/31/2019": {"Duration": "12/31/2019", "Operating Cash Flow": "-21,339", "Investing Cash Flow": "-6,793", "Financing Cash Flow": "16,163", "End Cash Position": "7,812", "Interest Paid Supplemental Data": "1,175", "Capital Expenditure": "-296", "Issuance of Capital Stock": "0", "Issuance of Debt": "29,517", "Repayment of Debt": "-29,537", "Free Cash Flow": "-21,635"}, "12/31/2018": {"Duration": "12/31/2018", "Operating Cash Flow": "-19,425", "Investing Cash Flow": "-580", "Financing Cash Flow": "36,953", "End Cash Position": "19,781", "Interest Paid Supplemental Data": "2,772", "Capital Expenditure": "-580", "Issuance of Capital Stock": "34,486", "Issuance of Debt": "23,844", "Repayment of Debt": "-21,300", "Free Cash Flow": "-20,005"}}}}, {"KWBT": {"quote": {"05/12/2021": {"value": "0.0141", "Market Cap": "4.315M", "Beta (5Y Monthly)": "1.45", "PE Ratio (TTM)": "N/A", "EPS (TTM)": "-0.2910", "Earnings Date": "Nov 15, 2019", "Forward Dividend & Yield": "N/A (N/A)", "Ex-Dividend Date": "N/A", "1y Target Est": "N/A"}}, "fin": {"TTM": {"Duration": "TTM", "Total Revenue": "40,089", "Cost of Revenue": "30,757", "Gross Profit": "9,332", "Operating Expense": "6,991", "Operating Income": "2,341", "Net Non Operating Interest Income Expense": "-3,944", "Other Income Expense": "-3,373", "Pretax Income": "-4,975", "Tax Provision": "1,660", "Net Income Common Stockholders": "-6,635", "Diluted NI Available to Com Stockholders": "-6,635", "Basic EPS": "-", "Diluted EPS": "-", "Basic Average Shares": "-", "Diluted Average Shares": "-", "Total Operating Income as Reported": "-1,186", "Total Expenses": "37,748", "Net Income from Continuing & Discontinued Operation": "-6,635", "Normalized Income": "-4,146", "Interest Expense": "3,944", "Net Interest Income": "-3,944", "EBIT": "-1,031", "EBITDA": "-983.511", "Reconciled Cost of Revenue": "30,757", "Reconciled Depreciation": "47.953", "Net Income from Continuing Operation Net Minority Interest": "-6,635", "Total Unusual Items Excluding Goodwill": "-3,410", "Total Unusual Items": "-3,410", "Normalized EBITDA": "2,427", "Tax Rate for Calcs": "0", "Tax Effect of Unusual Items": "-920.7521"}, "12/31/2019": {"Duration": "12/31/2019", "Total Revenue": "40,089", "Cost of Revenue": "30,757", "Gross Profit": "9,332", "Operating Expense": "6,991", "Operating Income": "2,341", "Net Non Operating Interest Income Expense": "-3,944", "Other Income Expense": "-3,373", "Pretax Income": "-4,975", "Tax Provision": "1,660", "Net Income Common Stockholders": "-6,635", "Diluted NI Available to Com Stockholders": "-6,635", "Basic EPS": "-", "Diluted EPS": "-", "Basic Average Shares": "-", "Diluted Average Shares": "-", "Total Operating Income as Reported": "-1,186", "Total Expenses": "37,748", "Net Income from Continuing & Discontinued Operation": "-6,635", "Normalized Income": "-4,146", "Interest Expense": "3,944", "Net Interest Income": "-3,944", "EBIT": "-1,031", "EBITDA": "-", "Reconciled Cost of Revenue": "30,757", "Reconciled Depreciation": "47.953", "Net Income from Continuing Operation Net Minority Interest": "-6,635", "Total Unusual Items Excluding Goodwill": "-3,410", "Total Unusual Items": "-3,410", "Normalized EBITDA": "2,427", "Tax Rate for Calcs": "0", "Tax Effect of Unusual Items": "-920.7521"}, "12/31/2018": {"Duration": "12/31/2018", "Total Revenue": "30,650", "Cost of Revenue": "22,392", "Gross Profit": "8,258", "Operating Expense": "5,669", "Operating Income": "2,589", "Net Non Operating Interest Income Expense": "-634.874", "Other Income Expense": "295.571", "Pretax Income": "2,250", "Tax Provision": "1,906", "Net Income Common Stockholders": "343.821", "Diluted NI Available to Com Stockholders": "343.821", "Basic EPS": "0.02", "Diluted EPS": "0.02", "Basic Average Shares": "16,522", "Diluted Average Shares": "16,522", "Total Operating Income as Reported": "2,589", "Total Expenses": "28,061", "Net Income from Continuing & Discontinued Operation": "343.821", "Normalized Income": "127.1891", "Interest Expense": "634.874", "Net Interest Income": "-634.874", "EBIT": "2,885", "EBITDA": "-", "Reconciled Cost of Revenue": "22,392", "Reconciled Depreciation": "27.947", "Net Income from Continuing Operation Net Minority Interest": "343.821", "Total Unusual Items Excluding Goodwill": "296.756", "Total Unusual Items": "296.756", "Normalized EBITDA": "2,616", "Tax Rate for Calcs": "0", "Tax Effect of Unusual Items": "80.1241"}}, "bs": {"12/31/2019": {"Duration": "12/31/2019", "Total Assets": "24,069", "Total Liabilities Net Minority Interest": "14,384", "Total Equity Gross Minority Interest": "9,685", "Total Capitalization": "9,783", "Preferred Stock Equity": "1.311", "Common Stock Equity": "9,684", "Capital Lease Obligations": "57.26", "Net Tangible Assets": "9,685", "Working Capital": "8,581", "Invested Capital": "12,519", "Tangible Book Value": "9,684", "Total Debt": "2,892", "Net Debt": "2,827", "Share Issued": "82,532", "Ordinary Shares Number": "82,532"}, "12/31/2018": {"Duration": "12/31/2018", "Total Assets": "32,511", "Total Liabilities Net Minority Interest": "19,785", "Total Equity Gross Minority Interest": "12,727", "Total Capitalization": "12,727", "Preferred Stock Equity": "1.311", "Common Stock Equity": "12,725", "Capital Lease Obligations": "-", "Net Tangible Assets": "12,727", "Working Capital": "11,906", "Invested Capital": "14,056", "Tangible Book Value": "12,725", "Total Debt": "1,331", "Net Debt": "1,323", "Share Issued": "16,885", "Ordinary Shares Number": "16,885"}}, "cf": {"TTM": {"Duration": "TTM", "Operating Cash Flow": "183.067", "Investing Cash Flow": "-2,071", "Financing Cash Flow": "1,482", "End Cash Position": "7.965", "Income Tax Paid Supplemental Data": "-", "Interest Paid Supplemental Data": "-", "Capital Expenditure": "-", "Issuance of Capital Stock": "176", "Issuance of Debt": "1,628", "Free Cash Flow": "183.067"}, "12/31/2019": {"Duration": "12/31/2019", "Operating Cash Flow": "183.067", "Investing Cash Flow": "-2,071", "Financing Cash Flow": "1,482", "End Cash Position": "7.965", "Income Tax Paid Supplemental Data": "-", "Interest Paid Supplemental Data": "-", "Capital Expenditure": "-", "Issuance of Capital Stock": "176", "Issuance of Debt": "1,628", "Free Cash Flow": "183.067"}, "12/31/2018": {"Duration": "12/31/2018", "Operating Cash Flow": "-1,649", "Investing Cash Flow": "-52.992", "Financing Cash Flow": "559.771", "End Cash Position": "7.859", "Income Tax Paid Supplemental Data": "0", "Interest Paid Supplemental Data": "0", "Capital Expenditure": "-52.992", "Issuance of Capital Stock": "307.6", "Issuance of Debt": "0", "Free Cash Flow": "-1,702"}}}}, {"MOS": {"quote": {"05/12/2021": {"value": "35.29", "Market Cap": "13.403B", "Beta (5Y Monthly)": "1.86", "PE Ratio (TTM)": "13.11", "EPS (TTM)": "2.69", "Earnings Date": "Aug 02, 2021", "Forward Dividend & Yield": "0.20 (0.57%)", "Ex-Dividend Date": "Mar 03, 2021", "1y Target Est": "37.79"}}, "fin": {"TTM": {"Duration": "TTM", "Total Revenue": "8,681,700", "Cost of Revenue": "7,616,800", "Gross Profit": "1,064,900", "Operating Expense": "652,000", "Operating Income": "412,900", "Net Non Operating Interest Income Expense": "-180,600", "Other Income Expense": "-51,400", "Pretax Income": "180,900", "Tax Provision": "-578,500", "Earnings from Equity Interest Net of Tax": "-93,800", "Net Income Common Stockholders": "666,100", "Diluted NI Available to Com Stockholders": "666,100", "Basic EPS": "-", "Diluted EPS": "-", "Basic Average Shares": "-", "Diluted Average Shares": "-", "Total Operating Income as Reported": "412,900", "Total Expenses": "8,268,800", "Net Income from Continuing & Discontinued Operation": "666,100", "Normalized Income": "713,039", "Interest Income": "33,500", "Interest Expense": "214,100", "Net Interest Income": "-180,600", "EBIT": "395,000", "EBITDA": "1,242,600", "Reconciled Cost of Revenue": "7,616,800", "Reconciled Depreciation": "847,600", "Net Income from Continuing Operation Net Minority Interest": "666,100", "Total Unusual Items Excluding Goodwill": "-64,300", "Total Unusual Items": "-64,300", "Normalized EBITDA": "1,306,900", "Tax Rate for Calcs": "0", "Tax Effect of Unusual Items": "-17,361"}, "12/31/2020": {"Duration": "12/31/2020", "Total Revenue": "8,681,700", "Cost of Revenue": "7,616,800", "Gross Profit": "1,064,900", "Operating Expense": "652,000", "Operating Income": "412,900", "Net Non Operating Interest Income Expense": "-180,600", "Other Income Expense": "-51,400", "Pretax Income": "180,900", "Tax Provision": "-578,500", "Earnings from Equity Interest Net of Tax": "-93,800", "Net Income Common Stockholders": "666,100", "Diluted NI Available to Com Stockholders": "666,100", "Basic EPS": "-", "Diluted EPS": "-", "Basic Average Shares": "-", "Diluted Average Shares": "-", "Total Operating Income as Reported": "412,900", "Total Expenses": "8,268,800", "Net Income from Continuing & Discontinued Operation": "666,100", "Normalized Income": "713,039", "Interest Income": "33,500", "Interest Expense": "214,100", "Net Interest Income": "-180,600", "EBIT": "395,000", "EBITDA": "-", "Reconciled Cost of Revenue": "7,616,800", "Reconciled Depreciation": "847,600", "Net Income from Continuing Operation Net Minority Interest": "666,100", "Total Unusual Items Excluding Goodwill": "-64,300", "Total Unusual Items": "-64,300", "Normalized EBITDA": "1,306,900", "Tax Rate for Calcs": "0", "Tax Effect of Unusual Items": "-17,361"}, "12/31/2019": {"Duration": "12/31/2019", "Total Revenue": "8,906,300", "Cost of Revenue": "8,009,000", "Gross Profit": "897,300", "Operating Expense": "530,100", "Operating Income": "367,200", "Net Non Operating Interest Income Expense": "-182,900", "Other Income Expense": "-1,440,400", "Pretax Income": "-1,256,100", "Tax Provision": "-224,700", "Earnings from Equity Interest Net of Tax": "-59,400", "Net Income Common Stockholders": "-1,067,400", "Diluted NI Available to Com Stockholders": "-1,067,400", "Basic EPS": "-2.78", "Diluted EPS": "-2.78", "Basic Average Shares": "383,800", "Diluted Average Shares": "383,800", "Total Operating Income as Reported": "-1,094,900", "Total Expenses": "8,539,100", "Net Income from Continuing & Discontinued Operation": "-1,067,400", "Normalized Income": "116,400", "Interest Income": "33,100", "Interest Expense": "216,000", "Net Interest Income": "-182,900", "EBIT": "-1,040,100", "EBITDA": "-", "Reconciled Cost of Revenue": "8,009,000", "Reconciled Depreciation": "882,700", "Net Income from Continuing Operation Net Minority Interest": "-1,067,400", "Total Unusual Items Excluding Goodwill": "-1,441,900", "Total Unusual Items": "-1,441,900", "Normalized EBITDA": "1,284,500", "Tax Rate for Calcs": "0", "Tax Effect of Unusual Items": "-258,100"}, "12/31/2018": {"Duration": "12/31/2018", "Total Revenue": "9,587,300", "Cost of Revenue": "8,088,900", "Gross Profit": "1,498,400", "Operating Expense": "570,100", "Operating Income": "928,300", "Net Non Operating Interest Income Expense": "-166,100", "Other Income Expense": "-210,700", "Pretax Income": "551,500", "Tax Provision": "77,100", "Earnings from Equity Interest Net of Tax": "-4,500", "Net Income Common Stockholders": "470,000", "Diluted NI Available to Com Stockholders": "470,000", "Basic EPS": "1.22", "Diluted EPS": "1.22", "Basic Average Shares": "384,800", "Diluted Average Shares": "386,400", "Total Operating Income as Reported": "928,300", "Total Expenses": "8,659,000", "Net Income from Continuing & Discontinued Operation": "470,000", "Normalized Income": "635,034", "Interest Income": "49,700", "Interest Expense": "215,800", "Net Interest Income": "-166,100", "EBIT": "767,300", "EBITDA": "-", "Reconciled Cost of Revenue": "8,088,900", "Reconciled Depreciation": "883,900", "Net Income from Continuing Operation Net Minority Interest": "470,000", "Total Unusual Items Excluding Goodwill": "-191,900", "Total Unusual Items": "-191,900", "Normalized EBITDA": "1,843,100", "Tax Rate for Calcs": "0", "Tax Effect of Unusual Items": "-26,866"}}, "bs": {"12/31/2020": {"Duration": "12/31/2020", "Total Assets": "19,789,800", "Total Liabilities Net Minority Interest": "10,034,600", "Total Equity Gross Minority Interest": "9,755,200", "Total Capitalization": "13,655,200", "Common Stock Equity": "9,581,400", "Capital Lease Obligations": "173,600", "Net Tangible Assets": "8,408,400", "Working Capital": "374,700", "Invested Capital": "14,159,500", "Tangible Book Value": "8,408,400", "Total Debt": "4,751,700", "Net Debt": "4,004,100", "Share Issued": "389,974", "Ordinary Shares Number": "379,092", "Treasury Shares Number": "10,882"}, "12/31/2019": {"Duration": "12/31/2019", "Total Assets": "19,298,500", "Total Liabilities Net Minority Interest": "9,930,900", "Total Equity Gross Minority Interest": "9,367,600", "Total Capitalization": "13,711,000", "Common Stock Equity": "9,185,500", "Capital Lease Obligations": "194,100", "Net Tangible Assets": "8,028,600", "Working Capital": "1,126,500", "Invested Capital": "13,799,800", "Tangible Book Value": "8,028,600", "Total Debt": "4,808,400", "Net Debt": "4,095,200", "Share Issued": "389,647", "Ordinary Shares Number": "378,764", "Treasury Shares Number": "10,882"}, "12/31/2018": {"Duration": "12/31/2018", "Total Assets": "20,119,200", "Total Liabilities Net Minority Interest": "9,514,500", "Total Equity Gross Minority Interest": "10,604,700", "Total Capitalization": "14,888,800", "Common Stock Equity": "10,397,300", "Capital Lease Obligations": "-", "Net Tangible Assets": "8,689,800", "Working Capital": "1,753,300", "Invested Capital": "14,926,300", "Tangible Book Value": "8,689,800", "Total Debt": "4,529,000", "Net Debt": "3,681,300", "Share Issued": "389,242", "Ordinary Shares Number": "385,470", "Treasury Shares Number": "3,772"}}, "cf": {"TTM": {"Duration": "TTM", "Operating Cash Flow": "1,582,600", "Investing Cash Flow": "-1,189,500", "Financing Cash Flow": "-283,800", "End Cash Position": "594,400", "Capital Expenditure": "-1,170,600", "Issuance of Debt": "1,525,800", "Repayment of Debt": "-1,609,400", "Repurchase of Capital Stock": "-", "Free Cash Flow": "412,000"}, "12/31/2020": {"Duration": "12/31/2020", "Operating Cash Flow": "1,582,600", "Investing Cash Flow": "-1,189,500", "Financing Cash Flow": "-283,800", "End Cash Position": "594,400", "Capital Expenditure": "-1,170,600", "Issuance of Debt": "1,525,800", "Repayment of Debt": "-1,609,400", "Repurchase of Capital Stock": "-", "Free Cash Flow": "412,000"}, "12/31/2019": {"Duration": "12/31/2019", "Operating Cash Flow": "1,095,400", "Investing Cash Flow": "-1,360,900", "Financing Cash Flow": "-82,200", "End Cash Position": "532,300", "Capital Expenditure": "-1,272,200", "Issuance of Debt": "591,000", "Repayment of Debt": "-602,500", "Repurchase of Capital Stock": "-149,900", "Free Cash Flow": "-176,800"}, "12/31/2018": {"Duration": "12/31/2018", "Operating Cash Flow": "1,409,800", "Investing Cash Flow": "-1,944,700", "Financing Cash Flow": "-724,800", "End Cash Position": "871,000", "Capital Expenditure": "-954,500", "Issuance of Debt": "194,400", "Repayment of Debt": "-947,300", "Repurchase of Capital Stock": "0", "Free Cash Flow": "455,300"}}}}, {"MON": {"quote": {"05/12/2021": {"value": "9.73", "Market Cap": "304.062M", "Beta (5Y Monthly)": "N/A", "PE Ratio (TTM)": "N/A", "EPS (TTM)": "N/A", "Earnings Date": "N/A", "Forward Dividend & Yield": "N/A (N/A)", "Ex-Dividend Date": "N/A", "1y Target Est": "N/A"}}, "fin": {}, "bs": {}, "cf": {}}}, {"POT": {"quote": {"05/12/2021": {"value": "", "Net Assets": "N/A", "Beta (5Y Monthly)": "N/A", "Yield": "N/A", "5y Average Return": "N/A", "Holdings Turnover": "N/A", "Last Dividend": "N/A", "Average for Category": "N/A", "Inception Date": "N/A"}}, "fin": {}, "bs": {}, "cf": {}}}, {"CF": {"quote": {"05/12/2021": {"value": "54.37", "Market Cap": "11.663B", "Beta (5Y Monthly)": "1.29", "PE Ratio (TTM)": "29.20", "EPS (TTM)": "1.86", "Earnings Date": "Aug 09, 2021", "Forward Dividend & Yield": "1.20 (2.21%)", "Ex-Dividend Date": "May 14, 2021", "1y Target Est": "56.92"}}, "fin": {"TTM": {"Duration": "TTM", "Total Revenue": "4,124,000", "Cost of Revenue": "3,323,000", "Gross Profit": "801,000", "Operating Expense": "203,000", "Operating Income": "598,000", "Net Non Operating Interest Income Expense": "-161,000", "Other Income Expense": "26,000", "Pretax Income": "463,000", "Tax Provision": "31,000", "Earnings from Equity Interest Net of Tax": "-", "Net Income Common Stockholders": "317,000", "Diluted NI Available to Com Stockholders": "317,000", "Basic EPS": "-", "Diluted EPS": "-", "Basic Average Shares": "-", "Diluted Average Shares": "-", "Total Operating Income as Reported": "623,000", "Total Expenses": "3,526,000", "Net Income from Continuing & Discontinued Operation": "317,000", "Normalized Income": "303,938", "Interest Income": "18,000", "Interest Expense": "171,000", "Net Interest Income": "-161,000", "EBIT": "634,000", "EBITDA": "1,526,000", "Reconciled Cost of Revenue": "3,323,000", "Reconciled Depreciation": "892,000", "Net Income from Continuing Operation Net Minority Interest": "317,000", "Total Unusual Items Excluding Goodwill": "14,000", "Total Unusual Items": "14,000", "Normalized EBITDA": "1,512,000", "Tax Rate for Calcs": "0", "Tax Effect of Unusual Items": "938"}, "12/31/2020": {"Duration": "12/31/2020", "Total Revenue": "4,124,000", "Cost of Revenue": "3,323,000", "Gross Profit": "801,000", "Operating Expense": "203,000", "Operating Income": "598,000", "Net Non Operating Interest Income Expense": "-161,000", "Other Income Expense": "26,000", "Pretax Income": "463,000", "Tax Provision": "31,000", "Earnings from Equity Interest Net of Tax": "-", "Net Income Common Stockholders": "317,000", "Diluted NI Available to Com Stockholders": "317,000", "Basic EPS": "-", "Diluted EPS": "-", "Basic Average Shares": "-", "Diluted Average Shares": "-", "Total Operating Income as Reported": "623,000", "Total Expenses": "3,526,000", "Net Income from Continuing & Discontinued Operation": "317,000", "Normalized Income": "303,938", "Interest Income": "18,000", "Interest Expense": "171,000", "Net Interest Income": "-161,000", "EBIT": "634,000", "EBITDA": "-", "Reconciled Cost of Revenue": "3,323,000", "Reconciled Depreciation": "892,000", "Net Income from Continuing Operation Net Minority Interest": "317,000", "Total Unusual Items Excluding Goodwill": "14,000", "Total Unusual Items": "14,000", "Normalized EBITDA": "1,512,000", "Tax Rate for Calcs": "0", "Tax Effect of Unusual Items": "938"}, "12/31/2019": {"Duration": "12/31/2019", "Total Revenue": "4,590,000", "Cost of Revenue": "3,416,000", "Gross Profit": "1,174,000", "Operating Expense": "240,000", "Operating Income": "934,000", "Net Non Operating Interest Income Expense": "-217,000", "Other Income Expense": "55,000", "Pretax Income": "772,000", "Tax Provision": "126,000", "Earnings from Equity Interest Net of Tax": "-", "Net Income Common Stockholders": "493,000", "Diluted NI Available to Com Stockholders": "493,000", "Basic EPS": "2.24", "Diluted EPS": "2.23", "Basic Average Shares": "220,200", "Diluted Average Shares": "221,600", "Total Operating Income as Reported": "1,003,000", "Total Expenses": "3,656,000", "Net Income from Continuing & Discontinued Operation": "493,000", "Normalized Income": "448,639", "Interest Income": "20,000", "Interest Expense": "224,000", "Net Interest Income": "-217,000", "EBIT": "996,000", "EBITDA": "-", "Reconciled Cost of Revenue": "3,416,000", "Reconciled Depreciation": "875,000", "Net Income from Continuing Operation Net Minority Interest": "493,000", "Total Unusual Items Excluding Goodwill": "53,000", "Total Unusual Items": "53,000", "Normalized EBITDA": "1,818,000", "Tax Rate for Calcs": "0", "Tax Effect of Unusual Items": "8,639"}, "12/31/2018": {"Duration": "12/31/2018", "Total Revenue": "4,429,000", "Cost of Revenue": "3,512,000", "Gross Profit": "917,000", "Operating Expense": "195,000", "Operating Income": "722,000", "Net Non Operating Interest Income Expense": "-228,000", "Other Income Expense": "53,000", "Pretax Income": "547,000", "Tax Provision": "119,000", "Earnings from Equity Interest Net of Tax": "-", "Net Income Common Stockholders": "290,000", "Diluted NI Available to Com Stockholders": "290,000", "Basic EPS": "1.25", "Diluted EPS": "1.24", "Basic Average Shares": "232,600", "Diluted Average Shares": "233,800", "Total Operating Income as Reported": "766,000", "Total Expenses": "3,707,000", "Net Income from Continuing & Discontinued Operation": "290,000", "Normalized Income": "283,736", "Interest Income": "13,000", "Interest Expense": "228,000", "Net Interest Income": "-228,000", "EBIT": "775,000", "EBITDA": "-", "Reconciled Cost of Revenue": "3,512,000", "Reconciled Depreciation": "888,000", "Net Income from Continuing Operation Net Minority Interest": "290,000", "Total Unusual Items Excluding Goodwill": "8,000", "Total Unusual Items": "8,000", "Normalized EBITDA": "1,655,000", "Tax Rate for Calcs": "0", "Tax Effect of Unusual Items": "1,736"}}, "bs": {"12/31/2020": {"Duration": "12/31/2020", "Total Assets": "12,023,000", "Total Liabilities Net Minority Interest": "6,420,000", "Total Equity Gross Minority Interest": "5,603,000", "Total Capitalization": "6,634,000", "Common Stock Equity": "2,922,000", "Capital Lease Obligations": "262,000", "Net Tangible Assets": "444,000", "Working Capital": "461,000", "Invested Capital": "6,883,000", "Tangible Book Value": "444,000", "Total Debt": "4,223,000", "Net Debt": "3,278,000", "Share Issued": "214,058", "Ordinary Shares Number": "213,955", "Treasury Shares Number": "102.843"}, "12/31/2019": {"Duration": "12/31/2019", "Total Assets": "12,172,000", "Total Liabilities Net Minority Interest": "6,535,000", "Total Equity Gross Minority Interest": "5,637,000", "Total Capitalization": "6,854,000", "Common Stock Equity": "2,897,000", "Capital Lease Obligations": "283,000", "Net Tangible Assets": "422,000", "Working Capital": "309,000", "Invested Capital": "6,854,000", "Tangible Book Value": "422,000", "Total Debt": "4,240,000", "Net Debt": "3,670,000", "Share Issued": "216,024", "Ordinary Shares Number": "216,024", "Treasury Shares Number": "-"}, "12/31/2018": {"Duration": "12/31/2018", "Total Assets": "12,661,000", "Total Liabilities Net Minority Interest": "6,930,000", "Total Equity Gross Minority Interest": "5,731,000", "Total Capitalization": "7,656,000", "Common Stock Equity": "2,958,000", "Capital Lease Obligations": "-", "Net Tangible Assets": "490,000", "Working Capital": "569,000", "Invested Capital": "7,656,000", "Tangible Book Value": "490,000", "Total Debt": "4,698,000", "Net Debt": "4,016,000", "Share Issued": "233,801", "Ordinary Shares Number": "222,818", "Treasury Shares Number": "10,982"}}, "cf": {"TTM": {"Duration": "TTM", "Operating Cash Flow": "1,231,000", "Investing Cash Flow": "-299,000", "Financing Cash Flow": "-542,000", "End Cash Position": "683,000", "Capital Expenditure": "-309,000", "Issuance of Debt": "500,000", "Repayment of Debt": "-500,000", "Repurchase of Capital Stock": "-100,000", "Free Cash Flow": "922,000"}, "12/31/2020": {"Duration": "12/31/2020", "Operating Cash Flow": "1,231,000", "Investing Cash Flow": "-299,000", "Financing Cash Flow": "-542,000", "End Cash Position": "683,000", "Capital Expenditure": "-309,000", "Issuance of Debt": "500,000", "Repayment of Debt": "-500,000", "Repurchase of Capital Stock": "-100,000", "Free Cash Flow": "922,000"}, "12/31/2019": {"Duration": "12/31/2019", "Operating Cash Flow": "1,505,000", "Investing Cash Flow": "-319,000", "Financing Cash Flow": "-1,583,000", "End Cash Position": "287,000", "Capital Expenditure": "-404,000", "Issuance of Debt": "-", "Repayment of Debt": "-769,000", "Repurchase of Capital Stock": "-370,000", "Free Cash Flow": "1,101,000"}, "12/31/2018": {"Duration": "12/31/2018", "Operating Cash Flow": "1,497,000", "Investing Cash Flow": "-375,000", "Financing Cash Flow": "-1,270,000", "End Cash Position": "682,000", "Capital Expenditure": "-422,000", "Issuance of Debt": "0", "Repayment of Debt": "0", "Repurchase of Capital Stock": "-467,000", "Free Cash Flow": "1,075,000"}}}}, {"TNH": {"quote": {"05/12/2021": {"value": "", "Net Assets": "N/A", "Beta (5Y Monthly)": "N/A", "Yield": "N/A", "5y Average Return": "N/A", "Holdings Turnover": "N/A", "Last Dividend": "N/A", "Average for Category": "N/A", "Inception Date": "N/A"}}, "fin": {}, "bs": {}, "cf": {}}}, {"SMG": {"quote": {"04/27/2021": {"value": "237.82", "Market Cap": "13.247B", "Beta (5Y Monthly)": "1.18", "PE Ratio (TTM)": "28.15", "EPS (TTM)": "8.45", "Earnings Date": "May 05, 2021", "Forward Dividend & Yield": "2.48 (1.05%)", "Ex-Dividend Date": "Feb 23, 2021", "1y Target Est": "278.75"}}, "fin": {"TTM": {"Duration": "TTM", "Total Revenue": "4,514,400", "Cost of Revenue": "3,030,800", "Gross Profit": "1,483,600", "Operating Expense": "798,500", "Operating Income": "685,100", "Net Non Operating Interest Income Expense": "-75,700", "Other Income Expense": "29,400", "Pretax Income": "638,800", "Tax Provision": "155,400", "Net Income Common Stockholders": "483,200", "Diluted NI Available to Com Stockholders": "483,200", "Basic EPS": "-", "Diluted EPS": "-", "Basic Average Shares": "-", "Diluted Average Shares": "-", "Total Operating Income as Reported": "681,800", "Total Expenses": "3,829,300", "Net Income from Continuing & Discontinued Operation": "483,200", "Normalized Income": "481,576", "Interest Income": "-", "Interest Expense": "75,700", "Net Interest Income": "-75,700", "EBIT": "714,500", "EBITDA": "809,900", "Reconciled Cost of Revenue": "2,966,700", "Reconciled Depreciation": "95,400", "Net Income from Continuing Operation Net Minority Interest": "481,500", "Total Unusual Items Excluding Goodwill": "-100", "Total Unusual Items": "-100", "Normalized EBITDA": "810,000", "Tax Rate for Calcs": "0", "Tax Effect of Unusual Items": "-24.3269"}, "9/30/2020": {"Duration": "9/30/2020", "Total Revenue": "4,131,600", "Cost of Revenue": "2,784,600", "Gross Profit": "1,347,000", "Operating Expense": "761,700", "Operating Income": "585,300", "Net Non Operating Interest Income Expense": "-94,700", "Other Income Expense": "20,000", "Pretax Income": "510,600", "Tax Provision": "123,700", "Net Income Common Stockholders": "387,400", "Diluted NI Available to Com Stockholders": "387,400", "Basic EPS": "6.96", "Diluted EPS": "6.81", "Basic Average Shares": "55,700", "Diluted Average Shares": "56,900", "Total Operating Income as Reported": "585,200", "Total Expenses": "3,546,300", "Net Income from Continuing & Discontinued Operation": "387,400", "Normalized Income": "383,350", "Interest Income": "-", "Interest Expense": "79,600", "Net Interest Income": "-94,700", "EBIT": "590,200", "EBITDA": "-", "Reconciled Cost of Revenue": "2,721,400", "Reconciled Depreciation": "94,700", "Net Income from Continuing Operation Net Minority Interest": "385,700", "Total Unusual Items Excluding Goodwill": "3,100", "Total Unusual Items": "3,100", "Normalized EBITDA": "681,800", "Tax Rate for Calcs": "0", "Tax Effect of Unusual Items": "750.2"}, "9/30/2019": {"Duration": "9/30/2019", "Total Revenue": "3,156,000", "Cost of Revenue": "2,136,400", "Gross Profit": "1,019,600", "Operating Expense": "602,600", "Operating Income": "417,000", "Net Non Operating Interest Income Expense": "-101,800", "Other Income Expense": "266,400", "Pretax Income": "581,600", "Tax Provision": "144,900", "Net Income Common Stockholders": "460,700", "Diluted NI Available to Com Stockholders": "460,700", "Basic EPS": "8.30", "Diluted EPS": "8.18", "Basic Average Shares": "55,500", "Diluted Average Shares": "56,300", "Total Operating Income as Reported": "409,600", "Total Expenses": "2,739,000", "Net Income from Continuing & Discontinued Operation": "460,700", "Normalized Income": "442,757", "Interest Income": "-", "Interest Expense": "101,800", "Net Interest Income": "-101,800", "EBIT": "683,400", "EBITDA": "-", "Reconciled Cost of Revenue": "2,080,000", "Reconciled Depreciation": "89,300", "Net Income from Continuing Operation Net Minority Interest": "437,200", "Total Unusual Items Excluding Goodwill": "-7,400", "Total Unusual Items": "-7,400", "Normalized EBITDA": "780,100", "Tax Rate for Calcs": "0", "Tax Effect of Unusual Items": "-1,843"}, "9/30/2018": {"Duration": "9/30/2018", "Total Revenue": "2,663,400", "Cost of Revenue": "1,798,800", "Gross Profit": "864,600", "Operating Expense": "532,500", "Operating Income": "332,100", "Net Non Operating Interest Income Expense": "-86,400", "Other Income Expense": "-130,000", "Pretax Income": "115,700", "Tax Provision": "-11,900", "Net Income Common Stockholders": "63,700", "Diluted NI Available to Com Stockholders": "63,700", "Basic EPS": "1.13", "Diluted EPS": "1.12", "Basic Average Shares": "56,200", "Diluted Average Shares": "57,100", "Total Operating Income as Reported": "198,900", "Total Expenses": "2,331,300", "Net Income from Continuing & Discontinued Operation": "63,700", "Normalized Income": "224,836", "Interest Income": "0", "Interest Expense": "86,400", "Net Interest Income": "-86,400", "EBIT": "202,100", "EBITDA": "-", "Reconciled Cost of Revenue": "1,744,300", "Reconciled Depreciation": "83,400", "Net Income from Continuing Operation Net Minority Interest": "127,600", "Total Unusual Items Excluding Goodwill": "-133,200", "Total Unusual Items": "-133,200", "Normalized EBITDA": "418,700", "Tax Rate for Calcs": "0", "Tax Effect of Unusual Items": "-35,964"}}, "bs": {"9/30/2020": {"Duration": "9/30/2020", "Total Assets": "3,380,500", "Total Liabilities Net Minority Interest": "2,677,600", "Total Equity Gross Minority Interest": "702,900", "Total Capitalization": "2,152,300", "Common Stock Equity": "697,200", "Capital Lease Obligations": "160,800", "Net Tangible Assets": "-526,100", "Working Capital": "266,200", "Invested Capital": "2,218,700", "Tangible Book Value": "-526,100", "Total Debt": "1,682,300", "Net Debt": "1,504,900", "Share Issued": "68,200", "Ordinary Shares Number": "55,800", "Treasury Shares Number": "12,400"}, "9/30/2019": {"Duration": "9/30/2019", "Total Assets": "3,028,700", "Total Liabilities Net Minority Interest": "2,305,500", "Total Equity Gross Minority Interest": "723,200", "Total Capitalization": "2,242,200", "Common Stock Equity": "718,700", "Capital Lease Obligations": "-", "Net Tangible Assets": "-527,500", "Working Capital": "421,200", "Invested Capital": "2,370,300", "Tangible Book Value": "-527,500", "Total Debt": "1,651,600", "Net Debt": "1,632,800", "Share Issued": "68,200", "Ordinary Shares Number": "55,800", "Treasury Shares Number": "12,400"}, "9/30/2018": {"Duration": "9/30/2018", "Total Assets": "3,054,500", "Total Liabilities Net Minority Interest": "2,694,900", "Total Equity Gross Minority Interest": "359,600", "Total Capitalization": "2,238,400", "Common Stock Equity": "354,600", "Capital Lease Obligations": "-", "Net Tangible Assets": "-1,045,700", "Working Capital": "273,000", "Invested Capital": "2,371,000", "Tangible Book Value": "-1,045,700", "Total Debt": "2,016,400", "Net Debt": "1,982,500", "Share Issued": "68,100", "Ordinary Shares Number": "55,300", "Treasury Shares Number": "12,800"}}, "cf": {"TTM": {"Duration": "TTM", "Operating Cash Flow": "455,500", "Investing Cash Flow": "-75,600", "Financing Cash Flow": "-385,900", "End Cash Position": "21,400", "Capital Expenditure": "-75,400", "Issuance of Debt": "1,469,900", "Repayment of Debt": "-1,368,500", "Repurchase of Capital Stock": "-91,600", "Free Cash Flow": "380,100"}, "9/30/2020": {"Duration": "9/30/2020", "Operating Cash Flow": "558,000", "Investing Cash Flow": "46,900", "Financing Cash Flow": "-607,100", "End Cash Position": "16,600", "Capital Expenditure": "-62,700", "Issuance of Debt": "1,672,700", "Repayment of Debt": "-1,814,300", "Repurchase of Capital Stock": "-53,200", "Free Cash Flow": "495,300"}, "9/30/2019": {"Duration": "9/30/2019", "Operating Cash Flow": "226,800", "Investing Cash Flow": "255,200", "Financing Cash Flow": "-496,500", "End Cash Position": "18,800", "Capital Expenditure": "-42,400", "Issuance of Debt": "1,056,200", "Repayment of Debt": "-1,446,300", "Repurchase of Capital Stock": "-3,100", "Free Cash Flow": "184,400"}, "9/30/2018": {"Duration": "9/30/2018", "Operating Cash Flow": "342,500", "Investing Cash Flow": "-580,700", "Financing Cash Flow": "151,200", "End Cash Position": "33,900", "Capital Expenditure": "-68,200", "Issuance of Debt": "2,987,000", "Repayment of Debt": "-2,321,800", "Repurchase of Capital Stock": "-327,700", "Free Cash Flow": "274,300"}}}}, {"UAN": {"quote": {"04/27/2021": {"value": "58.85", "Market Cap": "629.242M", "Beta (5Y Monthly)": "1.97", "PE Ratio (TTM)": "N/A", "EPS (TTM)": "-8.77", "Earnings Date": "May 03, 2021", "Forward Dividend & Yield": "N/A (N/A)", "Ex-Dividend Date": "Nov 01, 2019", "1y Target Est": "9.50"}}, "fin": {"TTM": {"Duration": "TTM", "Total Revenue": "349,953", "Cost of Revenue": "325,110", "Gross Profit": "24,843", "Operating Expense": "18,174", "Operating Income": "6,669", "Net Non Operating Interest Income Expense": "-63,428", "Other Income Expense": "-41,392", "Pretax Income": "-98,151", "Tax Provision": "30", "Net Income Common Stockholders": "-98,181", "Diluted NI Available to Com Stockholders": "-98,181", "Basic EPS": "-", "Diluted EPS": "-", "Basic Average Shares": "-", "Diluted Average Shares": "-", "Total Operating Income as Reported": "-34,882", "Total Expenses": "343,284", "Net Income from Continuing & Discontinued Operation": "-98,181", "Normalized Income": "-67,849", "Interest Income": "-", "Interest Expense": "63,428", "Net Interest Income": "-63,428", "EBIT": "-34,723", "EBITDA": "41,354", "Reconciled Cost of Revenue": "325,110", "Reconciled Depreciation": "76,077", "Net Income from Continuing Operation Net Minority Interest": "-98,181", "Total Unusual Items Excluding Goodwill": "-41,551", "Total Unusual Items": "-41,551", "Normalized EBITDA": "82,905", "Tax Rate for Calcs": "0", "Tax Effect of Unusual Items": "-11,219"}, "12/31/2020": {"Duration": "12/31/2020", "Total Revenue": "349,953", "Cost of Revenue": "325,110", "Gross Profit": "24,843", "Operating Expense": "18,174", "Operating Income": "6,669", "Net Non Operating Interest Income Expense": "-63,428", "Other Income Expense": "-41,392", "Pretax Income": "-98,151", "Tax Provision": "30", "Net Income Common Stockholders": "-98,181", "Diluted NI Available to Com Stockholders": "-98,181", "Basic EPS": "-", "Diluted EPS": "-", "Basic Average Shares": "-", "Diluted Average Shares": "-", "Total Operating Income as Reported": "-34,882", "Total Expenses": "343,284", "Net Income from Continuing & Discontinued Operation": "-98,181", "Normalized Income": "-67,849", "Interest Income": "-", "Interest Expense": "63,428", "Net Interest Income": "-63,428", "EBIT": "-34,723", "EBITDA": "-", "Reconciled Cost of Revenue": "325,110", "Reconciled Depreciation": "76,077", "Net Income from Continuing Operation Net Minority Interest": "-98,181", "Total Unusual Items Excluding Goodwill": "-41,551", "Total Unusual Items": "-41,551", "Normalized EBITDA": "82,905", "Tax Rate for Calcs": "0", "Tax Effect of Unusual Items": "-11,219"}, "12/31/2019": {"Duration": "12/31/2019", "Total Revenue": "404,177", "Cost of Revenue": "347,571", "Gross Profit": "56,606", "Operating Expense": "25,829", "Operating Income": "30,777", "Net Non Operating Interest Income Expense": "-62,636", "Other Income Expense": "-3,128", "Pretax Income": "-34,987", "Tax Provision": "-18", "Net Income Common Stockholders": "-34,969", "Diluted NI Available to Com Stockholders": "-34,969", "Basic EPS": "-3.10", "Diluted EPS": "-3.10", "Basic Average Shares": "11,328", "Diluted Average Shares": "11,328", "Total Operating Income as Reported": "27,380", "Total Expenses": "373,400", "Net Income from Continuing & Discontinued Operation": "-34,969", "Normalized Income": "-31,574", "Interest Income": "-", "Interest Expense": "62,636", "Net Interest Income": "-62,636", "EBIT": "27,649", "EBITDA": "-", "Reconciled Cost of Revenue": "347,571", "Reconciled Depreciation": "79,839", "Net Income from Continuing Operation Net Minority Interest": "-34,969", "Total Unusual Items Excluding Goodwill": "-3,397", "Total Unusual Items": "-3,397", "Normalized EBITDA": "110,885", "Tax Rate for Calcs": "0", "Tax Effect of Unusual Items": "-1.7477"}, "12/31/2018": {"Duration": "12/31/2018", "Total Revenue": "351,082", "Cost of Revenue": "319,355", "Gross Profit": "31,727", "Operating Expense": "25,023", "Operating Income": "6,704", "Net Non Operating Interest Income Expense": "-62,588", "Other Income Expense": "5,811", "Pretax Income": "-50,073", "Tax Provision": "-46", "Net Income Common Stockholders": "-50,027", "Diluted NI Available to Com Stockholders": "-50,027", "Basic EPS": "-4.40", "Diluted EPS": "-4.40", "Basic Average Shares": "11,328", "Diluted Average Shares": "11,328", "Total Operating Income as Reported": "6,314", "Total Expenses": "344,378", "Net Income from Continuing & Discontinued Operation": "-50,027", "Normalized Income": "-49,637", "Interest Income": "-", "Interest Expense": "62,588", "Net Interest Income": "-62,588", "EBIT": "12,515", "EBITDA": "-", "Reconciled Cost of Revenue": "319,355", "Reconciled Depreciation": "71,575", "Net Income from Continuing Operation Net Minority Interest": "-50,027", "Total Unusual Items Excluding Goodwill": "-390", "Total Unusual Items": "-390", "Normalized EBITDA": "84,480", "Tax Rate for Calcs": "0", "Tax Effect of Unusual Items": "-0.3583"}}, "bs": {"12/31/2020": {"Duration": "12/31/2020", "Total Assets": "1,032,880", "Total Liabilities Net Minority Interest": "718,639", "Total Equity Gross Minority Interest": "314,241", "Total Capitalization": "948,183", "Common Stock Equity": "314,241", "Capital Lease Obligations": "3,309", "Net Tangible Assets": "0", "Working Capital": "41,873", "Invested Capital": "950,423", "Tangible Book Value": "314,241", "Total Debt": "639,491", "Net Debt": "605,623", "Share Issued": "10,706", "Ordinary Shares Number": "10,706"}, "12/31/2019": {"Duration": "12/31/2019", "Total Assets": "1,137,955", "Total Liabilities Net Minority Interest": "718,411", "Total Equity Gross Minority Interest": "419,544", "Total Capitalization": "1,051,950", "Common Stock Equity": "419,544", "Capital Lease Obligations": "3,523", "Net Tangible Assets": "-40,969", "Working Capital": "55,063", "Invested Capital": "1,051,950", "Tangible Book Value": "378,575", "Total Debt": "635,929", "Net Debt": "595,412", "Share Issued": "11,328", "Ordinary Shares Number": "11,328"}, "12/31/2018": {"Duration": "12/31/2018", "Total Assets": "1,254,388", "Total Liabilities Net Minority Interest": "754,562", "Total Equity Gross Minority Interest": "499,826", "Total Capitalization": "1,128,815", "Common Stock Equity": "499,826", "Capital Lease Obligations": "-", "Net Tangible Assets": "-40,969", "Working Capital": "71,346", "Invested Capital": "1,128,815", "Tangible Book Value": "458,857", "Total Debt": "628,989", "Net Debt": "567,213", "Share Issued": "11,328", "Ordinary Shares Number": "11,328"}}, "cf": {"TTM": {"Duration": "TTM", "Operating Cash Flow": "19,740", "Investing Cash Flow": "-18,550", "Financing Cash Flow": "-7,625", "End Cash Position": "30,559", "Interest Paid Supplemental Data": "-", "Capital Expenditure": "-18,598", "Issuance of Debt": "-", "Repayment of Debt": "-", "Repurchase of Capital Stock": "-7,076", "Free Cash Flow": "1,142"}, "12/31/2020": {"Duration": "12/31/2020", "Operating Cash Flow": "19,740", "Investing Cash Flow": "-18,550", "Financing Cash Flow": "-7,625", "End Cash Position": "30,559", "Interest Paid Supplemental Data": "-", "Capital Expenditure": "-18,598", "Issuance of Debt": "-", "Repayment of Debt": "-", "Repurchase of Capital Stock": "-7,076", "Free Cash Flow": "1,142"}, "12/31/2019": {"Duration": "12/31/2019", "Operating Cash Flow": "39,157", "Investing Cash Flow": "-18,529", "Financing Cash Flow": "-45,410", "End Cash Position": "36,994", "Interest Paid Supplemental Data": "-", "Capital Expenditure": "-18,656", "Issuance of Debt": "-", "Repayment of Debt": "-", "Repurchase of Capital Stock": "-", "Free Cash Flow": "20,501"}, "12/31/2018": {"Duration": "12/31/2018", "Operating Cash Flow": "32,234", "Investing Cash Flow": "-19,631", "Financing Cash Flow": "0", "End Cash Position": "61,776", "Interest Paid Supplemental Data": "-", "Capital Expenditure": "-19,806", "Issuance of Debt": "0", "Repayment of Debt": "0", "Repurchase of Capital Stock": "-", "Free Cash Flow": "12,428"}}}}, {"RTK": {"quote": {"05/12/2021": {"value": "", "Net Assets": "N/A", "Beta (5Y Monthly)": "N/A", "Yield": "N/A", "5y Average Return": "N/A", "Holdings Turnover": "N/A", "Last Dividend": "N/A", "Average for Category": "N/A", "Inception Date": "N/A"}}, "fin": {}, "bs": {}, "cf": {}}}, {"IPI": {"quote": {"05/12/2021": {"value": "25.86", "Market Cap": "347.708M", "Beta (5Y Monthly)": "2.13", "PE Ratio (TTM)": "N/A", "EPS (TTM)": "-1.34", "Earnings Date": "Aug 02, 2021 - Aug 06, 2021", "Forward Dividend & Yield": "N/A (N/A)", "Ex-Dividend Date": "Dec 13, 2012", "1y Target Est": "30.50"}}, "fin": {"TTM": {"Duration": "TTM", "Total Revenue": "196,954", "Cost of Revenue": "186,424", "Gross Profit": "10,530", "Operating Expense": "27,914", "Operating Income": "-17,384", "Net Non Operating Interest Income Expense": "-4,289", "Other Income Expense": "-5,441", "Pretax Income": "-27,149", "Tax Provision": "5", "Net Income Common Stockholders": "-27,154", "Diluted NI Available to Com Stockholders": "-27,154", "Basic EPS": "-", "Diluted EPS": "-", "Basic Average Shares": "-", "Diluted Average Shares": "-", "Total Operating Income as Reported": "-23,244", "Total Expenses": "214,338", "Interest Income": "-", "Interest Expense": "1,996", "Net Interest Income": "-4,289", "Net Income from Continuing & Discontinued Operation": "-27,154", "Normalized Income": "-22,902", "EBIT": "-25,153", "EBITDA": "10,957", "Reconciled Cost of Revenue": "186,424", "Reconciled Depreciation": "36,110", "Net Income from Continuing Operation Net Minority Interest": "-27,154", "Total Unusual Items Excluding Goodwill": "-5,825", "Total Unusual Items": "-5,825", "Normalized EBITDA": "16,782", "Tax Rate for Calcs": "0", "Tax Effect of Unusual Items": "-1,573"}, "12/31/2020": {"Duration": "12/31/2020", "Total Revenue": "196,954", "Cost of Revenue": "186,424", "Gross Profit": "10,530", "Operating Expense": "27,914", "Operating Income": "-17,384", "Net Non Operating Interest Income Expense": "-4,289", "Other Income Expense": "-5,441", "Pretax Income": "-27,149", "Tax Provision": "5", "Net Income Common Stockholders": "-27,154", "Diluted NI Available to Com Stockholders": "-27,154", "Basic EPS": "-", "Diluted EPS": "-", "Basic Average Shares": "-", "Diluted Average Shares": "-", "Total Operating Income as Reported": "-23,244", "Total Expenses": "214,338", "Interest Income": "-", "Interest Expense": "1,996", "Net Interest Income": "-4,289", "Net Income from Continuing & Discontinued Operation": "-27,154", "Normalized Income": "-22,902", "EBIT": "-25,153", "EBITDA": "-", "Reconciled Cost of Revenue": "186,424", "Reconciled Depreciation": "36,110", "Net Income from Continuing Operation Net Minority Interest": "-27,154", "Total Unusual Items Excluding Goodwill": "-5,825", "Total Unusual Items": "-5,825", "Normalized EBITDA": "16,782", "Tax Rate for Calcs": "0", "Tax Effect of Unusual Items": "-1,573"}, "12/31/2019": {"Duration": "12/31/2019", "Total Revenue": "220,075", "Cost of Revenue": "176,597", "Gross Profit": "43,478", "Operating Expense": "27,118", "Operating Income": "16,360", "Net Non Operating Interest Income Expense": "-3,031", "Other Income Expense": "355", "Pretax Income": "13,684", "Tax Provision": "53", "Net Income Common Stockholders": "13,631", "Diluted NI Available to Com Stockholders": "13,631", "Basic EPS": "1.10", "Diluted EPS": "1.00", "Basic Average Shares": "12,905", "Diluted Average Shares": "13,105", "Total Operating Income as Reported": "16,360", "Total Expenses": "203,715", "Interest Income": "-", "Interest Expense": "2,728", "Net Interest Income": "-3,031", "Net Income from Continuing & Discontinued Operation": "13,631", "Normalized Income": "13,631", "EBIT": "16,412", "EBITDA": "-", "Reconciled Cost of Revenue": "176,597", "Reconciled Depreciation": "34,335", "Net Income from Continuing Operation Net Minority Interest": "13,631", "Total Unusual Items Excluding Goodwill": "0", "Total Unusual Items": "0", "Normalized EBITDA": "50,747", "Tax Rate for Calcs": "0", "Tax Effect of Unusual Items": "0"}, "12/31/2018": {"Duration": "12/31/2018", "Total Revenue": "208,270", "Cost of Revenue": "169,999", "Gross Profit": "38,271", "Operating Expense": "22,777", "Operating Income": "15,494", "Net Non Operating Interest Income Expense": "-3,745", "Other Income Expense": "142", "Pretax Income": "11,891", "Tax Provision": "108", "Net Income Common Stockholders": "11,783", "Diluted NI Available to Com Stockholders": "11,783", "Basic EPS": "0.90", "Diluted EPS": "0.90", "Basic Average Shares": "12,807", "Diluted Average Shares": "13,099", "Total Operating Income as Reported": "15,494", "Total Expenses": "192,776", "Interest Income": "110", "Interest Expense": "2,721", "Net Interest Income": "-3,745", "Net Income from Continuing & Discontinued Operation": "11,783", "Normalized Income": "11,783", "EBIT": "14,612", "EBITDA": "-", "Reconciled Cost of Revenue": "169,999", "Reconciled Depreciation": "32,215", "Net Income from Continuing Operation Net Minority Interest": "11,783", "Total Unusual Items Excluding Goodwill": "0", "Total Unusual Items": "0", "Normalized EBITDA": "46,827", "Tax Rate for Calcs": "0", "Tax Effect of Unusual Items": "0"}}, "bs": {"12/31/2020": {"Duration": "12/31/2020", "Total Assets": "550,188", "Total Liabilities Net Minority Interest": "138,929", "Total Equity Gross Minority Interest": "411,259", "Total Capitalization": "456,002", "Common Stock Equity": "411,259", "Capital Lease Obligations": "2,136", "Net Tangible Assets": "392,075", "Working Capital": "68,571", "Invested Capital": "466,002", "Tangible Book Value": "392,075", "Total Debt": "56,879", "Net Debt": "35,228", "Share Issued": "13,050", "Ordinary Shares Number": "13,050"}, "12/31/2019": {"Duration": "12/31/2019", "Total Assets": "578,439", "Total Liabilities Net Minority Interest": "143,783", "Total Equity Gross Minority Interest": "434,656", "Total Capitalization": "464,409", "Common Stock Equity": "434,656", "Capital Lease Obligations": "6,212", "Net Tangible Assets": "415,472", "Working Capital": "57,898", "Invested Capital": "484,409", "Tangible Book Value": "415,472", "Total Debt": "75,782", "Net Debt": "29,150", "Share Issued": "12,955", "Ordinary Shares Number": "12,955"}, "12/31/2018": {"Duration": "12/31/2018", "Total Assets": "525,231", "Total Liabilities Net Minority Interest": "107,968", "Total Equity Gross Minority Interest": "417,263", "Total Capitalization": "466,905", "Common Stock Equity": "417,263", "Capital Lease Obligations": "-", "Net Tangible Assets": "417,263", "Working Capital": "110,577", "Invested Capital": "466,905", "Tangible Book Value": "417,263", "Total Debt": "49,642", "Net Debt": "16,420", "Share Issued": "12,872", "Ordinary Shares Number": "12,872"}}, "cf": {"TTM": {"Duration": "TTM", "Operating Cash Flow": "31,145", "Investing Cash Flow": "-15,157", "Financing Cash Flow": "-17,043", "End Cash Position": "20,184", "Income Tax Paid Supplemental Data": "97", "Interest Paid Supplemental Data": "2,467", "Capital Expenditure": "-16,443", "Issuance of Capital Stock": "-", "Issuance of Debt": "20,000", "Repayment of Debt": "-35,074", "Repurchase of Capital Stock": "-", "Free Cash Flow": "14,702"}, "12/31/2020": {"Duration": "12/31/2020", "Operating Cash Flow": "31,145", "Investing Cash Flow": "-15,157", "Financing Cash Flow": "-17,043", "End Cash Position": "20,184", "Income Tax Paid Supplemental Data": "97", "Interest Paid Supplemental Data": "2,467", "Capital Expenditure": "-16,443", "Issuance of Capital Stock": "-", "Issuance of Debt": "20,000", "Repayment of Debt": "-35,074", "Repurchase of Capital Stock": "-", "Free Cash Flow": "14,702"}, "12/31/2019": {"Duration": "12/31/2019", "Operating Cash Flow": "49,381", "Investing Cash Flow": "-80,641", "Financing Cash Flow": "18,795", "End Cash Position": "21,239", "Income Tax Paid Supplemental Data": "942", "Interest Paid Supplemental Data": "2,733", "Capital Expenditure": "-80,709", "Issuance of Capital Stock": "0", "Issuance of Debt": "30,317", "Repayment of Debt": "-10,500", "Repurchase of Capital Stock": "0", "Free Cash Flow": "-31,328"}, "12/31/2018": {"Duration": "12/31/2018", "Operating Cash Flow": "64,237", "Investing Cash Flow": "-16,781", "Financing Cash Flow": "-15,301", "End Cash Position": "33,704", "Income Tax Paid Supplemental Data": "-", "Interest Paid Supplemental Data": "3,470", "Capital Expenditure": "-16,891", "Issuance of Capital Stock": "0", "Issuance of Debt": "13,500", "Repayment of Debt": "-27,400", "Repurchase of Capital Stock": "-10,000", "Free Cash Flow": "47,346"}}}}, {"CVAT": {"quote": {"05/12/2021": {"value": "0.0500", "Market Cap": "9.85M", "Beta (5Y Monthly)": "0.19", "PE Ratio (TTM)": "16.67", "EPS (TTM)": "0.0030", "Earnings Date": "N/A", "Forward Dividend & Yield": "N/A (N/A)", "Ex-Dividend Date": "N/A", "1y Target Est": "N/A"}}, "fin": {"TTM": {"Duration": "TTM", "Total Revenue": "1,776", "Cost of Revenue": "40", "Gross Profit": "1,736", "Operating Expense": "1,211", "Operating Income": "525", "Other Income Expense": "-", "Pretax Income": "514", "Tax Provision": "-", "Net Income Common Stockholders": "514", "Diluted NI Available to Com Stockholders": "514", "Basic EPS": "-", "Diluted EPS": "-", "Basic Average Shares": "-", "Diluted Average Shares": "-", "Total Operating Income as Reported": "525", "Total Expenses": "1,251", "Net Income from Continuing & Discontinued Operation": "514", "Normalized Income": "519.84", "EBIT": "525", "EBITDA": "619", "Reconciled Cost of Revenue": "40", "Reconciled Depreciation": "94", "Net Income from Continuing Operation Net Minority Interest": "514", "Total Unusual Items Excluding Goodwill": "-8", "Total Unusual Items": "-8", "Normalized EBITDA": "627", "Tax Rate for Calcs": "0", "Tax Effect of Unusual Items": "-2.16"}, "6/30/2020": {"Duration": "6/30/2020", "Total Revenue": "1,663", "Cost of Revenue": "40", "Gross Profit": "1,623", "Operating Expense": "1,487", "Operating Income": "136", "Other Income Expense": "-8", "Pretax Income": "128", "Tax Provision": "0", "Net Income Common Stockholders": "128", "Diluted NI Available to Com Stockholders": "128", "Basic EPS": "0.00", "Diluted EPS": "0.00", "Basic Average Shares": "196,998", "Diluted Average Shares": "196,998", "Total Operating Income as Reported": "136", "Total Expenses": "1,527", "Net Income from Continuing & Discontinued Operation": "128", "Normalized Income": "136", "EBIT": "136", "EBITDA": "-", "Reconciled Cost of Revenue": "40", "Reconciled Depreciation": "99", "Net Income from Continuing Operation Net Minority Interest": "128", "Total Unusual Items Excluding Goodwill": "-8", "Total Unusual Items": "-8", "Normalized EBITDA": "243", "Tax Rate for Calcs": "0", "Tax Effect of Unusual Items": "0"}, "6/30/2019": {"Duration": "6/30/2019", "Total Revenue": "1,090", "Cost of Revenue": "69", "Gross Profit": "1,021", "Operating Expense": "1,744", "Operating Income": "-723", "Other Income Expense": "-", "Pretax Income": "-723", "Tax Provision": "-", "Net Income Common Stockholders": "-723", "Diluted NI Available to Com Stockholders": "-723", "Basic EPS": "-0.00", "Diluted EPS": "-0.00", "Basic Average Shares": "196,998", "Diluted Average Shares": "196,998", "Total Operating Income as Reported": "-723", "Total Expenses": "1,813", "Net Income from Continuing & Discontinued Operation": "-723", "Normalized Income": "-723", "EBIT": "-723", "EBITDA": "-", "Reconciled Cost of Revenue": "69", "Reconciled Depreciation": "41", "Net Income from Continuing Operation Net Minority Interest": "-723", "Total Unusual Items Excluding Goodwill": "0", "Total Unusual Items": "0", "Normalized EBITDA": "-682", "Tax Rate for Calcs": "0", "Tax Effect of Unusual Items": "0"}, "6/30/2018": {"Duration": "6/30/2018", "Total Revenue": "1,303", "Cost of Revenue": "122", "Gross Profit": "1,181", "Operating Expense": "1,532", "Operating Income": "-351", "Other Income Expense": "101", "Pretax Income": "-250", "Tax Provision": "-", "Net Income Common Stockholders": "-250", "Diluted NI Available to Com Stockholders": "-250", "Basic EPS": "-0.00", "Diluted EPS": "-0.00", "Basic Average Shares": "197,148", "Diluted Average Shares": "197,148", "Total Operating Income as Reported": "-351", "Total Expenses": "1,654", "Net Income from Continuing & Discontinued Operation": "-250", "Normalized Income": "-351", "EBIT": "-351", "EBITDA": "-", "Reconciled Cost of Revenue": "122", "Reconciled Depreciation": "51", "Net Income from Continuing Operation Net Minority Interest": "-250", "Total Unusual Items Excluding Goodwill": "101", "Total Unusual Items": "101", "Normalized EBITDA": "-401", "Tax Rate for Calcs": "0", "Tax Effect of Unusual Items": "0"}}, "bs": {"6/30/2020": {"Duration": "6/30/2020", "Total Assets": "1,304", "Total Liabilities Net Minority Interest": "1,794", "Total Equity Gross Minority Interest": "-490", "Total Capitalization": "-386", "Common Stock Equity": "-490", "Capital Lease Obligations": "312", "Net Tangible Assets": "-490", "Working Capital": "-522", "Invested Capital": "-386", "Tangible Book Value": "-490", "Total Debt": "416", "Share Issued": "196,998", "Ordinary Shares Number": "196,998"}, "6/30/2019": {"Duration": "6/30/2019", "Total Assets": "1,021", "Total Liabilities Net Minority Interest": "1,840", "Total Equity Gross Minority Interest": "-819", "Total Capitalization": "-819", "Common Stock Equity": "-819", "Capital Lease Obligations": "-", "Net Tangible Assets": "-819", "Working Capital": "-894", "Invested Capital": "-819", "Tangible Book Value": "-819", "Total Debt": "-", "Share Issued": "196,998", "Ordinary Shares Number": "196,998"}, "6/30/2018": {"Duration": "6/30/2018", "Total Assets": "1,079", "Total Liabilities Net Minority Interest": "1,624", "Total Equity Gross Minority Interest": "-545", "Total Capitalization": "-545", "Common Stock Equity": "-545", "Capital Lease Obligations": "-", "Net Tangible Assets": "-545", "Working Capital": "-645", "Invested Capital": "-545", "Tangible Book Value": "-545", "Total Debt": "-", "Share Issued": "196,998", "Ordinary Shares Number": "196,998"}}, "cf": {"TTM": {"Duration": "TTM", "Operating Cash Flow": "76", "Investing Cash Flow": "-175", "Financing Cash Flow": "254", "End Cash Position": "892", "Income Tax Paid Supplemental Data": "0", "Interest Paid Supplemental Data": "0", "Capital Expenditure": "-", "Issuance of Debt": "254", "Free Cash Flow": "-99"}, "6/30/2020": {"Duration": "6/30/2020", "Operating Cash Flow": "56", "Investing Cash Flow": "-50", "Financing Cash Flow": "104", "End Cash Position": "759", "Income Tax Paid Supplemental Data": "0", "Interest Paid Supplemental Data": "0", "Capital Expenditure": "-50", "Issuance of Debt": "104", "Free Cash Flow": "6"}, "6/30/2019": {"Duration": "6/30/2019", "Operating Cash Flow": "-280", "Investing Cash Flow": "-16", "Financing Cash Flow": "-", "End Cash Position": "649", "Income Tax Paid Supplemental Data": "2", "Interest Paid Supplemental Data": "0", "Capital Expenditure": "-16", "Issuance of Debt": "-", "Free Cash Flow": "-296"}, "6/30/2018": {"Duration": "6/30/2018", "Operating Cash Flow": "396", "Investing Cash Flow": "0", "Financing Cash Flow": "-", "End Cash Position": "945", "Income Tax Paid Supplemental Data": "-2", "Interest Paid Supplemental Data": "0", "Capital Expenditure": "-", "Issuance of Debt": "-", "Free Cash Flow": "396"}}}}, {"GROG": {"fin": {}, "bs": {}, "cf": {}}}]