[{"GLP": {"quote": {"05/12/2021": {"value": "23.22", "Market Cap": "789.378M", "Beta (5Y Monthly)": "1.42", "PE Ratio (TTM)": "8.47", "EPS (TTM)": "2.74", "Earnings Date": "Aug 04, 2021 - Aug 09, 2021", "Forward Dividend & Yield": "2.30 (9.88%)", "Ex-Dividend Date": "May 07, 2021", "1y Target Est": "21.00"}}, "fin": {"TTM": {"Duration": "TTM", "Total Revenue": "8,279,833", "Cost of Revenue": "7,559,401", "Gross Profit": "720,432", "Operating Expense": "530,057", "Operating Income": "190,375", "Net Non Operating Interest Income Expense": "-82,297", "Other Income Expense": "-8,148", "Pretax Income": "99,930", "Tax Provision": "5,620", "Net Income Common Stockholders": "85,655", "Diluted NI Available to Com Stockholders": "85,655", "Basic EPS": "-", "Diluted EPS": "-", "Basic Average Shares": "-", "Diluted Average Shares": "-", "Total Operating Income as Reported": "189,391", "Total Expenses": "8,089,458", "Net Income from Continuing & Discontinued Operation": "94,637", "Normalized Income": "102,327", "Interest Expense": "82,297", "Net Interest Income": "-82,297", "EBIT": "182,227", "EBITDA": "281,562", "Reconciled Cost of Revenue": "7,470,916", "Reconciled Depreciation": "99,335", "Net Income from Continuing Operation Net Minority Interest": "94,637", "Total Unusual Items Excluding Goodwill": "-8,148", "Total Unusual Items": "-8,148", "Normalized EBITDA": "289,710", "Tax Rate for Calcs": "0", "Tax Effect of Unusual Items": "-458.2384"}, "12/31/2020": {"Duration": "12/31/2020", "Total Revenue": "8,321,599", "Cost of Revenue": "7,600,461", "Gross Profit": "721,138", "Operating Expense": "526,670", "Operating Income": "194,468", "Net Non Operating Interest Income Expense": "-83,539", "Other Income Expense": "-9,366", "Pretax Income": "101,563", "Tax Provision": "-119", "Net Income Common Stockholders": "94,083", "Diluted NI Available to Com Stockholders": "94,083", "Basic EPS": "-", "Diluted EPS": "-", "Basic Average Shares": "-", "Diluted Average Shares": "-", "Total Operating Income as Reported": "192,266", "Total Expenses": "8,127,131", "Net Income from Continuing & Discontinued Operation": "102,210", "Normalized Income": "109,047", "Interest Expense": "83,539", "Net Interest Income": "-83,539", "EBIT": "185,102", "EBITDA": "-", "Reconciled Cost of Revenue": "7,511,165", "Reconciled Depreciation": "100,135", "Net Income from Continuing Operation Net Minority Interest": "102,210", "Total Unusual Items Excluding Goodwill": "-9,366", "Total Unusual Items": "-9,366", "Normalized EBITDA": "294,603", "Tax Rate for Calcs": "0", "Tax Effect of Unusual Items": "-2,529"}, "12/31/2019": {"Duration": "12/31/2019", "Total Revenue": "13,081,730", "Cost of Revenue": "12,418,973", "Gross Profit": "662,757", "Operating Expense": "524,750", "Operating Income": "138,007", "Net Non Operating Interest Income Expense": "-89,856", "Other Income Expense": "-11,879", "Pretax Income": "36,272", "Tax Provision": "1,094", "Net Income Common Stockholders": "27,760", "Diluted NI Available to Com Stockholders": "27,760", "Basic EPS": "0.82", "Diluted EPS": "0.81", "Basic Average Shares": "33,810", "Diluted Average Shares": "34,339", "Total Operating Income as Reported": "139,208", "Total Expenses": "12,943,723", "Net Income from Continuing & Discontinued Operation": "35,867", "Normalized Income": "47,390", "Interest Expense": "89,856", "Net Interest Income": "-89,856", "EBIT": "126,128", "EBITDA": "-", "Reconciled Cost of Revenue": "12,322,212", "Reconciled Depreciation": "108,192", "Net Income from Continuing Operation Net Minority Interest": "35,867", "Total Unusual Items Excluding Goodwill": "-11,879", "Total Unusual Items": "-11,879", "Normalized EBITDA": "246,199", "Tax Rate for Calcs": "0", "Tax Effect of Unusual Items": "-356.37"}, "12/31/2018": {"Duration": "12/31/2018", "Total Revenue": "12,672,602", "Cost of Revenue": "12,022,193", "Gross Profit": "650,409", "Operating Expense": "450,450", "Operating Income": "199,959", "Net Non Operating Interest Income Expense": "-89,145", "Other Income Expense": "-2,788", "Pretax Income": "108,026", "Tax Provision": "5,623", "Net Income Common Stockholders": "100,181", "Diluted NI Available to Com Stockholders": "100,181", "Basic EPS": "2.97", "Diluted EPS": "2.95", "Basic Average Shares": "33,701", "Diluted Average Shares": "33,972", "Total Operating Income as Reported": "197,171", "Total Expenses": "12,472,643", "Net Income from Continuing & Discontinued Operation": "103,905", "Normalized Income": "106,548", "Interest Expense": "89,145", "Net Interest Income": "-89,145", "EBIT": "197,171", "EBITDA": "-", "Reconciled Cost of Revenue": "11,926,315", "Reconciled Depreciation": "106,838", "Net Income from Continuing Operation Net Minority Interest": "103,905", "Total Unusual Items Excluding Goodwill": "-2,788", "Total Unusual Items": "-2,788", "Normalized EBITDA": "306,797", "Tax Rate for Calcs": "0", "Tax Effect of Unusual Items": "-144.976"}, "12/31/2017": {"Duration": "12/31/2017", "Total Revenue": "8,920,552", "Cost of Revenue": "8,337,500", "Gross Profit": "583,052", "Operating Expense": "464,083", "Operating Income": "118,969", "Net Non Operating Interest Income Expense": "-86,230", "Other Income Expense": "815", "Pretax Income": "33,554", "Tax Provision": "-23,563", "Net Income Common Stockholders": "58,358", "Diluted NI Available to Com Stockholders": "58,358", "Basic EPS": "1.74", "Diluted EPS": "1.74", "Basic Average Shares": "33,589", "Diluted Average Shares": "33,634", "Total Operating Income as Reported": "119,784", "Total Expenses": "8,801,583", "Net Income from Continuing & Discontinued Operation": "58,752", "Normalized Income": "58,263", "Interest Expense": "86,230", "Net Interest Income": "-86,230", "EBIT": "119,784", "EBITDA": "-", "Reconciled Cost of Revenue": "8,241,054", "Reconciled Depreciation": "105,652", "Net Income from Continuing Operation Net Minority Interest": "58,752", "Total Unusual Items Excluding Goodwill": "815", "Total Unusual Items": "815", "Normalized EBITDA": "224,621", "Tax Rate for Calcs": "0", "Tax Effect of Unusual Items": "326"}, "12/31/2016": {"Duration": "12/31/2016", "Total Revenue": "8,239,639", "Cost of Revenue": "7,693,149", "Gross Profit": "546,490", "Operating Expense": "447,609", "Operating Income": "98,881", "Net Non Operating Interest Income Expense": "-86,319", "Other Income Expense": "-251,132", "Pretax Income": "-238,570", "Tax Provision": "53", "Net Income Common Stockholders": "-198,076", "Diluted NI Available to Com Stockholders": "-198,076", "Basic EPS": "-5.91", "Diluted EPS": "-5.91", "Basic Average Shares": "33,525", "Diluted Average Shares": "33,525", "Total Operating Income as Reported": "-152,251", "Total Expenses": "8,140,758", "Net Income from Continuing & Discontinued Operation": "-199,412", "Normalized Income": "-48,733", "Interest Expense": "86,319", "Net Interest Income": "-86,319", "EBIT": "-152,251", "EBITDA": "-", "Reconciled Cost of Revenue": "7,590,596", "Reconciled Depreciation": "111,942", "Net Income from Continuing Operation Net Minority Interest": "-199,412", "Total Unusual Items Excluding Goodwill": "-251,132", "Total Unusual Items": "-251,132", "Normalized EBITDA": "210,823", "Tax Rate for Calcs": "0", "Tax Effect of Unusual Items": "-100,453"}, "12/31/2015": {"Duration": "12/31/2015", "Total Revenue": "10,314,852", "Cost of Revenue": "9,717,183", "Gross Profit": "597,669", "Operating Expense": "480,849", "Operating Income": "116,820", "Net Non Operating Interest Income Expense": "-73,332", "Other Income Expense": "-2,097", "Pretax Income": "41,391", "Tax Provision": "-1,873", "Net Income Common Stockholders": "35,896", "Diluted NI Available to Com Stockholders": "35,896", "Basic EPS": "1.12", "Diluted EPS": "1.11", "Basic Average Shares": "32,178", "Diluted Average Shares": "32,323", "Total Operating Income as Reported": "114,723", "Total Expenses": "10,198,032", "Net Income from Continuing & Discontinued Operation": "43,563", "Normalized Income": "44,821", "Interest Expense": "73,332", "Net Interest Income": "-73,332", "EBIT": "114,723", "EBITDA": "-", "Reconciled Cost of Revenue": "9,614,831", "Reconciled Depreciation": "115,851", "Net Income from Continuing Operation Net Minority Interest": "43,563", "Total Unusual Items Excluding Goodwill": "-2,097", "Total Unusual Items": "-2,097", "Normalized EBITDA": "232,671", "Tax Rate for Calcs": "0", "Tax Effect of Unusual Items": "-838.8"}, "12/31/2014": {"Duration": "12/31/2014", "Total Revenue": "17,269,954", "Cost of Revenue": "16,727,349", "Gross Profit": "542,605", "Operating Expense": "376,898", "Operating Income": "165,707", "Net Non Operating Interest Income Expense": "-47,764", "Other Income Expense": "-2,182", "Pretax Income": "117,943", "Tax Provision": "963", "Net Income Common Stockholders": "108,728", "Diluted NI Available to Com Stockholders": "108,728", "Basic EPS": "3.97", "Diluted EPS": "3.95", "Basic Average Shares": "27,420", "Diluted Average Shares": "27,502", "Total Operating Income as Reported": "165,707", "Total Expenses": "17,104,247", "Net Income from Continuing & Discontinued Operation": "114,709", "Normalized Income": "114,709", "Interest Expense": "47,764", "Net Interest Income": "-47,764", "EBIT": "165,707", "EBITDA": "-", "Reconciled Cost of Revenue": "16,659,852", "Reconciled Depreciation": "86,364", "Net Income from Continuing Operation Net Minority Interest": "114,709", "Total Unusual Items Excluding Goodwill": "-2,182", "Total Unusual Items": "-", "Normalized EBITDA": "252,071", "Tax Rate for Calcs": "0", "Tax Effect of Unusual Items": "0"}, "12/31/2013": {"Duration": "12/31/2013", "Total Revenue": "19,589,608", "Cost of Revenue": "19,183,779", "Gross Profit": "405,829", "Operating Expense": "320,420", "Operating Income": "85,409", "Net Non Operating Interest Income Expense": "-43,537", "Other Income Expense": "0", "Pretax Income": "41,872", "Tax Provision": "819", "Net Income Common Stockholders": "39,094", "Diluted NI Available to Com Stockholders": "39,094", "Basic EPS": "1.43", "Diluted EPS": "1.42", "Basic Average Shares": "27,329", "Diluted Average Shares": "27,560", "Total Operating Income as Reported": "85,409", "Total Expenses": "19,504,199", "Net Income from Continuing & Discontinued Operation": "42,615", "Normalized Income": "42,615", "Interest Expense": "43,537", "Net Interest Income": "-43,537", "EBIT": "85,409", "EBITDA": "-", "Reconciled Cost of Revenue": "19,125,861", "Reconciled Depreciation": "77,134", "Net Income from Continuing Operation Net Minority Interest": "42,615", "Total Unusual Items Excluding Goodwill": "0", "Total Unusual Items": "0", "Normalized EBITDA": "162,543", "Tax Rate for Calcs": "0", "Tax Effect of Unusual Items": "0"}, "12/31/2012": {"Duration": "12/31/2012", "Total Revenue": "17,625,997", "Cost of Revenue": "17,292,509", "Gross Profit": "333,488", "Operating Expense": "248,900", "Operating Income": "84,588", "Net Non Operating Interest Income Expense": "-36,268", "Other Income Expense": "0", "Pretax Income": "48,320", "Tax Provision": "1,577", "Net Income Common Stockholders": "45,531", "Diluted NI Available to Com Stockholders": "45,531", "Basic EPS": "1.73", "Diluted EPS": "1.71", "Basic Average Shares": "26,393", "Diluted Average Shares": "26,567", "Total Operating Income as Reported": "84,588", "Total Expenses": "17,541,409", "Net Income from Continuing & Discontinued Operation": "46,743", "Normalized Income": "46,743", "Interest Expense": "36,268", "Net Interest Income": "-36,268", "EBIT": "84,588", "EBITDA": "-", "Reconciled Cost of Revenue": "17,254,075", "Reconciled Depreciation": "45,458", "Net Income from Continuing Operation Net Minority Interest": "46,743", "Total Unusual Items Excluding Goodwill": "0", "Total Unusual Items": "0", "Normalized EBITDA": "130,046", "Tax Rate for Calcs": "0", "Tax Effect of Unusual Items": "0"}, "12/31/2011": {"Duration": "12/31/2011", "Total Revenue": "14,835,729", "Cost of Revenue": "14,626,131", "Gross Profit": "209,598", "Operating Expense": "156,939", "Operating Income": "52,659", "Net Non Operating Interest Income Expense": "-31,209", "Other Income Expense": "-2,030", "Pretax Income": "19,420", "Tax Provision": "68", "Net Income Common Stockholders": "18,668", "Diluted NI Available to Com Stockholders": "-", "Basic EPS": "0.88", "Diluted EPS": "0.87", "Basic Average Shares": "21,280", "Diluted Average Shares": "21,474", "Total Operating Income as Reported": "50,629", "Total Expenses": "14,783,070", "Net Income from Continuing & Discontinued Operation": "19,352", "Normalized Income": "21,375", "Interest Expense": "31,209", "Net Interest Income": "-31,209", "EBIT": "50,629", "EBITDA": "-", "Reconciled Cost of Revenue": "14,600,572", "Reconciled Depreciation": "30,359", "Net Income from Continuing Operation Net Minority Interest": "19,352", "Total Unusual Items Excluding Goodwill": "-2,030", "Total Unusual Items": "-2,030", "Normalized EBITDA": "83,018", "Tax Rate for Calcs": "0", "Tax Effect of Unusual Items": "-7.1081"}, "12/31/2010": {"Duration": "12/31/2010", "Total Revenue": "7,801,559", "Cost of Revenue": "7,634,841", "Gross Profit": "166,718", "Operating Expense": "117,370", "Operating Income": "49,348", "Net Non Operating Interest Income Expense": "-22,310", "Other Income Expense": "0", "Pretax Income": "27,038", "Tax Provision": "0", "Net Income Common Stockholders": "26,361", "Diluted NI Available to Com Stockholders": "-", "Basic EPS": "1.61", "Diluted EPS": "1.59", "Basic Average Shares": "16,346", "Diluted Average Shares": "16,597", "Total Operating Income as Reported": "49,348", "Total Expenses": "7,752,211", "Net Income from Continuing & Discontinued Operation": "27,038", "Normalized Income": "27,038", "Interest Expense": "22,310", "Net Interest Income": "-22,310", "EBIT": "49,348", "EBITDA": "-", "Reconciled Cost of Revenue": "7,618,285", "Reconciled Depreciation": "20,082", "Net Income from Continuing Operation Net Minority Interest": "27,038", "Total Unusual Items Excluding Goodwill": "-", "Total Unusual Items": "-", "Normalized EBITDA": "69,430", "Tax Rate for Calcs": "0", "Tax Effect of Unusual Items": "0"}, "12/31/2009": {"Duration": "12/31/2009", "Total Revenue": "5,818,411", "Cost of Revenue": "5,668,583", "Gross Profit": "149,828", "Operating Expense": "99,077", "Operating Income": "50,751", "Net Non Operating Interest Income Expense": "-15,188", "Other Income Expense": "0", "Pretax Income": "35,563", "Tax Provision": "1,429", "Net Income Common Stockholders": "33,343", "Diluted NI Available to Com Stockholders": "33,343", "Basic EPS": "2.56", "Diluted EPS": "2.51", "Basic Average Shares": "13,017", "Diluted Average Shares": "13,279", "Total Operating Income as Reported": "50,751", "Total Expenses": "5,767,660", "Net Income from Continuing & Discontinued Operation": "33,343", "Normalized Income": "33,343", "Interest Expense": "15,188", "Net Interest Income": "-15,188", "EBIT": "50,751", "EBITDA": "-", "Reconciled Cost of Revenue": "5,656,829", "Reconciled Depreciation": "14,740", "Net Income from Continuing Operation Net Minority Interest": "33,343", "Total Unusual Items Excluding Goodwill": "0", "Total Unusual Items": "-", "Normalized EBITDA": "65,491", "Tax Rate for Calcs": "0", "Tax Effect of Unusual Items": "0"}, "12/31/2008": {"Duration": "12/31/2008", "Total Revenue": "9,019,123", "Cost of Revenue": "8,899,332", "Gross Profit": "119,791", "Operating Expense": "76,725", "Operating Income": "43,066", "Net Non Operating Interest Income Expense": "-", "Other Income Expense": "-60", "Pretax Income": "22,207", "Tax Provision": "1,152", "Net Income Common Stockholders": "21,055", "Diluted NI Available to Com Stockholders": "21,055", "Basic EPS": "1.40", "Diluted EPS": "1.40", "Basic Average Shares": "13,071", "Diluted Average Shares": "13,071", "Total Operating Income as Reported": "43,066", "Total Expenses": "8,976,057", "Net Income from Continuing & Discontinued Operation": "21,055", "Normalized Income": "21,055", "Interest Expense": "20,799", "Net Interest Income": "-20,799", "EBIT": "43,066", "EBITDA": "-", "Reconciled Cost of Revenue": "8,887,143", "Reconciled Depreciation": "15,126", "Net Income from Continuing Operation Net Minority Interest": "21,055", "Total Unusual Items Excluding Goodwill": "-", "Total Unusual Items": "-", "Normalized EBITDA": "58,192", "Tax Rate for Calcs": "0", "Tax Effect of Unusual Items": "0"}, "12/31/2007": {"Duration": "12/31/2007", "Total Revenue": "6,757,834", "Cost of Revenue": "6,630,850", "Gross Profit": "126,984", "Operating Expense": "75,490", "Operating Income": "51,494", "Net Non Operating Interest Income Expense": "-", "Other Income Expense": "14,118", "Pretax Income": "48,204", "Tax Provision": "1,191", "Net Income Common Stockholders": "47,013", "Diluted NI Available to Com Stockholders": "47,013", "Basic EPS": "1.38", "Diluted EPS": "1.38", "Basic Average Shares": "12,444", "Diluted Average Shares": "12,444", "Total Operating Income as Reported": "51,494", "Total Expenses": "6,706,340", "Net Income from Continuing & Discontinued Operation": "47,013", "Normalized Income": "33,244", "Interest Expense": "17,408", "Net Interest Income": "-17,408", "EBIT": "51,494", "EBITDA": "-", "Reconciled Cost of Revenue": "6,623,487", "Reconciled Depreciation": "9,613", "Net Income from Continuing Operation Net Minority Interest": "47,013", "Total Unusual Items Excluding Goodwill": "14,118", "Total Unusual Items": "14,118", "Normalized EBITDA": "46,989", "Tax Rate for Calcs": "0", "Tax Effect of Unusual Items": "348.8204"}, "12/31/2006": {"Duration": "12/31/2006", "Total Revenue": "4,472,418", "Cost of Revenue": "4,359,192", "Gross Profit": "113,226", "Operating Expense": "66,713", "Operating Income": "46,513", "Net Non Operating Interest Income Expense": "-", "Other Income Expense": "515", "Pretax Income": "35,127", "Tax Provision": "1,666", "Net Income Common Stockholders": "33,461", "Diluted NI Available to Com Stockholders": "33,461", "Basic EPS": "2.46", "Diluted EPS": "2.46", "Basic Average Shares": "11,285", "Diluted Average Shares": "11,285", "Total Operating Income as Reported": "46,513", "Total Expenses": "4,425,905", "Net Income from Continuing & Discontinued Operation": "33,461", "Normalized Income": "32,970", "Interest Expense": "11,901", "Net Interest Income": "-11,901", "EBIT": "46,513", "EBITDA": "-", "Reconciled Cost of Revenue": "4,356,610", "Reconciled Depreciation": "4,110", "Net Income from Continuing Operation Net Minority Interest": "33,461", "Total Unusual Items Excluding Goodwill": "515", "Total Unusual Items": "515", "Normalized EBITDA": "50,108", "Tax Rate for Calcs": "0", "Tax Effect of Unusual Items": "24.4254"}, "12/31/2005": {"Duration": "12/31/2005", "Total Revenue": "1,248,899", "Cost of Revenue": "1,219,991", "Gross Profit": "28,908", "Operating Expense": "15,828", "Operating Income": "13,080", "Net Non Operating Interest Income Expense": "-", "Other Income Expense": "0", "Pretax Income": "10,394", "Tax Provision": "986", "Net Income Common Stockholders": "9,407", "Diluted NI Available to Com Stockholders": "9,407", "Basic EPS": "0.70", "Diluted EPS": "0.70", "Basic Average Shares": "11,285", "Diluted Average Shares": "11,285", "Total Operating Income as Reported": "13,080", "Total Expenses": "1,235,819", "Net Income from Continuing & Discontinued Operation": "9,407", "Normalized Income": "9,407", "Interest Expense": "2,686", "Net Interest Income": "-2,686", "EBIT": "13,080", "EBITDA": "-", "Reconciled Cost of Revenue": "1,219,427", "Reconciled Depreciation": "953", "Net Income from Continuing Operation Net Minority Interest": "9,407", "Total Unusual Items Excluding Goodwill": "-", "Total Unusual Items": "-", "Normalized EBITDA": "14,033", "Tax Rate for Calcs": "0", "Tax Effect of Unusual Items": "0"}, "12/31/2004": {"Duration": "12/31/2004", "Total Revenue": "3,187,569", "Cost of Revenue": "3,111,697", "Gross Profit": "75,872", "Operating Expense": "57,823", "Operating Income": "18,049", "Net Non Operating Interest Income Expense": "-", "Other Income Expense": "-", "Pretax Income": "-", "Tax Provision": "-", "Net Income Common Stockholders": "17,309", "Diluted NI Available to Com Stockholders": "17,309", "Basic EPS": "3.07", "Diluted EPS": "3.07", "Basic Average Shares": "5,642", "Diluted Average Shares": "5,642", "Total Operating Income as Reported": "18,049", "Total Expenses": "3,169,520", "Net Income from Continuing & Discontinued Operation": "17,309", "Normalized Income": "17,309", "Interest Expense": "4,700", "Net Interest Income": "-4,700", "EBIT": "18,049", "EBITDA": "-", "Reconciled Cost of Revenue": "3,109,289", "Reconciled Depreciation": "3,232", "Net Income from Continuing Operation Net Minority Interest": "17,309", "Total Unusual Items Excluding Goodwill": "-", "Total Unusual Items": "-", "Normalized EBITDA": "21,281", "Tax Rate for Calcs": "0", "Tax Effect of Unusual Items": "0"}, "12/31/2003": {"Duration": "12/31/2003", "Total Revenue": "2,478,500", "Cost of Revenue": "2,411,400", "Gross Profit": "67,100", "Operating Expense": "49,100", "Operating Income": "18,000", "Net Non Operating Interest Income Expense": "-", "Other Income Expense": "-2,000", "Pretax Income": "16,000", "Tax Provision": "0", "Net Income Common Stockholders": "0", "Diluted NI Available to Com Stockholders": "0", "Basic EPS": "0.00", "Diluted EPS": "0.00", "Basic Average Shares": "5,642", "Diluted Average Shares": "5,642", "Total Operating Income as Reported": "18,000", "Total Expenses": "2,460,500", "Net Income from Continuing & Discontinued Operation": "16,000", "Normalized Income": "16,000", "Interest Expense": "2,000", "Net Interest Income": "-", "EBIT": "18,000", "EBITDA": "-", "Reconciled Cost of Revenue": "2,411,400", "Reconciled Depreciation": "-", "Net Income from Continuing Operation Net Minority Interest": "16,000", "Total Unusual Items Excluding Goodwill": "0", "Total Unusual Items": "-", "Normalized EBITDA": "18,000", "Tax Rate for Calcs": "0", "Tax Effect of Unusual Items": "0"}, "12/31/2002": {"Duration": "12/31/2002", "Total Revenue": "1,594,100", "Cost of Revenue": "1,538,900", "Gross Profit": "55,200", "Operating Expense": "45,200", "Operating Income": "10,000", "Net Non Operating Interest Income Expense": "-", "Other Income Expense": "1,100", "Pretax Income": "6,000", "Tax Provision": "-", "Net Income Common Stockholders": "0", "Diluted NI Available to Com Stockholders": "0", "Basic EPS": "0.00", "Diluted EPS": "0.00", "Basic Average Shares": "5,642", "Diluted Average Shares": "5,642", "Total Operating Income as Reported": "10,000", "Total Expenses": "1,584,100", "Net Income from Continuing & Discontinued Operation": "6,000", "Normalized Income": "5,340", "Interest Expense": "2,200", "Net Interest Income": "-", "EBIT": "10,000", "EBITDA": "-", "Reconciled Cost of Revenue": "1,538,900", "Reconciled Depreciation": "0", "Net Income from Continuing Operation Net Minority Interest": "6,000", "Total Unusual Items Excluding Goodwill": "1,100", "Total Unusual Items": "1,100", "Normalized EBITDA": "8,900", "Tax Rate for Calcs": "0", "Tax Effect of Unusual Items": "440"}, "12/31/2001": {"Duration": "12/31/2001", "Total Revenue": "1,753,600", "Cost of Revenue": "1,691,100", "Gross Profit": "62,500", "Operating Expense": "26,800", "Operating Income": "35,700", "Net Non Operating Interest Income Expense": "-", "Other Income Expense": "700", "Pretax Income": "20,600", "Tax Provision": "0", "Net Income Common Stockholders": "20,600", "Diluted NI Available to Com Stockholders": "20,600", "Basic EPS": "3.65", "Diluted EPS": "3.65", "Basic Average Shares": "5,642", "Diluted Average Shares": "5,642", "Total Operating Income as Reported": "19,900", "Total Expenses": "1,717,900", "Net Income from Continuing & Discontinued Operation": "20,600", "Normalized Income": "20,600", "Interest Expense": "3,000", "Net Interest Income": "-", "EBIT": "35,700", "EBITDA": "-", "Reconciled Cost of Revenue": "1,691,100", "Reconciled Depreciation": "0", "Net Income from Continuing Operation Net Minority Interest": "20,600", "Total Unusual Items Excluding Goodwill": "-", "Total Unusual Items": "-", "Normalized EBITDA": "35,700", "Tax Rate for Calcs": "0", "Tax Effect of Unusual Items": "0"}}, "bs": {"12/31/2020": {"Duration": "12/31/2020", "Total Assets": "2,540,500", "Total Liabilities Net Minority Interest": "2,045,001", "Total Equity Gross Minority Interest": "495,499", "Total Capitalization": "1,505,104", "Common Stock Equity": "495,499", "Capital Lease Obligations": "302,024", "Net Tangible Assets": "-359,490", "Working Capital": "283,899", "Invested Capital": "1,539,504", "Tangible Book Value": "136,009", "Total Debt": "1,346,029", "Net Debt": "1,034,291", "Share Issued": "33,996", "Ordinary Shares Number": "33,966", "Preferred Shares Number": "2,760", "Treasury Shares Number": "29.383"}, "12/31/2019": {"Duration": "12/31/2019", "Total Assets": "2,808,427", "Total Liabilities Net Minority Interest": "2,349,188", "Total Equity Gross Minority Interest": "459,239", "Total Capitalization": "1,516,298", "Common Stock Equity": "458,065", "Capital Lease Obligations": "307,509", "Net Tangible Assets": "-371,239", "Working Capital": "250,625", "Invested Capital": "1,665,198", "Tangible Book Value": "86,826", "Total Debt": "1,514,642", "Net Debt": "1,195,091", "Share Issued": "33,996", "Ordinary Shares Number": "33,867", "Preferred Shares Number": "2,760", "Treasury Shares Number": "128.17"}, "12/31/2018": {"Duration": "12/31/2018", "Total Assets": "2,424,291", "Total Liabilities Net Minority Interest": "1,925,097", "Total Equity Gross Minority Interest": "499,194", "Total Capitalization": "1,531,786", "Common Stock Equity": "497,331", "Capital Lease Obligations": "149,997", "Net Tangible Assets": "-385,938", "Working Capital": "292,156", "Invested Capital": "1,635,086", "Tangible Book Value": "111,393", "Total Debt": "1,137,755", "Net Debt": "1,129,634", "Share Issued": "33,996", "Ordinary Shares Number": "33,751", "Preferred Shares Number": "2,760", "Treasury Shares Number": "244.128"}, "12/31/2017": {"Duration": "12/31/2017", "Total Assets": "2,320,169", "Total Liabilities Net Minority Interest": "1,925,851", "Total Equity Gross Minority Interest": "394,318", "Total Capitalization": "1,348,727", "Common Stock Equity": "390,953", "Capital Lease Obligations": "150,334", "Net Tangible Assets": "-368,946", "Working Capital": "209,478", "Invested Capital": "1,475,427", "Tangible Book Value": "22,007", "Total Debt": "1,084,474", "Net Debt": "1,069,616", "Share Issued": "33,996", "Ordinary Shares Number": "33,645", "Preferred Shares Number": "-", "Treasury Shares Number": "350.471"}, "12/31/2016": {"Duration": "12/31/2016", "Total Assets": "2,564,020", "Total Liabilities Net Minority Interest": "2,166,179", "Total Equity Gross Minority Interest": "397,841", "Total Capitalization": "1,418,505", "Common Stock Equity": "392,655", "Capital Lease Obligations": "152,444", "Net Tangible Assets": "-359,781", "Working Capital": "276,241", "Invested Capital": "1,693,105", "Tangible Book Value": "32,874", "Total Debt": "1,300,450", "Net Debt": "1,290,422", "Share Issued": "33,996", "Ordinary Shares Number": "33,544", "Preferred Shares Number": "-", "Treasury Shares Number": "451.894"}, "12/31/2015": {"Duration": "12/31/2015", "Total Assets": "2,663,675", "Total Liabilities Net Minority Interest": "1,969,691", "Total Equity Gross Minority Interest": "693,984", "Total Capitalization": "1,723,353", "Common Stock Equity": "647,789", "Capital Lease Obligations": "89,790", "Net Tangible Assets": "-511,063", "Working Capital": "272,301", "Invested Capital": "1,821,453", "Tangible Book Value": "136,726", "Total Debt": "1,173,664", "Net Debt": "1,172,548", "Share Issued": "33,996", "Ordinary Shares Number": "33,507", "Preferred Shares Number": "-", "Treasury Shares Number": "488.719"}, "12/31/2014": {"Duration": "12/31/2014", "Total Assets": "2,039,977", "Total Liabilities Net Minority Interest": "1,403,821", "Total Equity Gross Minority Interest": "636,156", "Total Capitalization": "1,188,878", "Common Stock Equity": "586,942", "Capital Lease Obligations": "-", "Net Tangible Assets": "-202,980", "Working Capital": "253,732", "Invested Capital": "1,189,578", "Tangible Book Value": "383,962", "Total Debt": "602,636", "Net Debt": "597,398", "Share Issued": "30,996", "Ordinary Shares Number": "30,605", "Preferred Shares Number": "-", "Treasury Shares Number": "390.602"}, "12/31/2013": {"Duration": "12/31/2013", "Total Assets": "2,427,922", "Total Liabilities Net Minority Interest": "1,964,742", "Total Equity Gross Minority Interest": "463,180", "Total Capitalization": "1,325,205", "Common Stock Equity": "415,237", "Capital Lease Obligations": "-", "Net Tangible Assets": "-221,847", "Working Capital": "401,739", "Invested Capital": "1,328,905", "Tangible Book Value": "193,390", "Total Debt": "913,668", "Net Debt": "904,451", "Share Issued": "27,431", "Ordinary Shares Number": "27,261", "Preferred Shares Number": "-", "Treasury Shares Number": "169.816"}, "12/31/2012": {"Duration": "12/31/2012", "Total Assets": "2,329,752", "Total Liabilities Net Minority Interest": "1,893,291", "Total Equity Gross Minority Interest": "436,461", "Total Capitalization": "1,199,215", "Common Stock Equity": "436,461", "Capital Lease Obligations": "-", "Net Tangible Assets": "-93,148", "Working Capital": "461,738", "Invested Capital": "1,282,961", "Tangible Book Value": "343,313", "Total Debt": "846,500", "Net Debt": "840,523", "Share Issued": "27,431", "Ordinary Shares Number": "27,311", "Preferred Shares Number": "-", "Treasury Shares Number": "119.915"}, "12/31/2011": {"Duration": "12/31/2011", "Total Assets": "1,868,851", "Total Liabilities Net Minority Interest": "1,553,562", "Total Equity Gross Minority Interest": "315,289", "Total Capitalization": "1,046,384", "Common Stock Equity": "315,289", "Capital Lease Obligations": "-", "Net Tangible Assets": "-36,710", "Working Capital": "641,810", "Invested Capital": "1,109,189", "Tangible Book Value": "278,579", "Total Debt": "793,900", "Net Debt": "789,572", "Share Issued": "21,581", "Ordinary Shares Number": "21,562", "Preferred Shares Number": "-", "Treasury Shares Number": "18.632"}, "12/31/2010": {"Duration": "12/31/2010", "Total Assets": "1,672,316", "Total Liabilities Net Minority Interest": "1,395,500", "Total Equity Gross Minority Interest": "276,816", "Total Capitalization": "870,318", "Common Stock Equity": "-13,762", "Capital Lease Obligations": "-", "Net Tangible Assets": "-53,827", "Working Capital": "445,964", "Invested Capital": "772,938", "Tangible Book Value": "-53,827", "Total Debt": "786,700", "Net Debt": "768,838", "Share Issued": "18,936", "Ordinary Shares Number": "18,875", "Preferred Shares Number": "-", "Treasury Shares Number": "60.51"}, "12/31/2009": {"Duration": "12/31/2009", "Total Assets": "1,052,703", "Total Liabilities Net Minority Interest": "895,283", "Total Equity Gross Minority Interest": "157,420", "Total Capitalization": "398,309", "Common Stock Equity": "157,420", "Capital Lease Obligations": "-", "Net Tangible Assets": "-28,557", "Working Capital": "295,223", "Invested Capital": "620,020", "Tangible Book Value": "128,863", "Total Debt": "462,600", "Net Debt": "461,938", "Share Issued": "13,071", "Ordinary Shares Number": "13,023", "Preferred Shares Number": "-", "Treasury Shares Number": "47.143"}, "12/31/2008": {"Duration": "12/31/2008", "Total Assets": "889,262", "Total Liabilities Net Minority Interest": "745,794", "Total Equity Gross Minority Interest": "143,468", "Total Capitalization": "368,758", "Common Stock Equity": "143,468", "Capital Lease Obligations": "-", "Net Tangible Assets": "112,065", "Working Capital": "198,595", "Invested Capital": "576,968", "Tangible Book Value": "112,065", "Total Debt": "433,500", "Net Debt": "432,555", "Share Issued": "13,071", "Ordinary Shares Number": "13,071", "Preferred Shares Number": "-", "Treasury Shares Number": "-"}, "12/31/2007": {"Duration": "12/31/2007", "Total Assets": "1,159,227", "Total Liabilities Net Minority Interest": "998,876", "Total Equity Gross Minority Interest": "160,351", "Total Capitalization": "350,551", "Common Stock Equity": "160,351", "Capital Lease Obligations": "-", "Net Tangible Assets": "126,183", "Working Capital": "170,955", "Invested Capital": "656,590", "Tangible Book Value": "126,183", "Total Debt": "496,239", "Net Debt": "494,129", "Share Issued": "13,071", "Ordinary Shares Number": "13,071", "Preferred Shares Number": "-", "Treasury Shares Number": "-"}, "12/31/2006": {"Duration": "12/31/2006", "Total Assets": "638,887", "Total Liabilities Net Minority Interest": "535,648", "Total Equity Gross Minority Interest": "103,239", "Total Capitalization": "186,478", "Common Stock Equity": "103,239", "Capital Lease Obligations": "-", "Net Tangible Assets": "94,163", "Working Capital": "148,283", "Invested Capital": "375,497", "Tangible Book Value": "94,163", "Total Debt": "272,258", "Net Debt": "268,397", "Share Issued": "11,285", "Ordinary Shares Number": "11,285", "Preferred Shares Number": "-", "Treasury Shares Number": "-"}, "12/31/2005": {"Duration": "12/31/2005", "Total Assets": "554,756", "Total Liabilities Net Minority Interest": "478,448", "Total Equity Gross Minority Interest": "76,308", "Total Capitalization": "259,466", "Common Stock Equity": "76,308", "Capital Lease Obligations": "-", "Net Tangible Assets": "65,705", "Working Capital": "228,727", "Invested Capital": "260,964", "Tangible Book Value": "65,705", "Total Debt": "184,656", "Net Debt": "182,887", "Share Issued": "11,285", "Ordinary Shares Number": "11,285", "Preferred Shares Number": "-", "Treasury Shares Number": "-"}, "12/31/2004": {"Duration": "12/31/2004", "Total Assets": "392,962", "Total Liabilities Net Minority Interest": "369,799", "Total Equity Gross Minority Interest": "23,162", "Total Capitalization": "71,018", "Common Stock Equity": "23,162", "Capital Lease Obligations": "-", "Net Tangible Assets": "10,937", "Working Capital": "28,220", "Invested Capital": "216,196", "Tangible Book Value": "10,937", "Total Debt": "193,033", "Net Debt": "189,727", "Share Issued": "11,285", "Ordinary Shares Number": "11,285", "Preferred Shares Number": "-", "Treasury Shares Number": "-"}, "12/31/2003": {"Duration": "12/31/2003", "Total Assets": "304,300", "Total Liabilities Net Minority Interest": "261,700", "Total Equity Gross Minority Interest": "-", "Total Capitalization": "42,600", "Common Stock Equity": "42,600", "Capital Lease Obligations": "-", "Net Tangible Assets": "42,600", "Working Capital": "-", "Invested Capital": "42,600", "Tangible Book Value": "42,600", "Total Debt": "-", "Net Debt": "-", "Share Issued": "11,285", "Ordinary Shares Number": "11,285", "Preferred Shares Number": "-", "Treasury Shares Number": "-"}, "12/31/2002": {"Duration": "12/31/2002", "Total Assets": "263,200", "Total Liabilities Net Minority Interest": "230,700", "Total Equity Gross Minority Interest": "32,500", "Total Capitalization": "32,500", "Common Stock Equity": "32,500", "Capital Lease Obligations": "-", "Net Tangible Assets": "0", "Working Capital": "-", "Invested Capital": "32,500", "Tangible Book Value": "32,500", "Total Debt": "-", "Net Debt": "-", "Share Issued": "11,285", "Ordinary Shares Number": "11,285", "Preferred Shares Number": "-", "Treasury Shares Number": "-"}, "12/31/2001": {"Duration": "12/31/2001", "Total Assets": "248,100", "Total Liabilities Net Minority Interest": "201,000", "Total Equity Gross Minority Interest": "47,100", "Total Capitalization": "47,100", "Common Stock Equity": "47,100", "Capital Lease Obligations": "-", "Net Tangible Assets": "0", "Working Capital": "-", "Invested Capital": "47,100", "Tangible Book Value": "47,100", "Total Debt": "-", "Net Debt": "-", "Share Issued": "11,285", "Ordinary Shares Number": "11,285", "Preferred Shares Number": "-", "Treasury Shares Number": "-"}}, "cf": {"TTM": {"Duration": "TTM", "Operating Cash Flow": "68,626", "Investing Cash Flow": "-81,356", "Financing Cash Flow": "-30,061", "End Cash Position": "11,598", "Income Tax Paid Supplemental Data": "-", "Interest Paid Supplemental Data": "56,347", "Capital Expenditure": "-81,544", "Issuance of Capital Stock": "72,167", "Issuance of Debt": "-", "Repayment of Debt": "-", "Repurchase of Capital Stock": "-", "Free Cash Flow": "-12,918"}, "12/31/2020": {"Duration": "12/31/2020", "Operating Cash Flow": "312,526", "Investing Cash Flow": "-69,728", "Financing Cash Flow": "-245,126", "End Cash Position": "9,714", "Income Tax Paid Supplemental Data": "-", "Interest Paid Supplemental Data": "58,638", "Capital Expenditure": "-76,333", "Issuance of Capital Stock": "0", "Issuance of Debt": "344,750", "Repayment of Debt": "-516,701", "Repurchase of Capital Stock": "-291", "Free Cash Flow": "236,193"}, "12/31/2019": {"Duration": "12/31/2019", "Operating Cash Flow": "94,402", "Investing Cash Flow": "-67,214", "Financing Cash Flow": "-23,267", "End Cash Position": "12,042", "Income Tax Paid Supplemental Data": "-", "Interest Paid Supplemental Data": "67,436", "Capital Expenditure": "-82,864", "Issuance of Capital Stock": "0", "Issuance of Debt": "463,202", "Repayment of Debt": "-409,186", "Repurchase of Capital Stock": "-657", "Free Cash Flow": "11,538"}, "12/31/2018": {"Duration": "12/31/2018", "Operating Cash Flow": "168,856", "Investing Cash Flow": "-225,720", "Financing Cash Flow": "50,127", "End Cash Position": "8,121", "Income Tax Paid Supplemental Data": "653", "Interest Paid Supplemental Data": "55,444", "Capital Expenditure": "-69,174", "Issuance of Capital Stock": "66,366", "Issuance of Debt": "0", "Repayment of Debt": "-", "Repurchase of Capital Stock": "-835", "Free Cash Flow": "99,682"}, "12/31/2017": {"Duration": "12/31/2017", "Operating Cash Flow": "348,442", "Investing Cash Flow": "-61,644", "Financing Cash Flow": "-281,968", "End Cash Position": "14,858", "Income Tax Paid Supplemental Data": "7,356", "Interest Paid Supplemental Data": "62,512", "Capital Expenditure": "-49,866", "Issuance of Capital Stock": "0", "Issuance of Debt": "0", "Repayment of Debt": "-218,600", "Repurchase of Capital Stock": "0", "Free Cash Flow": "298,576"}, "12/31/2016": {"Duration": "12/31/2016", "Operating Cash Flow": "-119,886", "Investing Cash Flow": "6,447", "Financing Cash Flow": "122,351", "End Cash Position": "10,028", "Income Tax Paid Supplemental Data": "16,990", "Interest Paid Supplemental Data": "64,112", "Capital Expenditure": "-71,279", "Issuance of Capital Stock": "-", "Issuance of Debt": "238,969", "Repayment of Debt": "-52,300", "Repurchase of Capital Stock": "-", "Free Cash Flow": "-191,165"}, "12/31/2015": {"Duration": "12/31/2015", "Operating Cash Flow": "62,506", "Investing Cash Flow": "-649,764", "Financing Cash Flow": "583,136", "End Cash Position": "1,116", "Income Tax Paid Supplemental Data": "2,772", "Interest Paid Supplemental Data": "59,764", "Capital Expenditure": "-92,925", "Issuance of Capital Stock": "109,305", "Issuance of Debt": "578,638", "Repayment of Debt": "-700", "Repurchase of Capital Stock": "-3,892", "Free Cash Flow": "-30,419"}, "12/31/2014": {"Duration": "12/31/2014", "Operating Cash Flow": "344,902", "Investing Cash Flow": "-91,093", "Financing Cash Flow": "-257,788", "End Cash Position": "5,238", "Income Tax Paid Supplemental Data": "757", "Interest Paid Supplemental Data": "31,554", "Capital Expenditure": "-95,114", "Issuance of Capital Stock": "137,844", "Issuance of Debt": "258,903", "Repayment of Debt": "-571,144", "Repurchase of Capital Stock": "-8,632", "Free Cash Flow": "249,788"}, "12/31/2013": {"Duration": "12/31/2013", "Operating Cash Flow": "255,147", "Investing Cash Flow": "-243,207", "Financing Cash Flow": "-8,700", "End Cash Position": "9,217", "Income Tax Paid Supplemental Data": "-", "Interest Paid Supplemental Data": "-", "Capital Expenditure": "-67,132", "Issuance of Capital Stock": "0", "Issuance of Debt": "279,300", "Repayment of Debt": "-212,500", "Repurchase of Capital Stock": "-6,676", "Free Cash Flow": "188,015"}, "12/31/2012": {"Duration": "12/31/2012", "Operating Cash Flow": "232,452", "Investing Cash Flow": "-226,488", "Financing Cash Flow": "-4,315", "End Cash Position": "5,977", "Income Tax Paid Supplemental Data": "919", "Interest Paid Supplemental Data": "36,356", "Capital Expenditure": "-44,872", "Issuance of Capital Stock": "0", "Issuance of Debt": "-", "Repayment of Debt": "-", "Repurchase of Capital Stock": "-2,248", "Free Cash Flow": "187,580"}, "12/31/2011": {"Duration": "12/31/2011", "Operating Cash Flow": "-17,357", "Investing Cash Flow": "-13,369", "Financing Cash Flow": "32,693", "End Cash Position": "4,328", "Income Tax Paid Supplemental Data": "6", "Interest Paid Supplemental Data": "31,496", "Capital Expenditure": "-15,957", "Issuance of Capital Stock": "69,626", "Issuance of Debt": "7,200", "Repayment of Debt": "-", "Repurchase of Capital Stock": "-658", "Free Cash Flow": "-33,314"}, "12/31/2010": {"Duration": "12/31/2010", "Operating Cash Flow": "-87,194", "Investing Cash Flow": "-262,997", "Financing Cash Flow": "351,890", "End Cash Position": "2,361", "Income Tax Paid Supplemental Data": "1,748", "Interest Paid Supplemental Data": "22,048", "Capital Expenditure": "-14,687", "Issuance of Capital Stock": "132,240", "Issuance of Debt": "252,900", "Repayment of Debt": "-", "Repurchase of Capital Stock": "-882", "Free Cash Flow": "-101,881"}, "12/31/2009": {"Duration": "12/31/2009", "Operating Cash Flow": "-61,129", "Investing Cash Flow": "-9,062", "Financing Cash Flow": "69,908", "End Cash Position": "662", "Income Tax Paid Supplemental Data": "-", "Interest Paid Supplemental Data": "15,280", "Capital Expenditure": "-9,075", "Issuance of Capital Stock": "0", "Issuance of Debt": "100,300", "Repayment of Debt": "0", "Repurchase of Capital Stock": "-3,956", "Free Cash Flow": "-70,204"}, "12/31/2008": {"Duration": "12/31/2008", "Operating Cash Flow": "99,220", "Investing Cash Flow": "-11,510", "Financing Cash Flow": "-88,875", "End Cash Position": "945", "Income Tax Paid Supplemental Data": "-", "Interest Paid Supplemental Data": "-", "Capital Expenditure": "-11,524", "Issuance of Capital Stock": "-", "Issuance of Debt": "-", "Repayment of Debt": "-", "Repurchase of Capital Stock": "-", "Free Cash Flow": "87,696"}, "12/31/2007": {"Duration": "12/31/2007", "Operating Cash Flow": "-115,045", "Investing Cash Flow": "-136,464", "Financing Cash Flow": "249,758", "End Cash Position": "2,110", "Income Tax Paid Supplemental Data": "-", "Interest Paid Supplemental Data": "-", "Capital Expenditure": "-13,720", "Issuance of Capital Stock": "49,099", "Issuance of Debt": "-", "Repayment of Debt": "-", "Repurchase of Capital Stock": "-", "Free Cash Flow": "-128,765"}, "12/31/2006": {"Duration": "12/31/2006", "Operating Cash Flow": "-54,479", "Investing Cash Flow": "-12,442", "Financing Cash Flow": "69,013", "End Cash Position": "3,861", "Income Tax Paid Supplemental Data": "-", "Interest Paid Supplemental Data": "-", "Capital Expenditure": "-5,915", "Issuance of Capital Stock": "-", "Issuance of Debt": "-", "Repayment of Debt": "-", "Repurchase of Capital Stock": "-", "Free Cash Flow": "-60,394"}, "12/31/2005": {"Duration": "12/31/2005", "Operating Cash Flow": "-34,062", "Investing Cash Flow": "-748", "Financing Cash Flow": "31,444", "End Cash Position": "1,769", "Income Tax Paid Supplemental Data": "-", "Interest Paid Supplemental Data": "-", "Capital Expenditure": "-760", "Issuance of Capital Stock": "181,600", "Issuance of Debt": "-", "Repayment of Debt": "-", "Repurchase of Capital Stock": "-", "Free Cash Flow": "-34,822"}, "12/31/2004": {"Duration": "12/31/2004", "Operating Cash Flow": "-81,953", "Investing Cash Flow": "-1,167", "Financing Cash Flow": "82,970", "End Cash Position": "3,306", "Income Tax Paid Supplemental Data": "-", "Interest Paid Supplemental Data": "-", "Capital Expenditure": "-2,026", "Issuance of Capital Stock": "-", "Issuance of Debt": "-", "Repayment of Debt": "-", "Repurchase of Capital Stock": "-", "Free Cash Flow": "-83,978"}, "12/31/2003": {"Duration": "12/31/2003", "Operating Cash Flow": "38,600", "Investing Cash Flow": "-2,200", "Financing Cash Flow": "-33,600", "End Cash Position": "-", "Income Tax Paid Supplemental Data": "-", "Interest Paid Supplemental Data": "-", "Capital Expenditure": "-2,200", "Issuance of Capital Stock": "-", "Issuance of Debt": "-", "Repayment of Debt": "-", "Repurchase of Capital Stock": "-", "Free Cash Flow": "36,400"}, "12/31/2002": {"Duration": "12/31/2002", "Operating Cash Flow": "27,600", "Investing Cash Flow": "-3,300", "Financing Cash Flow": "-24,900", "End Cash Position": "-", "Income Tax Paid Supplemental Data": "-", "Interest Paid Supplemental Data": "-", "Capital Expenditure": "-3,300", "Issuance of Capital Stock": "-", "Issuance of Debt": "-", "Repayment of Debt": "-", "Repurchase of Capital Stock": "-", "Free Cash Flow": "24,300"}, "12/31/2001": {"Duration": "12/31/2001", "Operating Cash Flow": "27,400", "Investing Cash Flow": "1,200", "Financing Cash Flow": "-31,200", "End Cash Position": "-", "Income Tax Paid Supplemental Data": "-", "Interest Paid Supplemental Data": "-", "Capital Expenditure": "-", "Issuance of Capital Stock": "-", "Issuance of Debt": "-", "Repayment of Debt": "-", "Repurchase of Capital Stock": "-", "Free Cash Flow": "27,400"}}, "ks": {"Current": {"Duration": "Current", "Market Cap (intraday) 5": "846.49M", "Enterprise Value 3": "2.26B", "Trailing P/E ": "10.00", "Forward P/E 1": "N/A", "PEG Ratio (5 yr expected) 1": "N/A", "Price/Sales (ttm)": "0.10", "Price/Book (mrq)": "1.55", "Enterprise Value/Revenue 3": "0.27", "Enterprise Value/EBITDA 7": "8.04"}, "3/31/2021": {"Duration": "3/31/2021", "Market Cap (intraday) 5": "725.57M", "Enterprise Value 3": "2.06B", "Trailing P/E ": "7.80", "Forward P/E 1": "N/A", "PEG Ratio (5 yr expected) 1": "N/A", "Price/Sales (ttm)": "0.09", "Price/Book (mrq)": "1.46", "Enterprise Value/Revenue 3": "0.81", "Enterprise Value/EBITDA 7": "50.40"}, "12/31/2020": {"Duration": "12/31/2020", "Market Cap (intraday) 5": "564.52M", "Enterprise Value 3": "1.90B", "Trailing P/E ": "6.39", "Forward P/E 1": "N/A", "PEG Ratio (5 yr expected) 1": "N/A", "Price/Sales (ttm)": "0.06", "Price/Book (mrq)": "1.11", "Enterprise Value/Revenue 3": "0.87", "Enterprise Value/EBITDA 7": "37.82"}, "9/30/2020": {"Duration": "9/30/2020", "Market Cap (intraday) 5": "445.29M", "Enterprise Value 3": "1.83B", "Trailing P/E ": "5.22", "Forward P/E 1": "N/A", "PEG Ratio (5 yr expected) 1": "N/A", "Price/Sales (ttm)": "0.04", "Price/Book (mrq)": "0.88", "Enterprise Value/Revenue 3": "0.89", "Enterprise Value/EBITDA 7": "28.10"}, "6/30/2020": {"Duration": "6/30/2020", "Market Cap (intraday) 5": "331.30M", "Enterprise Value 3": "1.72B", "Trailing P/E ": "13.79", "Forward P/E 1": "N/A", "PEG Ratio (5 yr expected) 1": "N/A", "Price/Sales (ttm)": "0.03", "Price/Book (mrq)": "0.76", "Enterprise Value/Revenue 3": "1.17", "Enterprise Value/EBITDA 7": "13.72"}, "3/31/2020": {"Duration": "3/31/2020", "Market Cap (intraday) 5": "298.73M", "Enterprise Value 3": "1.80B", "Trailing P/E ": "10.89", "Forward P/E 1": "N/A", "PEG Ratio (5 yr expected) 1": "N/A", "Price/Sales (ttm)": "0.02", "Price/Book (mrq)": "0.65", "Enterprise Value/Revenue 3": "0.69", "Enterprise Value/EBITDA 7": "40.40"}, "12/31/2019": {"Duration": "12/31/2019", "Market Cap (intraday) 5": "682.77M", "Enterprise Value 3": "2.13B", "Trailing P/E ": "8.51", "Forward P/E 1": "N/A", "PEG Ratio (5 yr expected) 1": "N/A", "Price/Sales (ttm)": "0.05", "Price/Book (mrq)": "1.42", "Enterprise Value/Revenue 3": "0.63", "Enterprise Value/EBITDA 7": "44.92"}, "9/30/2019": {"Duration": "9/30/2019", "Market Cap (intraday) 5": "664.11M", "Enterprise Value 3": "2.21B", "Trailing P/E ": "12.73", "Forward P/E 1": "N/A", "PEG Ratio (5 yr expected) 1": "N/A", "Price/Sales (ttm)": "0.05", "Price/Book (mrq)": "1.37", "Enterprise Value/Revenue 3": "0.68", "Enterprise Value/EBITDA 7": "34.03"}, "6/30/2019": {"Duration": "6/30/2019", "Market Cap (intraday) 5": "672.06M", "Enterprise Value 3": "2.24B", "Trailing P/E ": "14.53", "Forward P/E 1": "N/A", "PEG Ratio (5 yr expected) 1": "N/A", "Price/Sales (ttm)": "0.05", "Price/Book (mrq)": "1.38", "Enterprise Value/Revenue 3": "0.64", "Enterprise Value/EBITDA 7": "34.97"}, "3/31/2019": {"Duration": "3/31/2019", "Market Cap (intraday) 5": "663.60M", "Enterprise Value 3": "1.79B", "Trailing P/E ": "6.66", "Forward P/E 1": "N/A", "PEG Ratio (5 yr expected) 1": "N/A", "Price/Sales (ttm)": "0.05", "Price/Book (mrq)": "1.33", "Enterprise Value/Revenue 3": "0.60", "Enterprise Value/EBITDA 7": "30.93"}, "12/31/2018": {"Duration": "12/31/2018", "Market Cap (intraday) 5": "550.15M", "Enterprise Value 3": "1.85B", "Trailing P/E ": "8.03", "Forward P/E 1": "N/A", "PEG Ratio (5 yr expected) 1": "N/A", "Price/Sales (ttm)": "0.05", "Price/Book (mrq)": "1.19", "Enterprise Value/Revenue 3": "0.57", "Enterprise Value/EBITDA 7": "16.91"}, "9/30/2018": {"Duration": "9/30/2018", "Market Cap (intraday) 5": "614.14M", "Enterprise Value 3": "1.75B", "Trailing P/E ": "6.25", "Forward P/E 1": "N/A", "PEG Ratio (5 yr expected) 1": "N/A", "Price/Sales (ttm)": "0.06", "Price/Book (mrq)": "1.44", "Enterprise Value/Revenue 3": "0.51", "Enterprise Value/EBITDA 7": "49.06"}, "6/30/2018": {"Duration": "6/30/2018", "Market Cap (intraday) 5": "573.77M", "Enterprise Value 3": "1.77B", "Trailing P/E ": "6.11", "Forward P/E 1": "N/A", "PEG Ratio (5 yr expected) 1": "N/A", "Price/Sales (ttm)": "0.06", "Price/Book (mrq)": "1.32", "Enterprise Value/Revenue 3": "0.57", "Enterprise Value/EBITDA 7": "33.46"}, "3/31/2018": {"Duration": "3/31/2018", "Market Cap (intraday) 5": "516.56M", "Enterprise Value 3": "1.59B", "Trailing P/E ": "8.82", "Forward P/E 1": "N/A", "PEG Ratio (5 yr expected) 1": "N/A", "Price/Sales (ttm)": "0.06", "Price/Book (mrq)": "1.32", "Enterprise Value/Revenue 3": "0.57", "Enterprise Value/EBITDA 7": "15.01"}, "12/31/2017": {"Duration": "12/31/2017", "Market Cap (intraday) 5": "561.87M", "Enterprise Value 3": "1.54B", "Trailing P/E ": "N/A", "Forward P/E 1": "N/A", "PEG Ratio (5 yr expected) 1": "N/A", "Price/Sales (ttm)": "0.06", "Price/Book (mrq)": "1.45", "Enterprise Value/Revenue 3": "0.64", "Enterprise Value/EBITDA 7": "37.46"}, "9/30/2017": {"Duration": "9/30/2017", "Market Cap (intraday) 5": "585.41M", "Enterprise Value 3": "1.69B", "Trailing P/E ": "N/A", "Forward P/E 1": "N/A", "PEG Ratio (5 yr expected) 1": "N/A", "Price/Sales (ttm)": "0.07", "Price/Book (mrq)": "1.51", "Enterprise Value/Revenue 3": "0.78", "Enterprise Value/EBITDA 7": "27.76"}, "6/30/2017": {"Duration": "6/30/2017", "Market Cap (intraday) 5": "605.66M", "Enterprise Value 3": "1.78B", "Trailing P/E ": "N/A", "Forward P/E 1": "N/A", "PEG Ratio (5 yr expected) 1": "N/A", "Price/Sales (ttm)": "0.07", "Price/Book (mrq)": "1.51", "Enterprise Value/Revenue 3": "0.85", "Enterprise Value/EBITDA 7": "34.59"}, "3/31/2017": {"Duration": "3/31/2017", "Market Cap (intraday) 5": "654.31M", "Enterprise Value 3": "1.94B", "Trailing P/E ": "N/A", "Forward P/E 1": "N/A", "PEG Ratio (5 yr expected) 1": "N/A", "Price/Sales (ttm)": "0.08", "Price/Book (mrq)": "1.67", "Enterprise Value/Revenue 3": "0.86", "Enterprise Value/EBITDA 7": "27.01"}, "12/31/2016": {"Duration": "12/31/2016", "Market Cap (intraday) 5": "652.42M", "Enterprise Value 3": "1.79B", "Trailing P/E ": "N/A", "Forward P/E 1": "N/A", "PEG Ratio (5 yr expected) 1": "N/A", "Price/Sales (ttm)": "0.08", "Price/Book (mrq)": "1.38", "Enterprise Value/Revenue 3": "0.78", "Enterprise Value/EBITDA 7": "-86.78"}, "9/30/2016": {"Duration": "9/30/2016", "Market Cap (intraday) 5": "541.23M", "Enterprise Value 3": "1.77B", "Trailing P/E ": "N/A", "Forward P/E 1": "N/A", "PEG Ratio (5 yr expected) 1": "N/A", "Price/Sales (ttm)": "0.06", "Price/Book (mrq)": "0.89", "Enterprise Value/Revenue 3": "0.87", "Enterprise Value/EBITDA 7": "-17.09"}, "6/30/2016": {"Duration": "6/30/2016", "Market Cap (intraday) 5": "459.55M", "Enterprise Value 3": "1.71B", "Trailing P/E ": "N/A", "Forward P/E 1": "N/A", "PEG Ratio (5 yr expected) 1": "N/A", "Price/Sales (ttm)": "0.05", "Price/Book (mrq)": "0.73", "Enterprise Value/Revenue 3": "0.80", "Enterprise Value/EBITDA 7": "41.50"}, "3/31/2016": {"Duration": "3/31/2016", "Market Cap (intraday) 5": "452.49M", "Enterprise Value 3": "1.63B", "Trailing P/E ": "12.16", "Forward P/E 1": "N/A", "PEG Ratio (5 yr expected) 1": "N/A", "Price/Sales (ttm)": "0.04", "Price/Book (mrq)": "0.70", "Enterprise Value/Revenue 3": "0.93", "Enterprise Value/EBITDA 7": "37.88"}, "12/31/2015": {"Duration": "12/31/2015", "Market Cap (intraday) 5": "588.72M", "Enterprise Value 3": "1.77B", "Trailing P/E ": "8.29", "Forward P/E 1": "N/A", "PEG Ratio (5 yr expected) 1": "N/A", "Price/Sales (ttm)": "0.05", "Price/Book (mrq)": "0.88", "Enterprise Value/Revenue 3": "0.82", "Enterprise Value/EBITDA 7": "38.31"}, "9/30/2015": {"Duration": "9/30/2015", "Market Cap (intraday) 5": "948.96M", "Enterprise Value 3": "2.14B", "Trailing P/E ": "8.14", "Forward P/E 1": "N/A", "PEG Ratio (5 yr expected) 1": "N/A", "Price/Sales (ttm)": "0.06", "Price/Book (mrq)": "1.38", "Enterprise Value/Revenue 3": "0.86", "Enterprise Value/EBITDA 7": "35.44"}, "6/30/2015": {"Duration": "6/30/2015", "Market Cap (intraday) 5": "1.09B", "Enterprise Value 3": "2.24B", "Trailing P/E ": "11.42", "Forward P/E 1": "N/A", "PEG Ratio (5 yr expected) 1": "N/A", "Price/Sales (ttm)": "0.06", "Price/Book (mrq)": "1.83", "Enterprise Value/Revenue 3": "0.84", "Enterprise Value/EBITDA 7": "44.76"}, "3/31/2015": {"Duration": "3/31/2015", "Market Cap (intraday) 5": "1.06B", "Enterprise Value 3": "1.66B", "Trailing P/E ": "8.81", "Forward P/E 1": "11.89", "PEG Ratio (5 yr expected) 1": "5.17", "Price/Sales (ttm)": "0.06", "Price/Book (mrq)": "1.81", "Enterprise Value/Revenue 3": "0.56", "Enterprise Value/EBITDA 7": "22.49"}, "12/31/2014": {"Duration": "12/31/2014", "Market Cap (intraday) 5": "1.01B", "Enterprise Value 3": "1.85B", "Trailing P/E ": "7.82", "Forward P/E 1": "11.26", "PEG Ratio (5 yr expected) 1": "4.90", "Price/Sales (ttm)": "0.05", "Price/Book (mrq)": "2.26", "Enterprise Value/Revenue 3": "0.52", "Enterprise Value/EBITDA 7": "28.70"}, "9/30/2014": {"Duration": "9/30/2014", "Market Cap (intraday) 5": "1.13B", "Enterprise Value 3": "2.07B", "Trailing P/E ": "11.48", "Forward P/E 1": "14.22", "PEG Ratio (5 yr expected) 1": "6.19", "Price/Sales (ttm)": "0.06", "Price/Book (mrq)": "2.67", "Enterprise Value/Revenue 3": "0.51", "Enterprise Value/EBITDA 7": "26.56"}, "6/30/2014": {"Duration": "6/30/2014", "Market Cap (intraday) 5": "1.11B", "Enterprise Value 3": "1.99B", "Trailing P/E ": "9.49", "Forward P/E 1": "13.87", "PEG Ratio (5 yr expected) 1": "6.03", "Price/Sales (ttm)": "0.06", "Price/Book (mrq)": "2.43", "Enterprise Value/Revenue 3": "0.43", "Enterprise Value/EBITDA 7": "92.25"}, "3/31/2014": {"Duration": "3/31/2014", "Market Cap (intraday) 5": "996.65M", "Enterprise Value 3": "1.90B", "Trailing P/E ": "25.75", "Forward P/E 1": "12.48", "PEG Ratio (5 yr expected) 1": "5.43", "Price/Sales (ttm)": "0.05", "Price/Book (mrq)": "2.40", "Enterprise Value/Revenue 3": "0.37", "Enterprise Value/EBITDA 7": "21.53"}, "12/31/2013": {"Duration": "12/31/2013", "Market Cap (intraday) 5": "964.76M", "Enterprise Value 3": "1.83B", "Trailing P/E ": "20.70", "Forward P/E 1": "12.52", "PEG Ratio (5 yr expected) 1": "5.44", "Price/Sales (ttm)": "0.05", "Price/Book (mrq)": "2.33", "Enterprise Value/Revenue 3": "0.38", "Enterprise Value/EBITDA 7": "36.16"}, "9/30/2013": {"Duration": "9/30/2013", "Market Cap (intraday) 5": "948.12M", "Enterprise Value 3": "1.71B", "Trailing P/E ": "18.69", "Forward P/E 1": "11.82", "PEG Ratio (5 yr expected) 1": "5.14", "Price/Sales (ttm)": "0.05", "Price/Book (mrq)": "2.20", "Enterprise Value/Revenue 3": "0.39", "Enterprise Value/EBITDA 7": "46.77"}, "6/30/2013": {"Duration": "6/30/2013", "Market Cap (intraday) 5": "1.09B", "Enterprise Value 3": "1.86B", "Trailing P/E ": "17.50", "Forward P/E 1": "12.30", "PEG Ratio (5 yr expected) 1": "5.35", "Price/Sales (ttm)": "0.06", "Price/Book (mrq)": "2.50", "Enterprise Value/Revenue 3": "0.39", "Enterprise Value/EBITDA 7": "50.00"}, "3/31/2013": {"Duration": "3/31/2013", "Market Cap (intraday) 5": "982.07M", "Enterprise Value 3": "1.82B", "Trailing P/E ": "20.96", "Forward P/E 1": "13.48", "PEG Ratio (5 yr expected) 1": "5.86", "Price/Sales (ttm)": "0.05", "Price/Book (mrq)": "2.25", "Enterprise Value/Revenue 3": "0.33", "Enterprise Value/EBITDA 7": "47.88"}, "12/31/2012": {"Duration": "12/31/2012", "Market Cap (intraday) 5": "835.36M", "Enterprise Value 3": "1.68B", "Trailing P/E ": "14.82", "Forward P/E 1": "12.08", "PEG Ratio (5 yr expected) 1": "5.25", "Price/Sales (ttm)": "0.04", "Price/Book (mrq)": "1.59", "Enterprise Value/Revenue 3": "0.33", "Enterprise Value/EBITDA 7": "36.88"}, "9/30/2012": {"Duration": "9/30/2012", "Market Cap (intraday) 5": "863.87M", "Enterprise Value 3": "1.67B", "Trailing P/E ": "22.14", "Forward P/E 1": "13.95", "PEG Ratio (5 yr expected) 1": "6.06", "Price/Sales (ttm)": "0.04", "Price/Book (mrq)": "1.63", "Enterprise Value/Revenue 3": "0.36", "Enterprise Value/EBITDA 7": "59.34"}, "6/30/2012": {"Duration": "6/30/2012", "Market Cap (intraday) 5": "752.74M", "Enterprise Value 3": "1.78B", "Trailing P/E ": "54.19", "Forward P/E 1": "15.53", "PEG Ratio (5 yr expected) 1": "6.75", "Price/Sales (ttm)": "0.03", "Price/Book (mrq)": "1.43", "Enterprise Value/Revenue 3": "0.46", "Enterprise Value/EBITDA 7": "45.31"}, "3/31/2012": {"Duration": "3/31/2012", "Market Cap (intraday) 5": "768.29M", "Enterprise Value 3": "1.56B", "Trailing P/E ": "26.70", "Forward P/E 1": "13.11", "PEG Ratio (5 yr expected) 1": "2.86", "Price/Sales (ttm)": "0.03", "Price/Book (mrq)": "2.02", "Enterprise Value/Revenue 3": "0.39", "Enterprise Value/EBITDA 7": "90.91"}, "12/31/2011": {"Duration": "12/31/2011", "Market Cap (intraday) 5": "595.37M", "Enterprise Value 3": "1.36B", "Trailing P/E ": "30.38", "Forward P/E 1": "14.14", "PEG Ratio (5 yr expected) 1": "4.37", "Price/Sales (ttm)": "0.03", "Price/Book (mrq)": "1.49", "Enterprise Value/Revenue 3": "0.33", "Enterprise Value/EBITDA 7": "53.23"}, "9/30/2011": {"Duration": "9/30/2011", "Market Cap (intraday) 5": "478.04M", "Enterprise Value 3": "1.24B", "Trailing P/E ": "24.42", "Forward P/E 1": "14.58", "PEG Ratio (5 yr expected) 1": "14.58", "Price/Sales (ttm)": "0.03", "Price/Book (mrq)": "1.19", "Enterprise Value/Revenue 3": "0.33", "Enterprise Value/EBITDA 7": "71.12"}, "6/30/2011": {"Duration": "6/30/2011", "Market Cap (intraday) 5": "692.43M", "Enterprise Value 3": "1.49B", "Trailing P/E ": "40.38", "Forward P/E 1": "16.58", "PEG Ratio (5 yr expected) 1": "5.53", "Price/Sales (ttm)": "0.04", "Price/Book (mrq)": "1.65", "Enterprise Value/Revenue 3": "0.44", "Enterprise Value/EBITDA 7": "103.54"}, "3/31/2011": {"Duration": "3/31/2011", "Market Cap (intraday) 5": "707.40M", "Enterprise Value 3": "1.49B", "Trailing P/E ": "34.67", "Forward P/E 1": "16.16", "PEG Ratio (5 yr expected) 1": "4.04", "Price/Sales (ttm)": "0.05", "Price/Book (mrq)": "1.62", "Enterprise Value/Revenue 3": "0.42", "Enterprise Value/EBITDA 7": "63.12"}, "12/31/2010": {"Duration": "12/31/2010", "Market Cap (intraday) 5": "517.18M", "Enterprise Value 3": "1.29B", "Trailing P/E ": "17.23", "Forward P/E 1": "12.72", "PEG Ratio (5 yr expected) 1": "2.83", "Price/Sales (ttm)": "0.06", "Price/Book (mrq)": "N/A", "Enterprise Value/Revenue 3": "0.47", "Enterprise Value/EBITDA 7": "61.58"}, "9/30/2010": {"Duration": "9/30/2010", "Market Cap (intraday) 5": "420.46M", "Enterprise Value 3": "1.17B", "Trailing P/E ": "11.34", "Forward P/E 1": "12.55", "PEG Ratio (5 yr expected) 1": "3.14", "Price/Sales (ttm)": "0.06", "Price/Book (mrq)": "1.84", "Enterprise Value/Revenue 3": "0.76", "Enterprise Value/EBITDA 7": "100.66"}, "6/30/2010": {"Duration": "6/30/2010", "Market Cap (intraday) 5": "380.84M", "Enterprise Value 3": "844.97M", "Trailing P/E ": "11.65", "Forward P/E 1": "N/A", "PEG Ratio (5 yr expected) 1": "N/A", "Price/Sales (ttm)": "0.05", "Price/Book (mrq)": "1.64", "Enterprise Value/Revenue 3": "0.55", "Enterprise Value/EBITDA 7": "117.57"}, "3/31/2010": {"Duration": "3/31/2010", "Market Cap (intraday) 5": "378.27M", "Enterprise Value 3": "718.72M", "Trailing P/E ": "10.30", "Forward P/E 1": "7.87", "PEG Ratio (5 yr expected) 1": "1.97", "Price/Sales (ttm)": "0.05", "Price/Book (mrq)": "1.52", "Enterprise Value/Revenue 3": "0.37", "Enterprise Value/EBITDA 7": "31.06"}, "12/31/2009": {"Duration": "12/31/2009", "Market Cap (intraday) 5": "299.02M", "Enterprise Value 3": "760.96M", "Trailing P/E ": "9.15", "Forward P/E 1": "8.70", "PEG Ratio (5 yr expected) 1": "2.17", "Price/Sales (ttm)": "0.05", "Price/Book (mrq)": "1.90", "Enterprise Value/Revenue 3": "0.45", "Enterprise Value/EBITDA 7": "37.25"}, "9/30/2009": {"Duration": "9/30/2009", "Market Cap (intraday) 5": "324.13M", "Enterprise Value 3": "691.14M", "Trailing P/E ": "10.50", "Forward P/E 1": "9.37", "PEG Ratio (5 yr expected) 1": "2.34", "Price/Sales (ttm)": "0.06", "Price/Book (mrq)": "2.20", "Enterprise Value/Revenue 3": "0.54", "Enterprise Value/EBITDA 7": "71.33"}, "6/30/2009": {"Duration": "6/30/2009", "Market Cap (intraday) 5": "241.34M", "Enterprise Value 3": "674.38M", "Trailing P/E ": "8.03", "Forward P/E 1": "N/A", "PEG Ratio (5 yr expected) 1": "N/A", "Price/Sales (ttm)": "0.04", "Price/Book (mrq)": "1.57", "Enterprise Value/Revenue 3": "0.56", "Enterprise Value/EBITDA 7": "81.28"}, "3/31/2009": {"Duration": "3/31/2009", "Market Cap (intraday) 5": "160.77M", "Enterprise Value 3": "419.88M", "Trailing P/E ": "5.67", "Forward P/E 1": "N/A", "PEG Ratio (5 yr expected) 1": "N/A", "Price/Sales (ttm)": "0.02", "Price/Book (mrq)": "1.02", "Enterprise Value/Revenue 3": "0.26", "Enterprise Value/EBITDA 7": "15.51"}, "12/31/2008": {"Duration": "12/31/2008", "Market Cap (intraday) 5": "147.74M", "Enterprise Value 3": "580.30M", "Trailing P/E ": "8.07", "Forward P/E 1": "N/A", "PEG Ratio (5 yr expected) 1": "N/A", "Price/Sales (ttm)": "0.02", "Price/Book (mrq)": "1.03", "Enterprise Value/Revenue 3": "0.34", "Enterprise Value/EBITDA 7": "25.37"}, "9/30/2008": {"Duration": "9/30/2008", "Market Cap (intraday) 5": "123.91M", "Enterprise Value 3": "591.80M", "Trailing P/E ": "7.07", "Forward P/E 1": "N/A", "PEG Ratio (5 yr expected) 1": "N/A", "Price/Sales (ttm)": "0.01", "Price/Book (mrq)": "0.84", "Enterprise Value/Revenue 3": "0.26", "Enterprise Value/EBITDA 7": "58.87"}, "6/30/2008": {"Duration": "6/30/2008", "Market Cap (intraday) 5": "206.91M", "Enterprise Value 3": "654.39M", "Trailing P/E ": "10.92", "Forward P/E 1": "6.24", "PEG Ratio (5 yr expected) 1": "1.56", "Price/Sales (ttm)": "0.02", "Price/Book (mrq)": "1.34", "Enterprise Value/Revenue 3": "0.28", "Enterprise Value/EBITDA 7": "96.33"}, "3/31/2008": {"Duration": "3/31/2008", "Market Cap (intraday) 5": "235.27M", "Enterprise Value 3": "641.30M", "Trailing P/E ": "69.23", "Forward P/E 1": "N/A", "PEG Ratio (5 yr expected) 1": "N/A", "Price/Sales (ttm)": "0.03", "Price/Book (mrq)": "1.47", "Enterprise Value/Revenue 3": "0.24", "Enterprise Value/EBITDA 7": "34.71"}, "12/31/2007": {"Duration": "12/31/2007", "Market Cap (intraday) 5": "340.49M", "Enterprise Value 3": "834.62M", "Trailing P/E ": "18.88", "Forward P/E 1": "N/A", "PEG Ratio (5 yr expected) 1": "N/A", "Price/Sales (ttm)": "0.05", "Price/Book (mrq)": "2.12", "Enterprise Value/Revenue 3": "0.38", "Enterprise Value/EBITDA 7": "38.35"}, "9/30/2007": {"Duration": "9/30/2007", "Market Cap (intraday) 5": "381.01M", "Enterprise Value 3": "599.98M", "Trailing P/E ": "16.38", "Forward P/E 1": "N/A", "PEG Ratio (5 yr expected) 1": "N/A", "Price/Sales (ttm)": "0.08", "Price/Book (mrq)": "2.34", "Enterprise Value/Revenue 3": "0.38", "Enterprise Value/EBITDA 7": "60.51"}, "6/30/2007": {"Duration": "6/30/2007", "Market Cap (intraday) 5": "469.76M", "Enterprise Value 3": "592.95M", "Trailing P/E ": "10.70", "Forward P/E 1": "N/A", "PEG Ratio (5 yr expected) 1": "N/A", "Price/Sales (ttm)": "0.10", "Price/Book (mrq)": "3.98", "Enterprise Value/Revenue 3": "0.43", "Enterprise Value/EBITDA 7": "106.59"}, "3/31/2007": {"Duration": "3/31/2007", "Market Cap (intraday) 5": "484.26M", "Enterprise Value 3": "738.75M", "Trailing P/E ": "15.06", "Forward P/E 1": "N/A", "PEG Ratio (5 yr expected) 1": "N/A", "Price/Sales (ttm)": "0.09", "Price/Book (mrq)": "4.69", "Enterprise Value/Revenue 3": "0.47", "Enterprise Value/EBITDA 7": "30.95"}, "12/31/2006": {"Duration": "12/31/2006", "Market Cap (intraday) 5": "301.31M", "Enterprise Value 3": "560.59M", "Trailing P/E ": "29.67", "Forward P/E 1": "N/A", "PEG Ratio (5 yr expected) 1": "N/A", "Price/Sales (ttm)": "0.22", "Price/Book (mrq)": "3.59", "Enterprise Value/Revenue 3": "0.51", "Enterprise Value/EBITDA 7": "34.29"}, "9/30/2006": {"Duration": "9/30/2006", "Market Cap (intraday) 5": "255.26M", "Enterprise Value 3": "439.83M", "Trailing P/E ": "3.10k", "Forward P/E 1": "N/A", "PEG Ratio (5 yr expected) 1": "N/A", "Price/Sales (ttm)": "0.19", "Price/Book (mrq)": "3.08", "Enterprise Value/Revenue 3": "0.44", "Enterprise Value/EBITDA 7": "40.46"}, "6/30/2006": {"Duration": "6/30/2006", "Market Cap (intraday) 5": "230.55M", "Enterprise Value 3": "415.12M", "Trailing P/E ": "2.80k", "Forward P/E 1": "N/A", "PEG Ratio (5 yr expected) 1": "N/A", "Price/Sales (ttm)": "0.17", "Price/Book (mrq)": "2.78", "Enterprise Value/Revenue 3": "0.40", "Enterprise Value/EBITDA 7": "62.48"}, "3/31/2006": {"Duration": "3/31/2006", "Market Cap (intraday) 5": "240.93M", "Enterprise Value 3": "376.84M", "Trailing P/E ": "30.50", "Forward P/E 1": "N/A", "PEG Ratio (5 yr expected) 1": "N/A", "Price/Sales (ttm)": "0.19", "Price/Book (mrq)": "2.86", "Enterprise Value/Revenue 3": "0.28", "Enterprise Value/EBITDA 7": "22.48"}, "12/31/2005": {"Duration": "12/31/2005", "Market Cap (intraday) 5": "211.03M", "Enterprise Value 3": "415.92M", "Trailing P/E ": "13.97", "Forward P/E 1": "N/A", "PEG Ratio (5 yr expected) 1": "N/A", "Price/Sales (ttm)": "0.06", "Price/Book (mrq)": "10.76", "Enterprise Value/Revenue 3": "-0.27", "Enterprise Value/EBITDA 7": "-96.37"}, "9/30/2005": {"Duration": "9/30/2005", "Market Cap (intraday) 5": "266.32M", "Enterprise Value 3": "471.21M", "Trailing P/E ": "17.63", "Forward P/E 1": "N/A", "PEG Ratio (5 yr expected) 1": "N/A", "Price/Sales (ttm)": "0.07", "Price/Book (mrq)": "13.58", "Enterprise Value/Revenue 3": "0.55", "Enterprise Value/EBITDA 7": "149.11"}}}}, {"AMCO": {"fin": {}, "bs": {}, "cf": {}}}]