[{"APD": {"quote": {"03/26/2021": {"value": "287.22", "Market Cap": "63.555B", "Beta (5Y Monthly)": "0.80", "PE Ratio (TTM)": "33.74", "EPS (TTM)": "8.51", "Earnings Date": "Apr 21, 2021 - Apr 26, 2021", "Forward Dividend & Yield": "6.00 (2.16%)", "Ex-Dividend Date": "Mar 31, 2021", "1y Target Est": "302.64"}}, "fin": {"TTM": {"Duration": "TTM", "Total Revenue": "8,976,800", "Cost of Revenue": "6,003,900", "Gross Profit": "2,972,900", "Operating Expense": "791,000", "Operating Income": "2,181,900", "Net Non Operating Interest Income Expense": "-127,300", "Other Income Expense": "349,900", "Pretax Income": "2,404,500", "Tax Provision": "471,600", "Net Income Common Stockholders": "1,893,100", "Diluted NI Available to Com Stockholders": "1,893,100", "Basic EPS": "-", "Diluted EPS": "-", "Basic Average Shares": "-", "Diluted Average Shares": "-", "Total Operating Income as Reported": "2,215,700", "Total Expenses": "6,794,900", "Net Income from Continuing & Discontinued Operation": "1,893,100", "Normalized Income": "1,897,100", "Interest Income": "-", "Interest Expense": "127,300", "Net Interest Income": "-127,300", "EBIT": "2,531,800", "EBITDA": "3,751,300", "Reconciled Cost of Revenue": "6,003,900", "Reconciled Depreciation": "1,219,500", "Net Income from Continuing Operation Net Minority Interest": "1,897,100", "Total Unusual Items Excluding Goodwill": "-", "Total Unusual Items": "-", "Normalized EBITDA": "3,751,300", "Tax Rate for Calcs": "0", "Tax Effect of Unusual Items": "0"}, "9/30/2020": {"Duration": "9/30/2020", "Total Revenue": "8,856,300", "Cost of Revenue": "5,858,100", "Gross Profit": "2,998,200", "Operating Expense": "794,400", "Operating Income": "2,203,800", "Net Non Operating Interest Income Expense": "-109,300", "Other Income Expense": "329,300", "Pretax Income": "2,423,800", "Tax Provision": "478,400", "Net Income Common Stockholders": "1,886,700", "Diluted NI Available to Com Stockholders": "1,886,700", "Basic EPS": "8.53", "Diluted EPS": "8.49", "Basic Average Shares": "221,200", "Diluted Average Shares": "222,300", "Total Operating Income as Reported": "2,237,600", "Total Expenses": "6,652,500", "Net Income from Continuing & Discontinued Operation": "1,886,700", "Normalized Income": "1,873,859", "Interest Income": "-", "Interest Expense": "109,300", "Net Interest Income": "-109,300", "EBIT": "2,533,100", "EBITDA": "-", "Reconciled Cost of Revenue": "5,858,100", "Reconciled Depreciation": "1,185,000", "Net Income from Continuing Operation Net Minority Interest": "1,901,000", "Total Unusual Items Excluding Goodwill": "33,800", "Total Unusual Items": "33,800", "Normalized EBITDA": "3,684,300", "Tax Rate for Calcs": "0", "Tax Effect of Unusual Items": "6,659"}, "9/30/2019": {"Duration": "9/30/2019", "Total Revenue": "8,918,900", "Cost of Revenue": "5,975,500", "Gross Profit": "2,943,400", "Operating Expense": "773,600", "Operating Income": "2,169,800", "Net Non Operating Interest Income Expense": "-137,000", "Other Income Expense": "256,700", "Pretax Income": "2,289,500", "Tax Provision": "480,100", "Net Income Common Stockholders": "1,760,000", "Diluted NI Available to Com Stockholders": "1,760,000", "Basic EPS": "7.99", "Diluted EPS": "7.94", "Basic Average Shares": "220,300", "Diluted Average Shares": "221,600", "Total Operating Income as Reported": "2,144,400", "Total Expenses": "6,749,100", "Net Income from Continuing & Discontinued Operation": "1,760,000", "Normalized Income": "1,780,066", "Interest Income": "-", "Interest Expense": "137,000", "Net Interest Income": "-137,000", "EBIT": "2,426,500", "EBITDA": "-", "Reconciled Cost of Revenue": "5,975,500", "Reconciled Depreciation": "1,082,800", "Net Income from Continuing Operation Net Minority Interest": "1,760,000", "Total Unusual Items Excluding Goodwill": "-25,400", "Total Unusual Items": "-25,400", "Normalized EBITDA": "3,534,700", "Tax Rate for Calcs": "0", "Tax Effect of Unusual Items": "-5,334"}, "9/30/2018": {"Duration": "9/30/2018", "Total Revenue": "8,930,200", "Cost of Revenue": "6,189,500", "Gross Profit": "2,740,700", "Operating Expense": "778,100", "Operating Income": "1,962,600", "Net Non Operating Interest Income Expense": "-130,500", "Other Income Expense": "182,900", "Pretax Income": "2,015,000", "Tax Provision": "524,300", "Net Income Common Stockholders": "1,497,800", "Diluted NI Available to Com Stockholders": "1,497,800", "Basic EPS": "6.83", "Diluted EPS": "6.78", "Basic Average Shares": "219,300", "Diluted Average Shares": "220,800", "Total Operating Income as Reported": "1,965,600", "Total Expenses": "6,967,600", "Net Income from Continuing & Discontinued Operation": "1,497,800", "Normalized Income": "1,453,380", "Interest Income": "0", "Interest Expense": "130,500", "Net Interest Income": "-130,500", "EBIT": "2,145,500", "EBITDA": "-", "Reconciled Cost of Revenue": "6,189,500", "Reconciled Depreciation": "970,700", "Net Income from Continuing Operation Net Minority Interest": "1,455,600", "Total Unusual Items Excluding Goodwill": "3,000", "Total Unusual Items": "3,000", "Normalized EBITDA": "3,113,200", "Tax Rate for Calcs": "0", "Tax Effect of Unusual Items": "780"}}, "bs": {"9/30/2020": {"Duration": "9/30/2020", "Total Assets": "25,168,500", "Total Liabilities Net Minority Interest": "12,725,400", "Total Equity Gross Minority Interest": "12,443,100", "Total Capitalization": "19,509,900", "Common Stock Equity": "12,079,800", "Capital Lease Obligations": "406,500", "Net Tangible Assets": "10,752,500", "Working Capital": "6,268,200", "Invested Capital": "19,987,600", "Tangible Book Value": "10,752,500", "Total Debt": "8,314,300", "Net Debt": "2,654,800", "Share Issued": "249,456", "Ordinary Shares Number": "221,017", "Treasury Shares Number": "28,438"}, "9/30/2019": {"Duration": "9/30/2019", "Total Assets": "18,942,800", "Total Liabilities Net Minority Interest": "7,554,500", "Total Equity Gross Minority Interest": "11,388,300", "Total Capitalization": "14,281,000", "Common Stock Equity": "11,053,600", "Capital Lease Obligations": "-", "Net Tangible Assets": "9,837,000", "Working Capital": "2,797,400", "Invested Capital": "14,379,600", "Tangible Book Value": "9,837,000", "Total Debt": "3,326,000", "Net Debt": "1,077,300", "Share Issued": "249,456", "Ordinary Shares Number": "220,415", "Treasury Shares Number": "29,040"}, "9/30/2018": {"Duration": "9/30/2018", "Total Assets": "19,178,300", "Total Liabilities Net Minority Interest": "8,002,000", "Total Equity Gross Minority Interest": "11,176,300", "Total Capitalization": "14,209,200", "Common Stock Equity": "10,857,500", "Capital Lease Obligations": "-", "Net Tangible Assets": "9,630,100", "Working Capital": "2,743,900", "Invested Capital": "14,670,100", "Tangible Book Value": "9,630,100", "Total Debt": "3,812,600", "Net Debt": "1,021,300", "Share Issued": "249,456", "Ordinary Shares Number": "219,515", "Treasury Shares Number": "29,940"}}, "cf": {"TTM": {"Duration": "TTM", "Operating Cash Flow": "3,372,400", "Investing Cash Flow": "-3,281,100", "Financing Cash Flow": "3,247,900", "End Cash Position": "5,745,300", "Income Tax Paid Supplemental Data": "-", "Capital Expenditure": "-2,725,500", "Issuance of Debt": "-", "Repayment of Debt": "-404,900", "Free Cash Flow": "646,900"}, "9/30/2020": {"Duration": "9/30/2020", "Operating Cash Flow": "3,264,700", "Investing Cash Flow": "-3,560,000", "Financing Cash Flow": "3,284,700", "End Cash Position": "5,253,000", "Income Tax Paid Supplemental Data": "379,900", "Capital Expenditure": "-2,509,000", "Issuance of Debt": "4,895,800", "Repayment of Debt": "-406,600", "Free Cash Flow": "755,700"}, "9/30/2019": {"Duration": "9/30/2019", "Operating Cash Flow": "2,969,900", "Investing Cash Flow": "-2,113,400", "Financing Cash Flow": "-1,370,500", "End Cash Position": "2,248,700", "Income Tax Paid Supplemental Data": "323,600", "Capital Expenditure": "-1,989,700", "Issuance of Debt": "0", "Repayment of Debt": "-428,600", "Free Cash Flow": "980,200"}, "9/30/2018": {"Duration": "9/30/2018", "Operating Cash Flow": "2,541,900", "Investing Cash Flow": "-1,630,500", "Financing Cash Flow": "-1,359,800", "End Cash Position": "2,791,300", "Income Tax Paid Supplemental Data": "364,600", "Capital Expenditure": "-1,568,400", "Issuance of Debt": "500", "Repayment of Debt": "-418,700", "Free Cash Flow": "973,500"}}}}, {"ASH": {"quote": {"03/26/2021": {"value": "90.14", "Market Cap": "5.469B", "Beta (5Y Monthly)": "1.35", "PE Ratio (TTM)": "N/A", "EPS (TTM)": "-8.00", "Earnings Date": "May 03, 2021 - May 07, 2021", "Forward Dividend & Yield": "1.10 (1.24%)", "Ex-Dividend Date": "Feb 25, 2021", "1y Target Est": "100.78"}}, "fin": {"TTM": {"Duration": "TTM", "Total Revenue": "2,332,000", "Cost of Revenue": "1,607,000", "Gross Profit": "725,000", "Operating Expense": "549,000", "Operating Income": "176,000", "Net Non Operating Interest Income Expense": "-133,000", "Other Income Expense": "133,000", "Pretax Income": "176,000", "Tax Provision": "22,000", "Net Income Common Stockholders": "139,000", "Diluted NI Available to Com Stockholders": "139,000", "Basic EPS": "-", "Diluted EPS": "-", "Basic Average Shares": "-", "Diluted Average Shares": "-", "Total Operating Income as Reported": "175,000", "Total Expenses": "2,156,000", "Net Income from Continuing & Discontinued Operation": "139,000", "Normalized Income": "38,500", "Interest Income": "-", "Interest Expense": "70,000", "Net Interest Income": "-133,000", "EBIT": "246,000", "EBITDA": "495,000", "Reconciled Cost of Revenue": "1,444,000", "Reconciled Depreciation": "249,000", "Net Income from Continuing Operation Net Minority Interest": "154,000", "Total Unusual Items Excluding Goodwill": "132,000", "Total Unusual Items": "132,000", "Normalized EBITDA": "363,000", "Tax Rate for Calcs": "0", "Tax Effect of Unusual Items": "16,500"}, "9/30/2020": {"Duration": "9/30/2020", "Total Revenue": "2,326,000", "Cost of Revenue": "1,619,000", "Gross Profit": "707,000", "Operating Expense": "565,000", "Operating Income": "142,000", "Net Non Operating Interest Income Expense": "-149,000", "Other Income Expense": "-496,000", "Pretax Income": "-503,000", "Tax Provision": "-12,000", "Net Income Common Stockholders": "-508,000", "Diluted NI Available to Com Stockholders": "-508,000", "Basic EPS": "-8.33", "Diluted EPS": "-8.39", "Basic Average Shares": "61,000", "Diluted Average Shares": "61,000", "Total Operating Income as Reported": "-388,000", "Total Expenses": "2,184,000", "Net Income from Continuing & Discontinued Operation": "-508,000", "Normalized Income": "-2,960", "Interest Income": "1,000", "Interest Expense": "88,000", "Net Interest Income": "-149,000", "EBIT": "-415,000", "EBITDA": "-", "Reconciled Cost of Revenue": "1,457,000", "Reconciled Depreciation": "247,000", "Net Income from Continuing Operation Net Minority Interest": "-491,000", "Total Unusual Items Excluding Goodwill": "-498,000", "Total Unusual Items": "-498,000", "Normalized EBITDA": "330,000", "Tax Rate for Calcs": "0", "Tax Effect of Unusual Items": "-9,960"}, "9/30/2019": {"Duration": "9/30/2019", "Total Revenue": "2,493,000", "Cost of Revenue": "1,726,000", "Gross Profit": "767,000", "Operating Expense": "601,000", "Operating Income": "166,000", "Net Non Operating Interest Income Expense": "-116,000", "Other Income Expense": "20,000", "Pretax Income": "70,000", "Tax Provision": "46,000", "Net Income Common Stockholders": "505,000", "Diluted NI Available to Com Stockholders": "505,000", "Basic EPS": "8.42", "Diluted EPS": "8.03", "Basic Average Shares": "60,000", "Diluted Average Shares": "63,000", "Total Operating Income as Reported": "166,000", "Total Expenses": "2,327,000", "Net Income from Continuing & Discontinued Operation": "505,000", "Normalized Income": "13,050", "Interest Income": "2,000", "Interest Expense": "114,000", "Net Interest Income": "-116,000", "EBIT": "184,000", "EBITDA": "-", "Reconciled Cost of Revenue": "1,726,000", "Reconciled Depreciation": "289,000", "Net Income from Continuing Operation Net Minority Interest": "24,000", "Total Unusual Items Excluding Goodwill": "15,000", "Total Unusual Items": "15,000", "Normalized EBITDA": "458,000", "Tax Rate for Calcs": "0", "Tax Effect of Unusual Items": "4,050"}, "9/30/2018": {"Duration": "9/30/2018", "Total Revenue": "3,743,000", "Cost of Revenue": "2,668,000", "Gross Profit": "1,075,000", "Operating Expense": "856,000", "Operating Income": "219,000", "Net Non Operating Interest Income Expense": "-136,000", "Other Income Expense": "31,000", "Pretax Income": "114,000", "Tax Provision": "9,000", "Net Income Common Stockholders": "114,000", "Diluted NI Available to Com Stockholders": "114,000", "Basic EPS": "1.84", "Diluted EPS": "1.79", "Basic Average Shares": "62,000", "Diluted Average Shares": "64,000", "Total Operating Income as Reported": "227,000", "Total Expenses": "3,524,000", "Net Income from Continuing & Discontinued Operation": "114,000", "Normalized Income": "95,800", "Interest Income": "4,000", "Interest Expense": "136,000", "Net Interest Income": "-136,000", "EBIT": "250,000", "EBITDA": "-", "Reconciled Cost of Revenue": "2,668,000", "Reconciled Depreciation": "312,000", "Net Income from Continuing Operation Net Minority Interest": "105,000", "Total Unusual Items Excluding Goodwill": "10,000", "Total Unusual Items": "10,000", "Normalized EBITDA": "552,000", "Tax Rate for Calcs": "0", "Tax Effect of Unusual Items": "800"}}, "bs": {"9/30/2020": {"Duration": "9/30/2020", "Total Assets": "6,877,000", "Total Liabilities Net Minority Interest": "3,841,000", "Total Equity Gross Minority Interest": "3,036,000", "Total Capitalization": "4,609,000", "Common Stock Equity": "3,036,000", "Capital Lease Obligations": "147,000", "Net Tangible Assets": "259,000", "Working Capital": "734,000", "Invested Capital": "4,889,000", "Tangible Book Value": "259,000", "Total Debt": "2,000,000", "Net Debt": "1,399,000", "Share Issued": "61,000", "Ordinary Shares Number": "61,000"}, "9/30/2019": {"Duration": "9/30/2019", "Total Assets": "7,251,000", "Total Liabilities Net Minority Interest": "3,680,000", "Total Equity Gross Minority Interest": "3,571,000", "Total Capitalization": "5,072,000", "Common Stock Equity": "3,571,000", "Capital Lease Obligations": "-", "Net Tangible Assets": "224,000", "Working Capital": "676,000", "Invested Capital": "5,238,000", "Tangible Book Value": "224,000", "Total Debt": "1,667,000", "Net Debt": "1,435,000", "Share Issued": "60,000", "Ordinary Shares Number": "60,000"}, "9/30/2018": {"Duration": "9/30/2018", "Total Assets": "8,252,000", "Total Liabilities Net Minority Interest": "4,846,000", "Total Equity Gross Minority Interest": "3,406,000", "Total Capitalization": "5,681,000", "Common Stock Equity": "3,406,000", "Capital Lease Obligations": "-", "Net Tangible Assets": "-283,000", "Working Capital": "637,000", "Invested Capital": "5,935,000", "Tangible Book Value": "-283,000", "Total Debt": "2,529,000", "Net Debt": "2,235,000", "Share Issued": "62,000", "Ordinary Shares Number": "62,000"}}, "cf": {"TTM": {"Duration": "TTM", "Operating Cash Flow": "446,000", "Investing Cash Flow": "27,000", "Financing Cash Flow": "-458,000", "End Cash Position": "368,000", "Income Tax Paid Supplemental Data": "-", "Interest Paid Supplemental Data": "-", "Capital Expenditure": "-127,000", "Issuance of Debt": "0", "Repayment of Debt": "0", "Repurchase of Capital Stock": "-", "Free Cash Flow": "319,000"}, "9/30/2020": {"Duration": "9/30/2020", "Operating Cash Flow": "203,000", "Investing Cash Flow": "8,000", "Financing Cash Flow": "9,000", "End Cash Position": "454,000", "Income Tax Paid Supplemental Data": "91,000", "Interest Paid Supplemental Data": "77,000", "Capital Expenditure": "-138,000", "Issuance of Debt": "804,000", "Repayment of Debt": "-826,000", "Repurchase of Capital Stock": "0", "Free Cash Flow": "65,000"}, "9/30/2019": {"Duration": "9/30/2019", "Operating Cash Flow": "241,000", "Investing Cash Flow": "849,000", "Financing Cash Flow": "-1,149,000", "End Cash Position": "232,000", "Income Tax Paid Supplemental Data": "67,000", "Interest Paid Supplemental Data": "124,000", "Capital Expenditure": "-154,000", "Issuance of Debt": "0", "Repayment of Debt": "-797,000", "Repurchase of Capital Stock": "-200,000", "Free Cash Flow": "87,000"}, "9/30/2018": {"Duration": "9/30/2018", "Operating Cash Flow": "297,000", "Investing Cash Flow": "-202,000", "Financing Cash Flow": "-368,000", "End Cash Position": "294,000", "Income Tax Paid Supplemental Data": "77,000", "Interest Paid Supplemental Data": "126,000", "Capital Expenditure": "-185,000", "Issuance of Debt": "15,000", "Repayment of Debt": "-311,000", "Repurchase of Capital Stock": "0", "Free Cash Flow": "112,000"}}}}, {"ACET": {"quote": {"03/26/2021": {"value": "13.14", "Market Cap": "417.857M", "Beta (5Y Monthly)": "N/A", "PE Ratio (TTM)": "N/A", "EPS (TTM)": "-5.01", "Earnings Date": "Mar 11, 2021", "Forward Dividend & Yield": "N/A (N/A)", "Ex-Dividend Date": "N/A", "1y Target Est": "27.67"}}, "fin": {"TTM": {"Duration": "TTM", "Total Revenue": "17,903", "Operating Expense": "57,094", "Operating Income": "-39,191", "Net Non Operating Interest Income Expense": "651", "Other Income Expense": "-953", "Pretax Income": "-39,493", "Tax Provision": "-2,815", "Net Income Common Stockholders": "-36,678", "Diluted NI Available to Com Stockholders": "-36,678", "Basic EPS": "-", "Diluted EPS": "-", "Basic Average Shares": "-", "Diluted Average Shares": "-", "Total Operating Income as Reported": "-39,191", "Total Expenses": "57,094", "Net Income from Continuing & Discontinued Operation": "-36,678", "Normalized Income": "-36,678", "Interest Income": "785", "Interest Expense": "134", "Net Interest Income": "651", "EBIT": "-39,359", "EBITDA": "-38,133", "Reconciled Depreciation": "1,226", "Net Income from Continuing Operation Net Minority Interest": "-36,678", "Normalized EBITDA": "-38,133", "Tax Rate for Calcs": "0", "Tax Effect of Unusual Items": "0"}, "12/31/2020": {"Duration": "12/31/2020", "Total Revenue": "17,903", "Operating Expense": "57,094", "Operating Income": "-39,191", "Net Non Operating Interest Income Expense": "651", "Other Income Expense": "-953", "Pretax Income": "-39,493", "Tax Provision": "-2,815", "Net Income Common Stockholders": "-36,678", "Diluted NI Available to Com Stockholders": "-36,678", "Basic EPS": "-", "Diluted EPS": "-", "Basic Average Shares": "-", "Diluted Average Shares": "-", "Total Operating Income as Reported": "-39,191", "Total Expenses": "57,094", "Net Income from Continuing & Discontinued Operation": "-36,678", "Normalized Income": "-36,678", "Interest Income": "785", "Interest Expense": "134", "Net Interest Income": "651", "EBIT": "-39,359", "EBITDA": "-", "Reconciled Depreciation": "1,226", "Net Income from Continuing Operation Net Minority Interest": "-36,678", "Normalized EBITDA": "-38,133", "Tax Rate for Calcs": "0", "Tax Effect of Unusual Items": "0"}, "12/31/2019": {"Duration": "12/31/2019", "Total Revenue": "995", "Operating Expense": "32,383", "Operating Income": "-31,388", "Net Non Operating Interest Income Expense": "938", "Other Income Expense": "2,331", "Pretax Income": "-28,119", "Tax Provision": "19", "Net Income Common Stockholders": "-28,138", "Diluted NI Available to Com Stockholders": "-28,138", "Basic EPS": "-1.44", "Diluted EPS": "-1.44", "Basic Average Shares": "19,590", "Diluted Average Shares": "19,590", "Total Operating Income as Reported": "-31,388", "Total Expenses": "32,383", "Net Income from Continuing & Discontinued Operation": "-28,138", "Normalized Income": "-28,138", "Interest Income": "938", "Interest Expense": "0", "Net Interest Income": "938", "EBIT": "-28,119", "EBITDA": "-", "Reconciled Depreciation": "1,238", "Net Income from Continuing Operation Net Minority Interest": "-28,138", "Normalized EBITDA": "-26,881", "Tax Rate for Calcs": "0", "Tax Effect of Unusual Items": "0"}}, "bs": {"12/31/2020": {"Duration": "12/31/2020", "Total Assets": "153,835", "Total Liabilities Net Minority Interest": "44,008", "Total Equity Gross Minority Interest": "109,827", "Total Capitalization": "109,827", "Common Stock Equity": "109,827", "Capital Lease Obligations": "21,639", "Net Tangible Assets": "88,548", "Working Capital": "77,857", "Invested Capital": "109,827", "Tangible Book Value": "88,548", "Total Debt": "21,639", "Share Issued": "19,677", "Ordinary Shares Number": "19,677"}}, "cf": {"TTM": {"Duration": "TTM", "Operating Cash Flow": "-41,552", "Investing Cash Flow": "115,217", "Financing Cash Flow": "303", "End Cash Position": "88,857", "Income Tax Paid Supplemental Data": "3", "Capital Expenditure": "-990", "Issuance of Capital Stock": "-", "Free Cash Flow": "-42,542"}, "12/31/2020": {"Duration": "12/31/2020", "Operating Cash Flow": "-41,552", "Investing Cash Flow": "115,217", "Financing Cash Flow": "303", "End Cash Position": "88,857", "Income Tax Paid Supplemental Data": "3", "Capital Expenditure": "-990", "Issuance of Capital Stock": "-", "Free Cash Flow": "-42,542"}, "12/31/2019": {"Duration": "12/31/2019", "Operating Cash Flow": "-27,882", "Investing Cash Flow": "-47,931", "Financing Cash Flow": "76,945", "End Cash Position": "14,889", "Income Tax Paid Supplemental Data": "1", "Capital Expenditure": "-1,070", "Issuance of Capital Stock": "76,915", "Free Cash Flow": "-28,952"}}}}, {"SHLM": {"quote": {"03/26/2021": {"value": "", "Net Assets": "N/A", "Beta (5Y Monthly)": "N/A", "Yield": "N/A", "5y Average Return": "N/A", "Holdings Turnover": "N/A", "Last Dividend": "N/A", "Average for Category": "N/A", "Inception Date": "N/A"}}, "fin": {}, "bs": {}, "cf": {}}}, {"RYAM": {"quote": {"03/26/2021": {"value": "9.42", "Market Cap": "596.849M", "Beta (5Y Monthly)": "3.86", "PE Ratio (TTM)": "1,046.67", "EPS (TTM)": "0.01", "Earnings Date": "May 03, 2021 - May 07, 2021", "Forward Dividend & Yield": "N/A (N/A)", "Ex-Dividend Date": "Jun 13, 2019", "1y Target Est": "11.17"}}, "fin": {"TTM": {"Duration": "TTM", "Total Revenue": "1,738,899", "Cost of Revenue": "1,601,115", "Gross Profit": "137,784", "Operating Expense": "101,159", "Operating Income": "36,625", "Net Non Operating Interest Income Expense": "-71,479", "Other Income Expense": "-11,176", "Pretax Income": "-46,030", "Tax Provision": "-46,607", "Earnings from Equity Interest Net of Tax": "-730", "Net Income Common Stockholders": "555", "Diluted NI Available to Com Stockholders": "555", "Basic EPS": "-", "Diluted EPS": "-", "Basic Average Shares": "-", "Diluted Average Shares": "-", "Total Operating Income as Reported": "27,074", "Total Expenses": "1,702,274", "Net Income from Continuing & Discontinued Operation": "555", "Normalized Income": "9,838", "Interest Income": "-", "Interest Expense": "71,479", "Net Interest Income": "-71,479", "EBIT": "25,449", "EBITDA": "176,911", "Reconciled Cost of Revenue": "1,601,115", "Reconciled Depreciation": "151,462", "Net Income from Continuing Operation Net Minority Interest": "-153", "Total Unusual Items Excluding Goodwill": "-13,686", "Total Unusual Items": "-13,686", "Normalized EBITDA": "190,597", "Tax Rate for Calcs": "0", "Tax Effect of Unusual Items": "-3,695"}, "12/31/2020": {"Duration": "12/31/2020", "Total Revenue": "1,738,899", "Cost of Revenue": "1,601,115", "Gross Profit": "137,784", "Operating Expense": "101,159", "Operating Income": "36,625", "Net Non Operating Interest Income Expense": "-71,479", "Other Income Expense": "-11,176", "Pretax Income": "-46,030", "Tax Provision": "-46,607", "Earnings from Equity Interest Net of Tax": "-730", "Net Income Common Stockholders": "555", "Diluted NI Available to Com Stockholders": "555", "Basic EPS": "0.01", "Diluted EPS": "0.01", "Basic Average Shares": "63,241", "Diluted Average Shares": "63,241", "Total Operating Income as Reported": "27,074", "Total Expenses": "1,702,274", "Net Income from Continuing & Discontinued Operation": "555", "Normalized Income": "9,838", "Interest Income": "-", "Interest Expense": "71,479", "Net Interest Income": "-71,479", "EBIT": "25,449", "EBITDA": "-", "Reconciled Cost of Revenue": "1,601,115", "Reconciled Depreciation": "151,462", "Net Income from Continuing Operation Net Minority Interest": "-153", "Total Unusual Items Excluding Goodwill": "-13,686", "Total Unusual Items": "-13,686", "Normalized EBITDA": "190,597", "Tax Rate for Calcs": "0", "Tax Effect of Unusual Items": "-3,695"}, "12/31/2019": {"Duration": "12/31/2019", "Total Revenue": "1,775,392", "Cost of Revenue": "1,721,235", "Gross Profit": "54,157", "Operating Expense": "132,188", "Operating Income": "-78,031", "Net Non Operating Interest Income Expense": "-60,291", "Other Income Expense": "-9,962", "Pretax Income": "-148,284", "Tax Provision": "-29,676", "Earnings from Equity Interest Net of Tax": "-", "Net Income Common Stockholders": "-31,032", "Diluted NI Available to Com Stockholders": "-31,032", "Basic EPS": "-0.57", "Diluted EPS": "-0.57", "Basic Average Shares": "54,512", "Diluted Average Shares": "54,512", "Total Operating Income as Reported": "-83,118", "Total Expenses": "1,853,423", "Net Income from Continuing & Discontinued Operation": "-22,450", "Normalized Income": "-118,610", "Interest Income": "-24", "Interest Expense": "60,291", "Net Interest Income": "-60,291", "EBIT": "-87,993", "EBITDA": "-", "Reconciled Cost of Revenue": "1,721,235", "Reconciled Depreciation": "153,275", "Net Income from Continuing Operation Net Minority Interest": "-118,608", "Total Unusual Items Excluding Goodwill": "2", "Total Unusual Items": "2", "Normalized EBITDA": "65,280", "Tax Rate for Calcs": "0", "Tax Effect of Unusual Items": "0.4003"}, "12/31/2018": {"Duration": "12/31/2018", "Total Revenue": "2,134,413", "Cost of Revenue": "1,790,244", "Gross Profit": "344,169", "Operating Expense": "140,096", "Operating Income": "204,073", "Net Non Operating Interest Income Expense": "-55,391", "Other Income Expense": "23,527", "Pretax Income": "172,209", "Tax Provision": "43,793", "Earnings from Equity Interest Net of Tax": "-", "Net Income Common Stockholders": "114,616", "Diluted NI Available to Com Stockholders": "114,616", "Basic EPS": "2.27", "Diluted EPS": "1.96", "Basic Average Shares": "50,602", "Diluted Average Shares": "65,397", "Total Operating Income as Reported": "197,642", "Total Expenses": "1,930,340", "Net Income from Continuing & Discontinued Operation": "128,416", "Normalized Income": "114,120", "Interest Income": "5,017", "Interest Expense": "60,408", "Net Interest Income": "-55,391", "EBIT": "232,617", "EBITDA": "-", "Reconciled Cost of Revenue": "1,790,244", "Reconciled Depreciation": "148,416", "Net Income from Continuing Operation Net Minority Interest": "128,416", "Total Unusual Items Excluding Goodwill": "19,163", "Total Unusual Items": "19,163", "Normalized EBITDA": "361,870", "Tax Rate for Calcs": "0", "Tax Effect of Unusual Items": "4,867"}}, "bs": {"12/31/2020": {"Duration": "12/31/2020", "Total Assets": "2,529,865", "Total Liabilities Net Minority Interest": "1,834,778", "Total Equity Gross Minority Interest": "695,087", "Total Capitalization": "1,761,924", "Preferred Stock Equity": "-", "Common Stock Equity": "695,087", "Net Tangible Assets": "656,646", "Working Capital": "340,572", "Invested Capital": "1,779,024", "Tangible Book Value": "656,646", "Total Debt": "1,083,937", "Net Debt": "990,284", "Share Issued": "63,360", "Ordinary Shares Number": "63,360", "Preferred Shares Number": "-"}, "12/31/2019": {"Duration": "12/31/2019", "Total Assets": "2,480,147", "Total Liabilities Net Minority Interest": "1,797,349", "Total Equity Gross Minority Interest": "682,798", "Total Capitalization": "1,745,493", "Preferred Stock Equity": "-", "Common Stock Equity": "682,798", "Net Tangible Assets": "637,347", "Working Capital": "287,681", "Invested Capital": "1,764,941", "Tangible Book Value": "637,347", "Total Debt": "1,082,143", "Net Debt": "1,018,118", "Share Issued": "63,136", "Ordinary Shares Number": "63,136", "Preferred Shares Number": "-"}, "12/31/2018": {"Duration": "12/31/2018", "Total Assets": "2,679,086", "Total Liabilities Net Minority Interest": "1,972,215", "Total Equity Gross Minority Interest": "706,871", "Total Capitalization": "1,880,028", "Preferred Stock Equity": "17", "Common Stock Equity": "706,854", "Net Tangible Assets": "654,411", "Working Capital": "345,674", "Invested Capital": "1,895,023", "Tangible Book Value": "654,394", "Total Debt": "1,188,169", "Net Debt": "1,079,203", "Share Issued": "49,291", "Ordinary Shares Number": "49,291", "Preferred Shares Number": "1,725"}}, "cf": {"TTM": {"Duration": "TTM", "Operating Cash Flow": "124,470", "Investing Cash Flow": "-77,821", "Financing Cash Flow": "-19,390", "End Cash Position": "93,653", "Income Tax Paid Supplemental Data": "-1,168", "Interest Paid Supplemental Data": "-57,017", "Capital Expenditure": "-77,159", "Issuance of Capital Stock": "0", "Issuance of Debt": "529,043", "Repayment of Debt": "-529,203", "Repurchase of Capital Stock": "-457", "Free Cash Flow": "47,311"}, "12/31/2020": {"Duration": "12/31/2020", "Operating Cash Flow": "124,470", "Investing Cash Flow": "-77,821", "Financing Cash Flow": "-19,390", "End Cash Position": "93,653", "Income Tax Paid Supplemental Data": "-1,168", "Interest Paid Supplemental Data": "-57,017", "Capital Expenditure": "-77,159", "Issuance of Capital Stock": "0", "Issuance of Debt": "529,043", "Repayment of Debt": "-529,203", "Repurchase of Capital Stock": "-457", "Free Cash Flow": "47,311"}, "12/31/2019": {"Duration": "12/31/2019", "Operating Cash Flow": "41,904", "Investing Cash Flow": "52,502", "Financing Cash Flow": "-138,484", "End Cash Position": "64,025", "Income Tax Paid Supplemental Data": "3,266", "Interest Paid Supplemental Data": "59,434", "Capital Expenditure": "-102,807", "Issuance of Capital Stock": "0", "Issuance of Debt": "91,158", "Repayment of Debt": "-200,331", "Repurchase of Capital Stock": "-6,878", "Free Cash Flow": "-60,903"}, "12/31/2018": {"Duration": "12/31/2018", "Operating Cash Flow": "246,944", "Investing Cash Flow": "-115,966", "Financing Cash Flow": "-116,457", "End Cash Position": "108,966", "Income Tax Paid Supplemental Data": "12,558", "Interest Paid Supplemental Data": "-", "Capital Expenditure": "-132,209", "Issuance of Capital Stock": "451", "Issuance of Debt": "0", "Repayment of Debt": "-45,270", "Repurchase of Capital Stock": "-42,780", "Free Cash Flow": "114,735"}}}}, {"BCPC": {"quote": {"03/26/2021": {"value": "128.28", "Market Cap": "4.155B", "Beta (5Y Monthly)": "0.56", "PE Ratio (TTM)": "49.34", "EPS (TTM)": "2.60", "Earnings Date": "Apr 29, 2021 - May 03, 2021", "Forward Dividend & Yield": "0.58 (0.46%)", "Ex-Dividend Date": "Dec 24, 2020", "1y Target Est": "140.50"}}, "fin": {"TTM": {"Duration": "TTM", "Total Revenue": "714,864", "Cost of Revenue": "487,571", "Gross Profit": "227,293", "Operating Expense": "111,849", "Operating Income": "115,444", "Net Non Operating Interest Income Expense": "-3,468", "Other Income Expense": "-66", "Pretax Income": "111,910", "Tax Provision": "23,644", "Net Income Common Stockholders": "88,266", "Diluted NI Available to Com Stockholders": "88,266", "Basic EPS": "-", "Diluted EPS": "-", "Basic Average Shares": "-", "Diluted Average Shares": "-", "Total Operating Income as Reported": "115,444", "Total Expenses": "599,420", "Net Income from Continuing & Discontinued Operation": "88,266", "Normalized Income": "88,266", "Interest Income": "-", "Interest Expense": "3,468", "Net Interest Income": "-3,468", "EBIT": "115,378", "EBITDA": "166,474", "Reconciled Cost of Revenue": "487,571", "Reconciled Depreciation": "51,096", "Net Income from Continuing Operation Net Minority Interest": "88,266", "Normalized EBITDA": "166,474", "Tax Rate for Calcs": "0", "Tax Effect of Unusual Items": "0"}, "12/31/2020": {"Duration": "12/31/2020", "Total Revenue": "703,644", "Cost of Revenue": "479,747", "Gross Profit": "223,897", "Operating Expense": "112,750", "Operating Income": "111,147", "Net Non Operating Interest Income Expense": "-4,439", "Other Income Expense": "-291", "Pretax Income": "106,417", "Tax Provision": "21,794", "Net Income Common Stockholders": "84,623", "Diluted NI Available to Com Stockholders": "84,623", "Basic EPS": "-", "Diluted EPS": "-", "Basic Average Shares": "-", "Diluted Average Shares": "-", "Total Operating Income as Reported": "111,147", "Total Expenses": "592,497", "Net Income from Continuing & Discontinued Operation": "84,623", "Normalized Income": "84,623", "Interest Income": "-", "Interest Expense": "4,439", "Net Interest Income": "-4,439", "EBIT": "110,856", "EBITDA": "-", "Reconciled Cost of Revenue": "479,747", "Reconciled Depreciation": "51,281", "Net Income from Continuing Operation Net Minority Interest": "84,623", "Normalized EBITDA": "162,137", "Tax Rate for Calcs": "0", "Tax Effect of Unusual Items": "0"}, "12/31/2019": {"Duration": "12/31/2019", "Total Revenue": "643,705", "Cost of Revenue": "432,338", "Gross Profit": "211,367", "Operating Expense": "108,814", "Operating Income": "102,553", "Net Non Operating Interest Income Expense": "-5,959", "Other Income Expense": "-116", "Pretax Income": "96,478", "Tax Provision": "16,807", "Net Income Common Stockholders": "79,671", "Diluted NI Available to Com Stockholders": "79,671", "Basic EPS": "2.47", "Diluted EPS": "2.45", "Basic Average Shares": "32,202", "Diluted Average Shares": "32,505", "Total Operating Income as Reported": "102,553", "Total Expenses": "541,152", "Net Income from Continuing & Discontinued Operation": "79,671", "Normalized Income": "79,671", "Interest Income": "-", "Interest Expense": "5,959", "Net Interest Income": "-5,959", "EBIT": "102,437", "EBITDA": "-", "Reconciled Cost of Revenue": "432,338", "Reconciled Depreciation": "45,862", "Net Income from Continuing Operation Net Minority Interest": "79,671", "Normalized EBITDA": "148,299", "Tax Rate for Calcs": "0", "Tax Effect of Unusual Items": "0"}, "12/31/2018": {"Duration": "12/31/2018", "Total Revenue": "643,679", "Cost of Revenue": "439,427", "Gross Profit": "204,252", "Operating Expense": "96,501", "Operating Income": "107,751", "Net Non Operating Interest Income Expense": "-7,611", "Other Income Expense": "-1,110", "Pretax Income": "99,030", "Tax Provision": "20,457", "Net Income Common Stockholders": "78,573", "Diluted NI Available to Com Stockholders": "78,573", "Basic EPS": "2.44", "Diluted EPS": "2.42", "Basic Average Shares": "32,256", "Diluted Average Shares": "32,445", "Total Operating Income as Reported": "107,751", "Total Expenses": "535,928", "Net Income from Continuing & Discontinued Operation": "78,573", "Normalized Income": "78,573", "Interest Income": "-", "Interest Expense": "7,611", "Net Interest Income": "-7,611", "EBIT": "106,641", "EBITDA": "-", "Reconciled Cost of Revenue": "439,427", "Reconciled Depreciation": "44,666", "Net Income from Continuing Operation Net Minority Interest": "78,573", "Normalized EBITDA": "151,307", "Tax Rate for Calcs": "0", "Tax Effect of Unusual Items": "0"}}, "bs": {"12/31/2020": {"Duration": "12/31/2020", "Total Assets": "1,165,843", "Total Liabilities Net Minority Interest": "337,610", "Total Equity Gross Minority Interest": "828,233", "Total Capitalization": "991,802", "Common Stock Equity": "828,233", "Capital Lease Obligations": "8,416", "Net Tangible Assets": "177,110", "Working Capital": "172,460", "Invested Capital": "991,802", "Tangible Book Value": "177,110", "Total Debt": "171,985", "Net Debt": "78,998", "Share Issued": "32,449", "Ordinary Shares Number": "32,373", "Treasury Shares Number": "76.084"}, "12/31/2019": {"Duration": "12/31/2019", "Total Assets": "1,155,682", "Total Liabilities Net Minority Interest": "412,015", "Total Equity Gross Minority Interest": "743,667", "Total Capitalization": "992,236", "Common Stock Equity": "743,667", "Capital Lease Obligations": "7,302", "Net Tangible Assets": "75,745", "Working Capital": "162,688", "Invested Capital": "992,236", "Tangible Book Value": "75,745", "Total Debt": "255,871", "Net Debt": "182,897", "Share Issued": "32,406", "Ordinary Shares Number": "32,202", "Treasury Shares Number": "203.879"}, "12/31/2018": {"Duration": "12/31/2018", "Total Assets": "981,355", "Total Liabilities Net Minority Interest": "289,737", "Total Equity Gross Minority Interest": "691,618", "Total Capitalization": "847,618", "Common Stock Equity": "691,618", "Capital Lease Obligations": "-", "Net Tangible Assets": "137,638", "Working Capital": "144,258", "Invested Capital": "847,618", "Tangible Book Value": "137,638", "Total Debt": "156,000", "Net Debt": "101,732", "Share Issued": "32,257", "Ordinary Shares Number": "32,256", "Treasury Shares Number": "0.706"}}, "cf": {"TTM": {"Duration": "TTM", "Operating Cash Flow": "168,536", "Investing Cash Flow": "-35,423", "Financing Cash Flow": "-120,937", "End Cash Position": "86,135", "Income Tax Paid Supplemental Data": "-", "Interest Paid Supplemental Data": "-", "Capital Expenditure": "-34,746", "Issuance of Debt": "5,000", "Repayment of Debt": "-105,190", "Repurchase of Capital Stock": "-14,168", "Free Cash Flow": "133,790"}, "12/31/2020": {"Duration": "12/31/2020", "Operating Cash Flow": "150,494", "Investing Cash Flow": "-34,591", "Financing Cash Flow": "-101,164", "End Cash Position": "84,571", "Income Tax Paid Supplemental Data": "-", "Interest Paid Supplemental Data": "-", "Capital Expenditure": "-33,828", "Issuance of Debt": "10,000", "Repayment of Debt": "-95,151", "Repurchase of Capital Stock": "-13,463", "Free Cash Flow": "116,666"}, "12/31/2019": {"Duration": "12/31/2019", "Operating Cash Flow": "124,461", "Investing Cash Flow": "-156,225", "Financing Cash Flow": "43,385", "End Cash Position": "65,672", "Income Tax Paid Supplemental Data": "-", "Interest Paid Supplemental Data": "-", "Capital Expenditure": "-28,413", "Issuance of Debt": "168,569", "Repayment of Debt": "-93,567", "Repurchase of Capital Stock": "-21,321", "Free Cash Flow": "96,048"}, "12/31/2018": {"Duration": "12/31/2018", "Operating Cash Flow": "118,697", "Investing Cash Flow": "-31,991", "Financing Cash Flow": "-71,447", "End Cash Position": "54,268", "Income Tax Paid Supplemental Data": "20,593", "Interest Paid Supplemental Data": "6,940", "Capital Expenditure": "-19,723", "Issuance of Debt": "210,750", "Repayment of Debt": "-274,269", "Repurchase of Capital Stock": "-1,394", "Free Cash Flow": "98,974"}}}}, {"BAK": {"quote": {"03/26/2021": {"value": "13.17", "Market Cap": "4.98B", "Beta (5Y Monthly)": "0.80", "PE Ratio (TTM)": "N/A", "EPS (TTM)": "-3.05", "Earnings Date": "N/A", "Forward Dividend & Yield": "N/A (N/A)", "Ex-Dividend Date": "Oct 04, 2019", "1y Target Est": "14.00"}}, "fin": {"TTM": {"Duration": "TTM", "Total Revenue": "58,543,494", "Cost of Revenue": "47,331,414", "Gross Profit": "11,212,080", "Operating Expense": "10,706,841", "Operating Income": "505,239", "Net Non Operating Interest Income Expense": "-3,504,031", "Other Income Expense": "-6,684,996", "Pretax Income": "-9,683,784", "Tax Provision": "-2,668,478", "Net Income Common Stockholders": "-6,691,720", "Diluted NI Available to Com Stockholders": "-6,691,720", "Basic EPS": "-", "Diluted EPS": "-", "Basic Average Shares": "-", "Diluted Average Shares": "-", "Total Operating Income as Reported": "-71,892", "Total Expenses": "58,038,255", "Net Income from Continuing & Discontinued Operation": "-6,691,720", "Normalized Income": "-2,141,859", "Interest Income": "481,059", "Interest Expense": "3,174,889", "Net Interest Income": "-3,504,031", "EBIT": "-6,508,895", "EBITDA": "-2,460,814", "Reconciled Cost of Revenue": "47,331,414", "Reconciled Depreciation": "4,048,081", "Net Income from Continuing Operation Net Minority Interest": "-6,691,720", "Total Unusual Items Excluding Goodwill": "-6,280,534", "Total Unusual Items": "-6,280,534", "Normalized EBITDA": "3,819,720", "Tax Rate for Calcs": "0", "Tax Effect of Unusual Items": "-1,730,673"}, "12/31/2020": {"Duration": "12/31/2020", "Total Revenue": "58,543,494", "Cost of Revenue": "47,331,414", "Gross Profit": "11,212,080", "Operating Expense": "10,706,841", "Operating Income": "505,239", "Net Non Operating Interest Income Expense": "-3,504,031", "Other Income Expense": "-6,684,996", "Pretax Income": "-9,683,784", "Tax Provision": "-2,668,478", "Net Income Common Stockholders": "-6,691,720", "Diluted NI Available to Com Stockholders": "-6,691,720", "Basic EPS": "-", "Diluted EPS": "-", "Basic Average Shares": "-", "Diluted Average Shares": "-", "Total Operating Income as Reported": "-71,892", "Total Expenses": "58,038,255", "Net Income from Continuing & Discontinued Operation": "-6,691,720", "Normalized Income": "-2,141,859", "Interest Income": "481,059", "Interest Expense": "3,174,889", "Net Interest Income": "-3,504,031", "EBIT": "-6,508,895", "EBITDA": "-", "Reconciled Cost of Revenue": "47,331,414", "Reconciled Depreciation": "4,048,081", "Net Income from Continuing Operation Net Minority Interest": "-6,691,720", "Total Unusual Items Excluding Goodwill": "-6,280,534", "Total Unusual Items": "-6,280,534", "Normalized EBITDA": "3,819,720", "Tax Rate for Calcs": "0", "Tax Effect of Unusual Items": "-1,730,673"}, "12/31/2019": {"Duration": "12/31/2019", "Total Revenue": "52,323,525", "Cost of Revenue": "45,879,118", "Gross Profit": "6,444,407", "Operating Expense": "6,167,123", "Operating Income": "277,284", "Net Non Operating Interest Income Expense": "-3,032,231", "Other Income Expense": "-1,848,121", "Pretax Income": "-4,603,068", "Tax Provision": "-1,962,670", "Net Income Common Stockholders": "-2,540,995", "Diluted NI Available to Com Stockholders": "-2,540,995", "Basic EPS": "-6.38", "Diluted EPS": "-6.38", "Basic Average Shares": "397,995", "Diluted Average Shares": "397,995", "Total Operating Income as Reported": "-", "Total Expenses": "52,046,241", "Net Income from Continuing & Discontinued Operation": "-2,540,995", "Normalized Income": "-1,524,916", "Interest Income": "708,542", "Interest Expense": "2,329,668", "Net Interest Income": "-3,032,231", "EBIT": "-2,273,400", "EBITDA": "-", "Reconciled Cost of Revenue": "45,879,118", "Reconciled Depreciation": "3,632,265", "Net Income from Continuing Operation Net Minority Interest": "-2,540,995", "Total Unusual Items Excluding Goodwill": "-1,539,514", "Total Unusual Items": "-1,539,514", "Normalized EBITDA": "2,898,379", "Tax Rate for Calcs": "0", "Tax Effect of Unusual Items": "-523,435"}, "12/31/2018": {"Duration": "12/31/2018", "Total Revenue": "57,999,866", "Cost of Revenue": "46,431,220", "Gross Profit": "11,568,646", "Operating Expense": "3,730,569", "Operating Income": "7,838,077", "Net Non Operating Interest Income Expense": "-2,418,499", "Other Income Expense": "-1,814,842", "Pretax Income": "3,604,736", "Tax Provision": "736,551", "Net Income Common Stockholders": "2,827,650", "Diluted NI Available to Com Stockholders": "2,827,650", "Basic EPS": "7.20", "Diluted EPS": "7.20", "Basic Average Shares": "397,995", "Diluted Average Shares": "397,995", "Total Operating Income as Reported": "8,303,943", "Total Expenses": "50,161,789", "Net Income from Continuing & Discontinued Operation": "2,827,650", "Normalized Income": "4,356,328", "Interest Income": "530,007", "Interest Expense": "2,084,780", "Net Interest Income": "-2,418,499", "EBIT": "5,689,516", "EBITDA": "-", "Reconciled Cost of Revenue": "46,431,220", "Reconciled Depreciation": "2,990,577", "Net Income from Continuing Operation Net Minority Interest": "2,827,650", "Total Unusual Items Excluding Goodwill": "-1,920,450", "Total Unusual Items": "-1,920,450", "Normalized EBITDA": "10,600,543", "Tax Rate for Calcs": "0", "Tax Effect of Unusual Items": "-391,772"}}, "bs": {"12/31/2020": {"Duration": "12/31/2020", "Total Assets": "86,083,919", "Total Liabilities Net Minority Interest": "89,950,437", "Total Equity Gross Minority Interest": "-3,866,518", "Total Capitalization": "46,014,168", "Common Stock Equity": "-2,202,306", "Capital Lease Obligations": "3,207,886", "Net Tangible Assets": "-5,030,997", "Working Capital": "5,803,070", "Invested Capital": "55,047,663", "Tangible Book Value": "-5,030,997", "Total Debt": "60,457,855", "Net Debt": "43,387,117", "Share Issued": "796,968", "Ordinary Shares Number": "795,744", "Preferred Shares Number": "344,325", "Treasury Shares Number": "1,225"}, "12/31/2019": {"Duration": "12/31/2019", "Total Assets": "68,129,037", "Total Liabilities Net Minority Interest": "64,184,331", "Total Equity Gross Minority Interest": "3,944,706", "Total Capitalization": "44,988,456", "Common Stock Equity": "4,885,298", "Capital Lease Obligations": "2,676,896", "Net Tangible Assets": "2,123,210", "Working Capital": "7,173,394", "Invested Capital": "46,554,454", "Tangible Book Value": "2,123,210", "Total Debt": "44,346,052", "Net Debt": "34,865,276", "Share Issued": "796,968", "Ordinary Shares Number": "795,742", "Preferred Shares Number": "-", "Treasury Shares Number": "1,227"}, "12/31/2018": {"Duration": "12/31/2018", "Total Assets": "58,807,533", "Total Liabilities Net Minority Interest": "53,152,863", "Total Equity Gross Minority Interest": "5,654,670", "Total Capitalization": "33,142,397", "Common Stock Equity": "6,531,070", "Capital Lease Obligations": "-", "Net Tangible Assets": "3,790,088", "Working Capital": "-1,732,263", "Invested Capital": "44,412,157", "Tangible Book Value": "3,790,088", "Total Debt": "37,881,087", "Net Debt": "32,333,450", "Share Issued": "796,968", "Ordinary Shares Number": "795,734", "Preferred Shares Number": "-", "Treasury Shares Number": "1,235"}}, "cf": {"TTM": {"Duration": "TTM", "Operating Cash Flow": "6,292,991", "Investing Cash Flow": "-2,721,827", "Financing Cash Flow": "2,173,222", "End Cash Position": "13,862,852", "Capital Expenditure": "-2,759,789", "Issuance of Debt": "13,049,459", "Repayment of Debt": "-10,339,401", "Free Cash Flow": "3,533,202"}, "12/31/2020": {"Duration": "12/31/2020", "Operating Cash Flow": "6,292,991", "Investing Cash Flow": "-2,721,827", "Financing Cash Flow": "2,173,222", "End Cash Position": "13,862,852", "Capital Expenditure": "-2,759,789", "Issuance of Debt": "13,049,459", "Repayment of Debt": "-10,339,401", "Free Cash Flow": "3,533,202"}, "12/31/2019": {"Duration": "12/31/2019", "Operating Cash Flow": "2,265,275", "Investing Cash Flow": "-2,666,419", "Financing Cash Flow": "1,636,768", "End Cash Position": "6,803,880", "Capital Expenditure": "-2,682,522", "Issuance of Debt": "24,083,725", "Repayment of Debt": "-22,278,052", "Free Cash Flow": "-417,247"}, "12/31/2018": {"Duration": "12/31/2018", "Operating Cash Flow": "9,250,370", "Investing Cash Flow": "-2,488,317", "Financing Cash Flow": "-4,603,400", "End Cash Position": "5,547,637", "Capital Expenditure": "-2,706,328", "Issuance of Debt": "4,301,626", "Repayment of Debt": "-7,405,126", "Free Cash Flow": "6,544,042"}}}}, {"BIOA": {"quote": {"03/26/2021": {"value": "", "Net Assets": "N/A", "Beta (5Y Monthly)": "N/A", "Yield": "N/A", "5y Average Return": "N/A", "Holdings Turnover": "N/A", "Last Dividend": "N/A", "Average for Category": "N/A", "Inception Date": "N/A"}}, "fin": {}, "bs": {}, "cf": {}}}, {"PURE": {"quote": {"03/26/2021": {"value": "0.7500", "Market Cap": "65.417M", "Beta (5Y Monthly)": "0.09", "PE Ratio (TTM)": "62.50", "EPS (TTM)": "0.0120", "Earnings Date": "Dec 15, 2020", "Forward Dividend & Yield": "N/A (N/A)", "Ex-Dividend Date": "N/A", "1y Target Est": "N/A"}}, "fin": {"TTM": {"Duration": "TTM", "Total Revenue": "8,677", "Cost of Revenue": "3,602", "Gross Profit": "5,075", "Operating Expense": "4,051", "Operating Income": "1,024", "Net Non Operating Interest Income Expense": "-4", "Other Income Expense": "-", "Pretax Income": "1,020", "Net Income Common Stockholders": "1,020", "Diluted NI Available to Com Stockholders": "1,020", "Basic EPS": "-", "Diluted EPS": "-", "Basic Average Shares": "-", "Diluted Average Shares": "-", "Total Operating Income as Reported": "1,024", "Total Expenses": "7,653", "Net Income from Continuing & Discontinued Operation": "1,020", "Normalized Income": "1,020", "Interest Expense": "4", "Net Interest Income": "-4", "EBIT": "1,024", "EBITDA": "1,206", "Reconciled Cost of Revenue": "3,602", "Reconciled Depreciation": "182", "Net Income from Continuing Operation Net Minority Interest": "1,020", "Total Unusual Items Excluding Goodwill": "-", "Total Unusual Items": "-", "Normalized EBITDA": "1,206", "Tax Rate for Calcs": "0", "Tax Effect of Unusual Items": "0"}, "7/31/2020": {"Duration": "7/31/2020", "Total Revenue": "6,917", "Cost of Revenue": "2,896", "Gross Profit": "4,021", "Operating Expense": "4,017", "Operating Income": "4", "Net Non Operating Interest Income Expense": "-5", "Other Income Expense": "5", "Pretax Income": "4", "Net Income Common Stockholders": "4", "Diluted NI Available to Com Stockholders": "4", "Basic EPS": "0.00", "Diluted EPS": "0.00", "Basic Average Shares": "82,209", "Diluted Average Shares": "84,612", "Total Operating Income as Reported": "4", "Total Expenses": "6,913", "Net Income from Continuing & Discontinued Operation": "4", "Normalized Income": "4", "Interest Expense": "5", "Net Interest Income": "-5", "EBIT": "9", "EBITDA": "-", "Reconciled Cost of Revenue": "2,896", "Reconciled Depreciation": "192", "Net Income from Continuing Operation Net Minority Interest": "4", "Total Unusual Items Excluding Goodwill": "-", "Total Unusual Items": "-", "Normalized EBITDA": "201", "Tax Rate for Calcs": "0", "Tax Effect of Unusual Items": "0"}, "7/31/2019": {"Duration": "7/31/2019", "Total Revenue": "1,909", "Cost of Revenue": "728", "Gross Profit": "1,181", "Operating Expense": "6,770", "Operating Income": "-5,589", "Net Non Operating Interest Income Expense": "-6", "Other Income Expense": "-959", "Pretax Income": "-6,554", "Net Income Common Stockholders": "-6,554", "Diluted NI Available to Com Stockholders": "-6,554", "Basic EPS": "-0.09", "Diluted EPS": "-0.09", "Basic Average Shares": "72,880", "Diluted Average Shares": "72,880", "Total Operating Income as Reported": "-5,589", "Total Expenses": "7,498", "Net Income from Continuing & Discontinued Operation": "-6,554", "Normalized Income": "-5,594", "Interest Expense": "6", "Net Interest Income": "-6", "EBIT": "-6,548", "EBITDA": "-", "Reconciled Cost of Revenue": "728", "Reconciled Depreciation": "241", "Net Income from Continuing Operation Net Minority Interest": "-6,554", "Total Unusual Items Excluding Goodwill": "-960", "Total Unusual Items": "-960", "Normalized EBITDA": "-5,347", "Tax Rate for Calcs": "0", "Tax Effect of Unusual Items": "0"}, "7/31/2018": {"Duration": "7/31/2018", "Total Revenue": "1,774", "Cost of Revenue": "763", "Gross Profit": "1,011", "Operating Expense": "8,053", "Operating Income": "-7,042", "Net Non Operating Interest Income Expense": "-8", "Other Income Expense": "-392", "Pretax Income": "-7,442", "Net Income Common Stockholders": "-7,442", "Diluted NI Available to Com Stockholders": "-7,442", "Basic EPS": "-0.11", "Diluted EPS": "-0.11", "Basic Average Shares": "67,279", "Diluted Average Shares": "67,279", "Total Operating Income as Reported": "-7,042", "Total Expenses": "8,816", "Net Income from Continuing & Discontinued Operation": "-7,442", "Normalized Income": "-7,025", "Interest Expense": "8", "Net Interest Income": "-8", "EBIT": "-7,434", "EBITDA": "-", "Reconciled Cost of Revenue": "763", "Reconciled Depreciation": "285", "Net Income from Continuing Operation Net Minority Interest": "-7,442", "Total Unusual Items Excluding Goodwill": "-417", "Total Unusual Items": "-417", "Normalized EBITDA": "-6,732", "Tax Rate for Calcs": "0", "Tax Effect of Unusual Items": "0"}}, "bs": {"7/31/2020": {"Duration": "7/31/2020", "Total Assets": "6,323", "Total Liabilities Net Minority Interest": "1,512", "Total Equity Gross Minority Interest": "4,811", "Total Capitalization": "4,811", "Common Stock Equity": "4,811", "Net Tangible Assets": "4,370", "Working Capital": "4,054", "Invested Capital": "4,811", "Tangible Book Value": "4,370", "Total Debt": "-", "Share Issued": "87,073", "Ordinary Shares Number": "87,073"}, "7/31/2019": {"Duration": "7/31/2019", "Total Assets": "1,932", "Total Liabilities Net Minority Interest": "742", "Total Equity Gross Minority Interest": "1,190", "Total Capitalization": "1,190", "Common Stock Equity": "1,190", "Net Tangible Assets": "661", "Working Capital": "303", "Invested Capital": "1,190", "Tangible Book Value": "661", "Total Debt": "-", "Share Issued": "76,732", "Ordinary Shares Number": "76,732"}, "7/31/2018": {"Duration": "7/31/2018", "Total Assets": "2,575", "Total Liabilities Net Minority Interest": "1,294", "Total Equity Gross Minority Interest": "1,281", "Total Capitalization": "1,281", "Common Stock Equity": "1,281", "Net Tangible Assets": "623", "Working Capital": "175", "Invested Capital": "1,784", "Tangible Book Value": "623", "Total Debt": "503", "Share Issued": "68,248", "Ordinary Shares Number": "68,248"}}, "cf": {"TTM": {"Duration": "TTM", "Operating Cash Flow": "1,199", "Investing Cash Flow": "-518", "Financing Cash Flow": "2,000", "End Cash Position": "3,002", "Income Tax Paid Supplemental Data": "-", "Capital Expenditure": "-518", "Issuance of Capital Stock": "2,000", "Issuance of Debt": "-", "Free Cash Flow": "681"}, "7/31/2020": {"Duration": "7/31/2020", "Operating Cash Flow": "669", "Investing Cash Flow": "-58", "Financing Cash Flow": "2,830", "End Cash Position": "3,914", "Income Tax Paid Supplemental Data": "4", "Capital Expenditure": "-58", "Issuance of Capital Stock": "2,830", "Issuance of Debt": "-", "Free Cash Flow": "611"}, "7/31/2019": {"Duration": "7/31/2019", "Operating Cash Flow": "-2,990", "Investing Cash Flow": "-13", "Financing Cash Flow": "2,550", "End Cash Position": "473", "Income Tax Paid Supplemental Data": "5", "Capital Expenditure": "-13", "Issuance of Capital Stock": "1,710", "Issuance of Debt": "0", "Free Cash Flow": "-3,003"}, "7/31/2018": {"Duration": "7/31/2018", "Operating Cash Flow": "-3,887", "Investing Cash Flow": "-34", "Financing Cash Flow": "3,132", "End Cash Position": "851", "Income Tax Paid Supplemental Data": "3", "Capital Expenditure": "-34", "Issuance of Capital Stock": "0", "Issuance of Debt": "500", "Free Cash Flow": "-3,921"}}}}, {"DOW": {"quote": {"03/26/2021": {"value": "63.99", "Market Cap": "47.687B", "Beta (5Y Monthly)": "N/A", "PE Ratio (TTM)": "39.02", "EPS (TTM)": "1.64", "Earnings Date": "Apr 22, 2021", "Forward Dividend & Yield": "2.80 (4.51%)", "Ex-Dividend Date": "Feb 25, 2021", "1y Target Est": "60.59"}}, "fin": {"TTM": {"Duration": "TTM", "Total Revenue": "40,654,000", "Cost of Revenue": "35,178,000", "Gross Profit": "5,476,000", "Operating Expense": "2,688,000", "Operating Income": "2,788,000", "Net Non Operating Interest Income Expense": "-777,000", "Other Income Expense": "987,000", "Pretax Income": "2,998,000", "Tax Provision": "956,000", "Net Income Common Stockholders": "1,977,000", "Diluted NI Available to Com Stockholders": "1,977,000", "Basic EPS": "-", "Diluted EPS": "-", "Basic Average Shares": "-", "Diluted Average Shares": "-", "Total Expenses": "37,866,000", "Net Income from Continuing & Discontinued Operation": "1,977,000", "Normalized Income": "2,044,431", "Interest Income": "31,000", "Interest Expense": "808,000", "Net Interest Income": "-777,000", "EBIT": "3,806,000", "EBITDA": "6,673,000", "Reconciled Cost of Revenue": "32,713,000", "Reconciled Depreciation": "2,867,000", "Net Income from Continuing Operation Net Minority Interest": "1,977,000", "Total Unusual Items Excluding Goodwill": "-99,000", "Total Unusual Items": "-99,000", "Normalized EBITDA": "6,772,000", "Tax Rate for Calcs": "0", "Tax Effect of Unusual Items": "-31,569"}, "12/31/2020": {"Duration": "12/31/2020", "Total Revenue": "38,542,000", "Cost of Revenue": "33,346,000", "Gross Profit": "5,196,000", "Operating Expense": "2,640,000", "Operating Income": "2,556,000", "Net Non Operating Interest Income Expense": "-789,000", "Other Income Expense": "304,000", "Pretax Income": "2,071,000", "Tax Provision": "777,000", "Net Income Common Stockholders": "1,225,000", "Diluted NI Available to Com Stockholders": "1,225,000", "Basic EPS": "1.64", "Diluted EPS": "1.64", "Basic Average Shares": "740,500", "Diluted Average Shares": "742,300", "Total Expenses": "35,986,000", "Net Income from Continuing & Discontinued Operation": "1,225,000", "Normalized Income": "1,470,625", "Interest Income": "38,000", "Interest Expense": "827,000", "Net Interest Income": "-789,000", "EBIT": "2,898,000", "EBITDA": "-", "Reconciled Cost of Revenue": "30,873,000", "Reconciled Depreciation": "2,874,000", "Net Income from Continuing Operation Net Minority Interest": "1,225,000", "Total Unusual Items Excluding Goodwill": "-393,000", "Total Unusual Items": "-393,000", "Normalized EBITDA": "6,165,000", "Tax Rate for Calcs": "0", "Tax Effect of Unusual Items": "-147,375"}, "12/31/2019": {"Duration": "12/31/2019", "Total Revenue": "42,951,000", "Cost of Revenue": "36,657,000", "Gross Profit": "6,294,000", "Operating Expense": "2,774,000", "Operating Income": "3,520,000", "Net Non Operating Interest Income Expense": "-852,000", "Other Income Expense": "-3,915,000", "Pretax Income": "-1,247,000", "Tax Provision": "470,000", "Net Income Common Stockholders": "-1,359,000", "Diluted NI Available to Com Stockholders": "-1,359,000", "Basic EPS": "-1.84", "Diluted EPS": "-1.84", "Basic Average Shares": "742,500", "Diluted Average Shares": "742,500", "Total Expenses": "39,431,000", "Net Income from Continuing & Discontinued Operation": "-1,359,000", "Normalized Income": "1,321,860", "Interest Income": "81,000", "Interest Expense": "933,000", "Net Interest Income": "-852,000", "EBIT": "-314,000", "EBITDA": "-", "Reconciled Cost of Revenue": "34,138,000", "Reconciled Depreciation": "2,938,000", "Net Income from Continuing Operation Net Minority Interest": "-1,804,000", "Total Unusual Items Excluding Goodwill": "-4,282,000", "Total Unusual Items": "-4,282,000", "Normalized EBITDA": "6,906,000", "Tax Rate for Calcs": "0", "Tax Effect of Unusual Items": "-1,156,140"}, "12/31/2018": {"Duration": "12/31/2018", "Total Revenue": "60,278,000", "Cost of Revenue": "47,705,000", "Gross Profit": "12,573,000", "Operating Expense": "5,004,000", "Operating Income": "7,569,000", "Net Non Operating Interest Income Expense": "-1,009,000", "Other Income Expense": "-642,000", "Pretax Income": "5,918,000", "Tax Provision": "1,285,000", "Net Income Common Stockholders": "4,499,000", "Diluted NI Available to Com Stockholders": "4,499,000", "Basic EPS": "6.00", "Diluted EPS": "6.00", "Basic Average Shares": "750,000", "Diluted Average Shares": "750,000", "Total Expenses": "52,709,000", "Net Income from Continuing & Discontinued Operation": "4,499,000", "Normalized Income": "5,919,901", "Interest Income": "109,000", "Interest Expense": "1,118,000", "Net Interest Income": "-1,009,000", "EBIT": "7,036,000", "EBITDA": "-", "Reconciled Cost of Revenue": "44,998,000", "Reconciled Depreciation": "3,329,000", "Net Income from Continuing Operation Net Minority Interest": "4,499,000", "Total Unusual Items Excluding Goodwill": "-1,815,000", "Total Unusual Items": "-1,815,000", "Normalized EBITDA": "12,180,000", "Tax Rate for Calcs": "0", "Tax Effect of Unusual Items": "-394,099"}}, "bs": {"12/31/2020": {"Duration": "12/31/2020", "Total Assets": "61,470,000", "Total Liabilities Net Minority Interest": "48,465,000", "Total Equity Gross Minority Interest": "13,005,000", "Total Capitalization": "28,926,000", "Common Stock Equity": "12,435,000", "Capital Lease Obligations": "1,937,000", "Net Tangible Assets": "175,000", "Working Capital": "7,976,000", "Invested Capital": "29,542,000", "Tangible Book Value": "175,000", "Total Debt": "19,044,000", "Net Debt": "12,003,000", "Share Issued": "755,993", "Ordinary Shares Number": "743,190", "Treasury Shares Number": "12,803"}, "12/31/2019": {"Duration": "12/31/2019", "Total Assets": "60,524,000", "Total Liabilities Net Minority Interest": "46,430,000", "Total Equity Gross Minority Interest": "14,094,000", "Total Capitalization": "29,516,000", "Common Stock Equity": "13,541,000", "Capital Lease Obligations": "2,160,000", "Net Tangible Assets": "986,000", "Working Capital": "6,136,000", "Invested Capital": "30,537,000", "Tangible Book Value": "986,000", "Total Debt": "19,156,000", "Net Debt": "14,629,000", "Share Issued": "751,229", "Ordinary Shares Number": "741,499", "Treasury Shares Number": "9,730"}, "12/31/2018": {"Duration": "12/31/2018", "Total Assets": "77,378,000", "Total Liabilities Net Minority Interest": "49,409,000", "Total Equity Gross Minority Interest": "27,969,000", "Total Capitalization": "46,085,000", "Common Stock Equity": "26,831,000", "Capital Lease Obligations": "-", "Net Tangible Assets": "8,070,000", "Working Capital": "11,508,000", "Invested Capital": "46,730,000", "Tangible Book Value": "8,070,000", "Total Debt": "19,899,000", "Net Debt": "17,230,000", "Share Issued": "748,800", "Ordinary Shares Number": "748,800", "Treasury Shares Number": "-"}}, "cf": {"TTM": {"Duration": "TTM", "Operating Cash Flow": "4,696,000", "Investing Cash Flow": "-701,000", "Financing Cash Flow": "-3,624,000", "End Cash Position": "4,004,000", "Income Tax Paid Supplemental Data": "-", "Interest Paid Supplemental Data": "-", "Capital Expenditure": "-1,283,000", "Issuance of Capital Stock": "219,000", "Issuance of Debt": "1,577,000", "Repayment of Debt": "-3,183,000", "Repurchase of Capital Stock": "0", "Free Cash Flow": "3,413,000"}, "12/31/2020": {"Duration": "12/31/2020", "Operating Cash Flow": "6,226,000", "Investing Cash Flow": "-841,000", "Financing Cash Flow": "-2,764,000", "End Cash Position": "5,104,000", "Income Tax Paid Supplemental Data": "-", "Interest Paid Supplemental Data": "-", "Capital Expenditure": "-1,387,000", "Issuance of Capital Stock": "108,000", "Issuance of Debt": "4,835,000", "Repayment of Debt": "-5,247,000", "Repurchase of Capital Stock": "-125,000", "Free Cash Flow": "4,839,000"}, "12/31/2019": {"Duration": "12/31/2019", "Operating Cash Flow": "5,930,000", "Investing Cash Flow": "-2,192,000", "Financing Cash Flow": "-4,095,000", "End Cash Position": "2,367,000", "Income Tax Paid Supplemental Data": "-", "Interest Paid Supplemental Data": "-", "Capital Expenditure": "-1,970,000", "Issuance of Capital Stock": "93,000", "Issuance of Debt": "2,594,000", "Repayment of Debt": "-5,561,000", "Repurchase of Capital Stock": "-500,000", "Free Cash Flow": "3,960,000"}, "12/31/2018": {"Duration": "12/31/2018", "Operating Cash Flow": "3,894,000", "Investing Cash Flow": "-2,128,000", "Financing Cash Flow": "-5,164,000", "End Cash Position": "2,669,000", "Income Tax Paid Supplemental Data": "1,419,000", "Interest Paid Supplemental Data": "1,198,000", "Capital Expenditure": "-2,584,000", "Issuance of Capital Stock": "112,000", "Issuance of Debt": "2,000,000", "Repayment of Debt": "-3,234,000", "Repurchase of Capital Stock": "0", "Free Cash Flow": "1,310,000"}}}}, {"HUN": {"quote": {"03/26/2021": {"value": "28.83", "Market Cap": "6.39B", "Beta (5Y Monthly)": "1.48", "PE Ratio (TTM)": "6.18", "EPS (TTM)": "4.66", "Earnings Date": "Apr 29, 2021 - May 03, 2021", "Forward Dividend & Yield": "0.65 (2.33%)", "Ex-Dividend Date": "Mar 12, 2021", "1y Target Est": "34.10"}}, "fin": {"TTM": {"Duration": "TTM", "Total Revenue": "6,262,000", "Cost of Revenue": "5,067,000", "Gross Profit": "1,195,000", "Operating Expense": "867,000", "Operating Income": "328,000", "Net Non Operating Interest Income Expense": "-87,000", "Other Income Expense": "291,000", "Pretax Income": "532,000", "Tax Provision": "73,000", "Net Income Common Stockholders": "412,000", "Diluted NI Available to Com Stockholders": "412,000", "Basic EPS": "-", "Diluted EPS": "-", "Basic Average Shares": "-", "Diluted Average Shares": "-", "Total Operating Income as Reported": "505,000", "Total Expenses": "5,934,000", "Net Income from Continuing & Discontinued Operation": "412,000", "Normalized Income": "257,699", "Interest Expense": "87,000", "Net Interest Income": "-87,000", "EBIT": "619,000", "EBITDA": "909,000", "Reconciled Cost of Revenue": "5,067,000", "Reconciled Depreciation": "290,000", "Net Income from Continuing Operation Net Minority Interest": "413,000", "Total Unusual Items Excluding Goodwill": "180,000", "Total Unusual Items": "180,000", "Normalized EBITDA": "729,000", "Tax Rate for Calcs": "0", "Tax Effect of Unusual Items": "24,699"}, "12/31/2020": {"Duration": "12/31/2020", "Total Revenue": "6,018,000", "Cost of Revenue": "4,918,000", "Gross Profit": "1,100,000", "Operating Expense": "865,000", "Operating Income": "235,000", "Net Non Operating Interest Income Expense": "-86,000", "Other Income Expense": "188,000", "Pretax Income": "337,000", "Tax Provision": "46,000", "Net Income Common Stockholders": "1,034,000", "Diluted NI Available to Com Stockholders": "1,034,000", "Basic EPS": "-", "Diluted EPS": "-", "Basic Average Shares": "-", "Diluted Average Shares": "-", "Total Operating Income as Reported": "433,000", "Total Expenses": "5,783,000", "Net Income from Continuing & Discontinued Operation": "1,034,000", "Normalized Income": "169,900", "Interest Expense": "86,000", "Net Interest Income": "-86,000", "EBIT": "423,000", "EBITDA": "-", "Reconciled Cost of Revenue": "4,918,000", "Reconciled Depreciation": "283,000", "Net Income from Continuing Operation Net Minority Interest": "259,000", "Total Unusual Items Excluding Goodwill": "110,000", "Total Unusual Items": "110,000", "Normalized EBITDA": "596,000", "Tax Rate for Calcs": "0", "Tax Effect of Unusual Items": "20,900"}, "12/31/2019": {"Duration": "12/31/2019", "Total Revenue": "6,797,000", "Cost of Revenue": "5,415,000", "Gross Profit": "1,382,000", "Operating Expense": "954,000", "Operating Income": "428,000", "Net Non Operating Interest Income Expense": "-111,000", "Other Income Expense": "74,000", "Pretax Income": "391,000", "Tax Provision": "-38,000", "Net Income Common Stockholders": "562,000", "Diluted NI Available to Com Stockholders": "562,000", "Basic EPS": "2.46", "Diluted EPS": "2.44", "Basic Average Shares": "229,000", "Diluted Average Shares": "231,000", "Total Operating Income as Reported": "469,000", "Total Expenses": "6,369,000", "Net Income from Continuing & Discontinued Operation": "562,000", "Normalized Income": "393,000", "Interest Expense": "111,000", "Net Interest Income": "-111,000", "EBIT": "502,000", "EBITDA": "-", "Reconciled Cost of Revenue": "5,415,000", "Reconciled Depreciation": "270,000", "Net Income from Continuing Operation Net Minority Interest": "393,000", "Total Unusual Items Excluding Goodwill": "0", "Total Unusual Items": "0", "Normalized EBITDA": "772,000", "Tax Rate for Calcs": "0", "Tax Effect of Unusual Items": "0"}, "12/31/2018": {"Duration": "12/31/2018", "Total Revenue": "9,379,000", "Cost of Revenue": "7,354,000", "Gross Profit": "2,025,000", "Operating Expense": "990,000", "Operating Income": "1,035,000", "Net Non Operating Interest Income Expense": "-115,000", "Other Income Expense": "22,000", "Pretax Income": "942,000", "Tax Provision": "97,000", "Net Income Common Stockholders": "337,000", "Diluted NI Available to Com Stockholders": "337,000", "Basic EPS": "1.42", "Diluted EPS": "1.39", "Basic Average Shares": "238,100", "Diluted Average Shares": "241,600", "Total Operating Income as Reported": "1,038,000", "Total Expenses": "8,344,000", "Net Income from Continuing & Discontinued Operation": "337,000", "Normalized Income": "582,220", "Interest Expense": "115,000", "Net Interest Income": "-115,000", "EBIT": "1,057,000", "EBITDA": "-", "Reconciled Cost of Revenue": "7,354,000", "Reconciled Depreciation": "343,000", "Net Income from Continuing Operation Net Minority Interest": "532,000", "Total Unusual Items Excluding Goodwill": "-62,000", "Total Unusual Items": "-62,000", "Normalized EBITDA": "1,462,000", "Tax Rate for Calcs": "0", "Tax Effect of Unusual Items": "-11,780"}}, "bs": {"12/31/2020": {"Duration": "12/31/2020", "Total Assets": "8,713,000", "Total Liabilities Net Minority Interest": "5,040,000", "Total Equity Gross Minority Interest": "3,673,000", "Total Capitalization": "5,047,000", "Common Stock Equity": "3,519,000", "Capital Lease Obligations": "463,000", "Net Tangible Assets": "2,533,000", "Working Capital": "1,589,000", "Invested Capital": "5,640,000", "Tangible Book Value": "2,533,000", "Total Debt": "2,584,000", "Net Debt": "528,000", "Share Issued": "258,523", "Ordinary Shares Number": "220,046", "Treasury Shares Number": "38,477"}, "12/31/2019": {"Duration": "12/31/2019", "Total Assets": "8,320,000", "Total Liabilities Net Minority Interest": "5,496,000", "Total Equity Gross Minority Interest": "2,824,000", "Total Capitalization": "4,864,000", "Common Stock Equity": "2,687,000", "Capital Lease Obligations": "426,000", "Net Tangible Assets": "2,214,000", "Working Capital": "1,747,000", "Invested Capital": "5,076,000", "Tangible Book Value": "2,214,000", "Total Debt": "2,815,000", "Net Debt": "1,864,000", "Share Issued": "257,408", "Ordinary Shares Number": "224,296", "Treasury Shares Number": "33,113"}, "12/31/2018": {"Duration": "12/31/2018", "Total Assets": "7,953,000", "Total Liabilities Net Minority Interest": "5,204,000", "Total Equity Gross Minority Interest": "2,749,000", "Total Capitalization": "4,744,000", "Common Stock Equity": "2,520,000", "Capital Lease Obligations": "-", "Net Tangible Assets": "2,026,000", "Working Capital": "1,347,000", "Invested Capital": "4,840,000", "Tangible Book Value": "2,026,000", "Total Debt": "2,320,000", "Net Debt": "1,980,000", "Share Issued": "256,007", "Ordinary Shares Number": "232,994", "Treasury Shares Number": "23,013"}}, "cf": {"TTM": {"Duration": "TTM", "Operating Cash Flow": "311,000", "Investing Cash Flow": "-371,000", "Financing Cash Flow": "-880,000", "End Cash Position": "654,000", "Income Tax Paid Supplemental Data": "288,000", "Interest Paid Supplemental Data": "101,000", "Capital Expenditure": "-286,000", "Issuance of Capital Stock": "-", "Issuance of Debt": "-", "Repayment of Debt": "-723,000", "Repurchase of Capital Stock": "0", "Free Cash Flow": "25,000"}, "12/31/2020": {"Duration": "12/31/2020", "Operating Cash Flow": "253,000", "Investing Cash Flow": "1,463,000", "Financing Cash Flow": "-655,000", "End Cash Position": "1,593,000", "Income Tax Paid Supplemental Data": "316,000", "Interest Paid Supplemental Data": "90,000", "Capital Expenditure": "-249,000", "Issuance of Capital Stock": "3,000", "Issuance of Debt": "-", "Repayment of Debt": "-365,000", "Repurchase of Capital Stock": "-96,000", "Free Cash Flow": "4,000"}, "12/31/2019": {"Duration": "12/31/2019", "Operating Cash Flow": "897,000", "Investing Cash Flow": "-260,000", "Financing Cash Flow": "-450,000", "End Cash Position": "525,000", "Income Tax Paid Supplemental Data": "100,000", "Interest Paid Supplemental Data": "111,000", "Capital Expenditure": "-274,000", "Issuance of Capital Stock": "2,000", "Issuance of Debt": "881,000", "Repayment of Debt": "-792,000", "Repurchase of Capital Stock": "-208,000", "Free Cash Flow": "623,000"}, "12/31/2018": {"Duration": "12/31/2018", "Operating Cash Flow": "1,207,000", "Investing Cash Flow": "-973,000", "Financing Cash Flow": "-424,000", "End Cash Position": "340,000", "Income Tax Paid Supplemental Data": "179,000", "Interest Paid Supplemental Data": "163,000", "Capital Expenditure": "-313,000", "Issuance of Capital Stock": "61,000", "Issuance of Debt": "158,000", "Repayment of Debt": "-106,000", "Repurchase of Capital Stock": "-277,000", "Free Cash Flow": "894,000"}}}}, {"EMN": {"quote": {"03/26/2021": {"value": "112.68", "Market Cap": "15.383B", "Beta (5Y Monthly)": "1.56", "PE Ratio (TTM)": "32.19", "EPS (TTM)": "3.50", "Earnings Date": "Apr 28, 2021 - May 03, 2021", "Forward Dividend & Yield": "2.76 (2.45%)", "Ex-Dividend Date": "Mar 12, 2021", "1y Target Est": "113.68"}}, "fin": {"TTM": {"Duration": "TTM", "Total Revenue": "8,641,000", "Cost of Revenue": "6,645,000", "Gross Profit": "1,996,000", "Operating Expense": "901,000", "Operating Income": "1,095,000", "Net Non Operating Interest Income Expense": "-208,000", "Other Income Expense": "-334,000", "Pretax Income": "553,000", "Tax Provision": "47,000", "Net Income Common Stockholders": "494,000", "Diluted NI Available to Com Stockholders": "494,000", "Basic EPS": "-", "Diluted EPS": "-", "Basic Average Shares": "-", "Diluted Average Shares": "-", "Total Operating Income as Reported": "-", "Total Expenses": "7,546,000", "Net Income from Continuing & Discontinued Operation": "494,000", "Normalized Income": "710,857", "Interest Income": "4,000", "Interest Expense": "212,000", "Net Interest Income": "-208,000", "EBIT": "765,000", "EBITDA": "1,349,000", "Reconciled Cost of Revenue": "6,645,000", "Reconciled Depreciation": "584,000", "Net Income from Continuing Operation Net Minority Interest": "494,000", "Total Unusual Items Excluding Goodwill": "-237,000", "Total Unusual Items": "-237,000", "Normalized EBITDA": "1,586,000", "Tax Rate for Calcs": "0", "Tax Effect of Unusual Items": "-20,143"}, "12/31/2020": {"Duration": "12/31/2020", "Total Revenue": "8,473,000", "Cost of Revenue": "6,498,000", "Gross Profit": "1,975,000", "Operating Expense": "880,000", "Operating Income": "1,095,000", "Net Non Operating Interest Income Expense": "-210,000", "Other Income Expense": "-355,000", "Pretax Income": "530,000", "Tax Provision": "41,000", "Net Income Common Stockholders": "478,000", "Diluted NI Available to Com Stockholders": "478,000", "Basic EPS": "3.53", "Diluted EPS": "3.50", "Basic Average Shares": "135,500", "Diluted Average Shares": "136,500", "Total Operating Income as Reported": "-", "Total Expenses": "7,378,000", "Net Income from Continuing & Discontinued Operation": "478,000", "Normalized Income": "702,480", "Interest Income": "4,000", "Interest Expense": "214,000", "Net Interest Income": "-210,000", "EBIT": "744,000", "EBITDA": "-", "Reconciled Cost of Revenue": "6,498,000", "Reconciled Depreciation": "574,000", "Net Income from Continuing Operation Net Minority Interest": "478,000", "Total Unusual Items Excluding Goodwill": "-244,000", "Total Unusual Items": "-244,000", "Normalized EBITDA": "1,562,000", "Tax Rate for Calcs": "0", "Tax Effect of Unusual Items": "-19,520"}, "12/31/2019": {"Duration": "12/31/2019", "Total Revenue": "9,273,000", "Cost of Revenue": "7,039,000", "Gross Profit": "2,234,000", "Operating Expense": "925,000", "Operating Income": "1,309,000", "Net Non Operating Interest Income Expense": "-218,000", "Other Income Expense": "-189,000", "Pretax Income": "902,000", "Tax Provision": "140,000", "Net Income Common Stockholders": "759,000", "Diluted NI Available to Com Stockholders": "759,000", "Basic EPS": "5.52", "Diluted EPS": "5.48", "Basic Average Shares": "137,400", "Diluted Average Shares": "138,500", "Total Operating Income as Reported": "-", "Total Expenses": "7,964,000", "Net Income from Continuing & Discontinued Operation": "759,000", "Normalized Income": "872,400", "Interest Income": "3,000", "Interest Expense": "221,000", "Net Interest Income": "-218,000", "EBIT": "1,123,000", "EBITDA": "-", "Reconciled Cost of Revenue": "7,039,000", "Reconciled Depreciation": "611,000", "Net Income from Continuing Operation Net Minority Interest": "759,000", "Total Unusual Items Excluding Goodwill": "-135,000", "Total Unusual Items": "-135,000", "Normalized EBITDA": "1,869,000", "Tax Rate for Calcs": "0", "Tax Effect of Unusual Items": "-21,600"}, "12/31/2018": {"Duration": "12/31/2018", "Total Revenue": "10,151,000", "Cost of Revenue": "7,672,000", "Gross Profit": "2,479,000", "Operating Expense": "956,000", "Operating Income": "1,523,000", "Net Non Operating Interest Income Expense": "-235,000", "Other Income Expense": "22,000", "Pretax Income": "1,310,000", "Tax Provision": "226,000", "Net Income Common Stockholders": "1,080,000", "Diluted NI Available to Com Stockholders": "1,080,000", "Basic EPS": "7.65", "Diluted EPS": "7.56", "Basic Average Shares": "141,200", "Diluted Average Shares": "142,900", "Total Operating Income as Reported": "-", "Total Expenses": "8,628,000", "Net Income from Continuing & Discontinued Operation": "1,080,000", "Normalized Income": "1,089,960", "Interest Income": "3,000", "Interest Expense": "238,000", "Net Interest Income": "-235,000", "EBIT": "1,548,000", "EBITDA": "-", "Reconciled Cost of Revenue": "7,672,000", "Reconciled Depreciation": "604,000", "Net Income from Continuing Operation Net Minority Interest": "1,080,000", "Total Unusual Items Excluding Goodwill": "-12,000", "Total Unusual Items": "-12,000", "Normalized EBITDA": "2,164,000", "Tax Rate for Calcs": "0", "Tax Effect of Unusual Items": "-2,040"}}, "bs": {"12/31/2020": {"Duration": "12/31/2020", "Total Assets": "16,083,000", "Total Liabilities Net Minority Interest": "9,975,000", "Total Equity Gross Minority Interest": "6,108,000", "Total Capitalization": "11,292,000", "Common Stock Equity": "6,023,000", "Net Tangible Assets": "-234,000", "Working Capital": "1,503,000", "Invested Capital": "11,641,000", "Tangible Book Value": "-234,000", "Total Debt": "5,618,000", "Net Debt": "5,054,000", "Share Issued": "220,692", "Ordinary Shares Number": "135,862", "Treasury Shares Number": "84,830"}, "12/31/2019": {"Duration": "12/31/2019", "Total Assets": "16,008,000", "Total Liabilities Net Minority Interest": "9,976,000", "Total Equity Gross Minority Interest": "6,032,000", "Total Capitalization": "11,569,000", "Common Stock Equity": "5,958,000", "Net Tangible Assets": "-484,000", "Working Capital": "1,532,000", "Invested Capital": "11,740,000", "Tangible Book Value": "-484,000", "Total Debt": "5,782,000", "Net Debt": "5,578,000", "Share Issued": "219,689", "Ordinary Shares Number": "135,993", "Treasury Shares Number": "83,696"}, "12/31/2018": {"Duration": "12/31/2018", "Total Assets": "15,995,000", "Total Liabilities Net Minority Interest": "10,117,000", "Total Equity Gross Minority Interest": "5,878,000", "Total Capitalization": "11,728,000", "Common Stock Equity": "5,803,000", "Net Tangible Assets": "-849,000", "Working Capital": "1,514,000", "Invested Capital": "11,971,000", "Tangible Book Value": "-849,000", "Total Debt": "6,168,000", "Net Debt": "5,942,000", "Share Issued": "219,191", "Ordinary Shares Number": "139,777", "Treasury Shares Number": "79,414"}}, "cf": {"TTM": {"Duration": "TTM", "Operating Cash Flow": "1,500,000", "Investing Cash Flow": "-392,000", "Financing Cash Flow": "-1,249,000", "End Cash Position": "539,000", "Capital Expenditure": "-379,000", "Issuance of Debt": "-", "Repayment of Debt": "-", "Repurchase of Capital Stock": "-70,000", "Free Cash Flow": "1,121,000"}, "12/31/2020": {"Duration": "12/31/2020", "Operating Cash Flow": "1,455,000", "Investing Cash Flow": "-394,000", "Financing Cash Flow": "-704,000", "End Cash Position": "564,000", "Capital Expenditure": "-383,000", "Issuance of Debt": "249,000", "Repayment of Debt": "-556,000", "Repurchase of Capital Stock": "-60,000", "Free Cash Flow": "1,072,000"}, "12/31/2019": {"Duration": "12/31/2019", "Operating Cash Flow": "1,504,000", "Investing Cash Flow": "-480,000", "Financing Cash Flow": "-1,043,000", "End Cash Position": "204,000", "Capital Expenditure": "-425,000", "Issuance of Debt": "460,000", "Repayment of Debt": "-760,000", "Repurchase of Capital Stock": "-325,000", "Free Cash Flow": "1,079,000"}, "12/31/2018": {"Duration": "12/31/2018", "Operating Cash Flow": "1,543,000", "Investing Cash Flow": "-463,000", "Financing Cash Flow": "-1,040,000", "End Cash Position": "226,000", "Capital Expenditure": "-528,000", "Issuance of Debt": "1,604,000", "Repayment of Debt": "-1,920,000", "Repurchase of Capital Stock": "-400,000", "Free Cash Flow": "1,015,000"}}}}, {"FMC": {"quote": {"03/26/2021": {"value": "113.77", "Market Cap": "14.734B", "Beta (5Y Monthly)": "0.98", "PE Ratio (TTM)": "26.94", "EPS (TTM)": "4.22", "Earnings Date": "May 03, 2021 - May 07, 2021", "Forward Dividend & Yield": "1.92 (1.69%)", "Ex-Dividend Date": "Mar 30, 2021", "1y Target Est": "131.40"}}, "fin": {"TTM": {"Duration": "TTM", "Total Revenue": "4,587,700", "Cost of Revenue": "2,584,800", "Gross Profit": "2,002,900", "Operating Expense": "1,027,900", "Operating Income": "975,000", "Net Non Operating Interest Income Expense": "-142,800", "Other Income Expense": "-127,300", "Pretax Income": "704,900", "Tax Provision": "148,400", "Net Income Common Stockholders": "527,000", "Diluted NI Available to Com Stockholders": "527,000", "Basic EPS": "-", "Diluted EPS": "-", "Basic Average Shares": "-", "Diluted Average Shares": "-", "Total Expenses": "3,612,700", "Net Income from Continuing & Discontinued Operation": "527,900", "Normalized Income": "639,537", "Interest Income": "-", "Interest Expense": "142,900", "Net Interest Income": "-142,800", "EBIT": "847,800", "EBITDA": "847,800", "Reconciled Cost of Revenue": "2,584,800", "Reconciled Depreciation": "-", "Net Income from Continuing Operation Net Minority Interest": "556,800", "Total Unusual Items Excluding Goodwill": "-104,800", "Total Unusual Items": "-104,800", "Normalized EBITDA": "952,600", "Tax Rate for Calcs": "0", "Tax Effect of Unusual Items": "-22,063"}, "12/31/2020": {"Duration": "12/31/2020", "Total Revenue": "4,642,100", "Cost of Revenue": "2,590,100", "Gross Profit": "2,052,000", "Operating Expense": "1,042,500", "Operating Income": "1,009,500", "Net Non Operating Interest Income Expense": "-151,200", "Other Income Expense": "-128,500", "Pretax Income": "729,800", "Tax Provision": "150,900", "Net Income Common Stockholders": "550,100", "Diluted NI Available to Com Stockholders": "550,100", "Basic EPS": "-", "Diluted EPS": "-", "Basic Average Shares": "-", "Diluted Average Shares": "-", "Total Expenses": "3,632,600", "Net Income from Continuing & Discontinued Operation": "551,500", "Normalized Income": "665,603", "Interest Income": "100", "Interest Expense": "151,300", "Net Interest Income": "-151,200", "EBIT": "881,100", "EBITDA": "-", "Reconciled Cost of Revenue": "2,590,100", "Reconciled Depreciation": "162,700", "Net Income from Continuing Operation Net Minority Interest": "579,800", "Total Unusual Items Excluding Goodwill": "-108,200", "Total Unusual Items": "-108,200", "Normalized EBITDA": "1,152,000", "Tax Rate for Calcs": "0", "Tax Effect of Unusual Items": "-22,397"}, "12/31/2019": {"Duration": "12/31/2019", "Total Revenue": "4,609,800", "Cost of Revenue": "2,526,200", "Gross Profit": "2,083,600", "Operating Expense": "1,199,700", "Operating Income": "883,900", "Net Non Operating Interest Income Expense": "-158,500", "Other Income Expense": "-70,400", "Pretax Income": "655,000", "Tax Provision": "111,500", "Net Income Common Stockholders": "475,900", "Diluted NI Available to Com Stockholders": "475,900", "Basic EPS": "3.64", "Diluted EPS": "3.62", "Basic Average Shares": "130,800", "Diluted Average Shares": "132,000", "Total Expenses": "3,725,900", "Net Income from Continuing & Discontinued Operation": "477,400", "Normalized Income": "592,409", "Interest Income": "1,900", "Interest Expense": "160,400", "Net Interest Income": "-158,500", "EBIT": "815,400", "EBITDA": "-", "Reconciled Cost of Revenue": "2,526,200", "Reconciled Depreciation": "150,100", "Net Income from Continuing Operation Net Minority Interest": "540,700", "Total Unusual Items Excluding Goodwill": "-62,300", "Total Unusual Items": "-62,300", "Normalized EBITDA": "1,027,800", "Tax Rate for Calcs": "0", "Tax Effect of Unusual Items": "-10,591"}, "12/31/2018": {"Duration": "12/31/2018", "Total Revenue": "4,727,800", "Cost of Revenue": "2,640,900", "Gross Profit": "2,086,900", "Operating Expense": "1,164,600", "Operating Income": "922,300", "Net Non Operating Interest Income Expense": "-133,100", "Other Income Expense": "-45,500", "Pretax Income": "743,700", "Tax Provision": "88,800", "Net Income Common Stockholders": "499,200", "Diluted NI Available to Com Stockholders": "499,200", "Basic EPS": "3.72", "Diluted EPS": "3.69", "Basic Average Shares": "134,400", "Diluted Average Shares": "135,900", "Total Expenses": "3,805,500", "Net Income from Continuing & Discontinued Operation": "502,100", "Normalized Income": "680,035", "Interest Income": "1,400", "Interest Expense": "134,500", "Net Interest Income": "-133,100", "EBIT": "878,200", "EBITDA": "-", "Reconciled Cost of Revenue": "2,640,900", "Reconciled Depreciation": "168,200", "Net Income from Continuing Operation Net Minority Interest": "645,500", "Total Unusual Items Excluding Goodwill": "-39,200", "Total Unusual Items": "-39,200", "Normalized EBITDA": "1,085,600", "Tax Rate for Calcs": "0", "Tax Effect of Unusual Items": "-4,665"}}, "bs": {"12/31/2020": {"Duration": "12/31/2020", "Total Assets": "10,186,400", "Total Liabilities Net Minority Interest": "7,202,200", "Total Equity Gross Minority Interest": "2,984,200", "Total Capitalization": "5,891,300", "Common Stock Equity": "2,961,800", "Capital Lease Obligations": "176,700", "Net Tangible Assets": "-1,290,300", "Working Capital": "1,546,600", "Invested Capital": "6,229,600", "Tangible Book Value": "-1,290,300", "Total Debt": "3,444,500", "Net Debt": "2,698,900", "Share Issued": "185,984", "Ordinary Shares Number": "129,354", "Treasury Shares Number": "56,630"}, "12/31/2019": {"Duration": "12/31/2019", "Total Assets": "9,872,700", "Total Liabilities Net Minority Interest": "7,311,300", "Total Equity Gross Minority Interest": "2,561,400", "Total Capitalization": "5,563,400", "Common Stock Equity": "2,532,300", "Capital Lease Obligations": "194,700", "Net Tangible Assets": "-1,681,200", "Working Capital": "1,350,900", "Invested Capital": "5,791,100", "Tangible Book Value": "-1,681,200", "Total Debt": "3,453,500", "Net Debt": "2,919,700", "Share Issued": "185,984", "Ordinary Shares Number": "129,124", "Treasury Shares Number": "56,859"}, "12/31/2018": {"Duration": "12/31/2018", "Total Assets": "9,974,300", "Total Liabilities Net Minority Interest": "6,763,900", "Total Equity Gross Minority Interest": "3,210,400", "Total Capitalization": "5,300,100", "Common Stock Equity": "3,121,100", "Capital Lease Obligations": "17,300", "Net Tangible Assets": "-1,114,500", "Working Capital": "1,036,800", "Invested Capital": "5,847,800", "Tangible Book Value": "-1,114,500", "Total Debt": "2,744,000", "Net Debt": "2,565,000", "Share Issued": "185,984", "Ordinary Shares Number": "132,282", "Treasury Shares Number": "53,702"}}, "cf": {"TTM": {"Duration": "TTM", "Operating Cash Flow": "673,100", "Investing Cash Flow": "-177,200", "Financing Cash Flow": "-520,400", "End Cash Position": "411,700", "Income Tax Paid Supplemental Data": "-", "Interest Paid Supplemental Data": "-", "Capital Expenditure": "-", "Issuance of Capital Stock": "-", "Issuance of Debt": "-", "Repayment of Debt": "-", "Repurchase of Capital Stock": "-", "Free Cash Flow": "621,400"}, "12/31/2020": {"Duration": "12/31/2020", "Operating Cash Flow": "647,800", "Investing Cash Flow": "-169,300", "Financing Cash Flow": "-250,300", "End Cash Position": "568,900", "Income Tax Paid Supplemental Data": "82,100", "Interest Paid Supplemental Data": "141,800", "Capital Expenditure": "-67,200", "Issuance of Capital Stock": "24,700", "Issuance of Debt": "27,100", "Repayment of Debt": "-100,000", "Repurchase of Capital Stock": "-58,400", "Free Cash Flow": "580,600"}, "12/31/2019": {"Duration": "12/31/2019", "Operating Cash Flow": "488,500", "Investing Cash Flow": "-186,700", "Financing Cash Flow": "-124,200", "End Cash Position": "339,100", "Income Tax Paid Supplemental Data": "-", "Interest Paid Supplemental Data": "-", "Capital Expenditure": "-93,900", "Issuance of Capital Stock": "50,700", "Issuance of Debt": "1,500,000", "Repayment of Debt": "-901,900", "Repurchase of Capital Stock": "-416,200", "Free Cash Flow": "394,600"}, "12/31/2018": {"Duration": "12/31/2018", "Operating Cash Flow": "368,400", "Investing Cash Flow": "-130,900", "Financing Cash Flow": "-363,300", "End Cash Position": "161,700", "Income Tax Paid Supplemental Data": "-", "Interest Paid Supplemental Data": "-", "Capital Expenditure": "-156,600", "Issuance of Capital Stock": "374,300", "Issuance of Debt": "34,000", "Repayment of Debt": "-552,000", "Repurchase of Capital Stock": "-206,800", "Free Cash Flow": "211,800"}}}}, {"CE": {"quote": {"03/26/2021": {"value": "152.69", "Market Cap": "17.433B", "Beta (5Y Monthly)": "1.23", "PE Ratio (TTM)": "9.12", "EPS (TTM)": "16.75", "Earnings Date": "Apr 26, 2021 - Apr 30, 2021", "Forward Dividend & Yield": "2.72 (1.82%)", "Ex-Dividend Date": "Feb 08, 2021", "1y Target Est": "149.19"}}}}, {"SQM": {"quote": {"03/26/2021": {"value": "52.46", "Market Cap": "13.807B", "Beta (5Y Monthly)": "0.91", "PE Ratio (TTM)": "83.94", "EPS (TTM)": "0.62", "Earnings Date": "N/A", "Forward Dividend & Yield": "0.71 (1.35%)", "Ex-Dividend Date": "Oct 08, 2020", "1y Target Est": "54.89"}}}}, {"WLKP": {"quote": {"03/26/2021": {"value": "24.76", "Market Cap": "871.525M", "Beta (5Y Monthly)": "1.19", "PE Ratio (TTM)": "13.17", "EPS (TTM)": "1.88", "Earnings Date": "May 03, 2021 - May 07, 2021", "Forward Dividend & Yield": "1.89 (7.71%)", "Ex-Dividend Date": "Feb 03, 2021", "1y Target Est": "25.75"}}}}, {"FF": {"quote": {"03/26/2021": {"value": "14.43", "Market Cap": "631.214M", "Beta (5Y Monthly)": "0.60", "PE Ratio (TTM)": "13.61", "EPS (TTM)": "1.06", "Earnings Date": "May 06, 2021 - May 10, 2021", "Forward Dividend & Yield": "0.24 (1.70%)", "Ex-Dividend Date": "May 28, 2021", "1y Target Est": "14.00"}}}}, {"MEIL": {"quote": {"03/26/2021": {"value": "0.0130", "Market Cap": "169,097", "Beta (5Y Monthly)": "6.04", "PE Ratio (TTM)": "N/A", "EPS (TTM)": "-0.2360", "Earnings Date": "N/A", "Forward Dividend & Yield": "N/A (N/A)", "Ex-Dividend Date": "N/A", "1y Target Est": "N/A"}}, "fin": {}, "bs": {}, "cf": {}}}, {"IEVM": {"quote": {"03/26/2021": {"value": "0.0006", "Market Cap": "48,085", "Beta (5Y Monthly)": "72.06", "PE Ratio (TTM)": "N/A", "EPS (TTM)": "-0.0090", "Earnings Date": "Nov 16, 2016 - Nov 21, 2016", "Forward Dividend & Yield": "N/A (N/A)", "Ex-Dividend Date": "N/A", "1y Target Est": "N/A"}}, "fin": {}, "bs": {}, "cf": {}}}, {"GEVO": {"quote": {"03/26/2021": {"value": "8.57", "Market Cap": "1.698B", "Beta (5Y Monthly)": "3.23", "PE Ratio (TTM)": "N/A", "EPS (TTM)": "-0.71", "Earnings Date": "May 10, 2021 - May 14, 2021", "Forward Dividend & Yield": "N/A (N/A)", "Ex-Dividend Date": "N/A", "1y Target Est": "10.50"}}, "fin": {"TTM": {"Duration": "TTM", "Total Revenue": "5,310", "Cost of Revenue": "15,003", "Gross Profit": "-9,693", "Operating Expense": "16,388", "Operating Income": "-26,081", "Net Non Operating Interest Income Expense": "-2,094", "Other Income Expense": "-12,011", "Pretax Income": "-40,186", "Net Income Common Stockholders": "-40,186", "Diluted NI Available to Com Stockholders": "-40,186", "Basic EPS": "-", "Diluted EPS": "-", "Basic Average Shares": "-", "Diluted Average Shares": "-", "Total Operating Income as Reported": "-26,335", "Total Expenses": "31,391", "Net Income from Continuing & Discontinued Operation": "-40,186", "Normalized Income": "-30,570", "Interest Expense": "2,094", "Net Interest Income": "-2,094", "EBIT": "-38,092", "EBITDA": "-32,187", "Reconciled Cost of Revenue": "15,003", "Reconciled Depreciation": "5,905", "Net Income from Continuing Operation Net Minority Interest": "-40,186", "Total Unusual Items Excluding Goodwill": "-9,616", "Total Unusual Items": "-9,616", "Normalized EBITDA": "-22,571", "Tax Rate for Calcs": "0", "Tax Effect of Unusual Items": "0"}, "12/31/2020": {"Duration": "12/31/2020", "Total Revenue": "5,310", "Cost of Revenue": "15,003", "Gross Profit": "-9,693", "Operating Expense": "16,388", "Operating Income": "-26,081", "Net Non Operating Interest Income Expense": "-2,094", "Other Income Expense": "-12,011", "Pretax Income": "-40,186", "Net Income Common Stockholders": "-40,186", "Diluted NI Available to Com Stockholders": "-40,186", "Basic EPS": "-", "Diluted EPS": "-", "Basic Average Shares": "-", "Diluted Average Shares": "-", "Total Operating Income as Reported": "-26,335", "Total Expenses": "31,391", "Net Income from Continuing & Discontinued Operation": "-40,186", "Normalized Income": "-30,570", "Interest Expense": "2,094", "Net Interest Income": "-2,094", "EBIT": "-38,092", "EBITDA": "-", "Reconciled Cost of Revenue": "15,003", "Reconciled Depreciation": "5,905", "Net Income from Continuing Operation Net Minority Interest": "-40,186", "Total Unusual Items Excluding Goodwill": "-9,616", "Total Unusual Items": "-9,616", "Normalized EBITDA": "-22,571", "Tax Rate for Calcs": "0", "Tax Effect of Unusual Items": "0"}, "12/31/2019": {"Duration": "12/31/2019", "Total Revenue": "24,453", "Cost of Revenue": "36,733", "Gross Profit": "-12,280", "Operating Expense": "14,071", "Operating Income": "-26,351", "Net Non Operating Interest Income Expense": "-2,732", "Other Income Expense": "423", "Pretax Income": "-28,660", "Net Income Common Stockholders": "-28,660", "Diluted NI Available to Com Stockholders": "-28,660", "Basic EPS": "-2.35", "Diluted EPS": "-2.35", "Basic Average Shares": "12,178", "Diluted Average Shares": "12,178", "Total Operating Income as Reported": "-26,351", "Total Expenses": "50,804", "Net Income from Continuing & Discontinued Operation": "-28,660", "Normalized Income": "-29,068", "Interest Expense": "2,732", "Net Interest Income": "-2,732", "EBIT": "-25,928", "EBITDA": "-", "Reconciled Cost of Revenue": "36,733", "Reconciled Depreciation": "6,656", "Net Income from Continuing Operation Net Minority Interest": "-28,660", "Total Unusual Items Excluding Goodwill": "408", "Total Unusual Items": "408", "Normalized EBITDA": "-19,680", "Tax Rate for Calcs": "0", "Tax Effect of Unusual Items": "0"}, "12/31/2018": {"Duration": "12/31/2018", "Total Revenue": "32,838", "Cost of Revenue": "41,568", "Gross Profit": "-8,730", "Operating Expense": "13,471", "Operating Income": "-22,201", "Net Non Operating Interest Income Expense": "-3,237", "Other Income Expense": "-2,538", "Pretax Income": "-27,976", "Net Income Common Stockholders": "-27,976", "Diluted NI Available to Com Stockholders": "-27,976", "Basic EPS": "-5.74", "Diluted EPS": "-5.74", "Basic Average Shares": "4,877", "Diluted Average Shares": "4,877", "Total Operating Income as Reported": "-22,201", "Total Expenses": "55,039", "Net Income from Continuing & Discontinued Operation": "-27,976", "Normalized Income": "-25,435", "Interest Expense": "3,237", "Net Interest Income": "-3,237", "EBIT": "-24,739", "EBITDA": "-", "Reconciled Cost of Revenue": "41,568", "Reconciled Depreciation": "6,520", "Net Income from Continuing Operation Net Minority Interest": "-27,976", "Total Unusual Items Excluding Goodwill": "-2,541", "Total Unusual Items": "-2,541", "Normalized EBITDA": "-15,678", "Tax Rate for Calcs": "0", "Tax Effect of Unusual Items": "0"}}, "bs": {"12/31/2020": {"Duration": "12/31/2020", "Total Assets": "152,099", "Total Liabilities Net Minority Interest": "5,720", "Total Equity Gross Minority Interest": "146,379", "Total Capitalization": "146,836", "Common Stock Equity": "146,379", "Net Tangible Assets": "146,379", "Working Capital": "78,338", "Invested Capital": "147,645", "Tangible Book Value": "146,379", "Total Debt": "1,266", "Net Debt": "-", "Share Issued": "128,138", "Ordinary Shares Number": "128,138"}, "12/31/2019": {"Duration": "12/31/2019", "Total Assets": "93,359", "Total Liabilities Net Minority Interest": "20,855", "Total Equity Gross Minority Interest": "72,504", "Total Capitalization": "72,737", "Common Stock Equity": "72,504", "Net Tangible Assets": "72,504", "Working Capital": "4,134", "Invested Capital": "87,153", "Tangible Book Value": "72,504", "Total Debt": "14,649", "Net Debt": "-", "Share Issued": "14,083", "Ordinary Shares Number": "14,083"}, "12/31/2018": {"Duration": "12/31/2018", "Total Assets": "107,035", "Total Liabilities Net Minority Interest": "18,248", "Total Equity Gross Minority Interest": "88,787", "Total Capitalization": "101,341", "Common Stock Equity": "88,787", "Net Tangible Assets": "88,787", "Working Capital": "33,420", "Invested Capital": "101,341", "Tangible Book Value": "88,787", "Total Debt": "12,554", "Net Debt": "-", "Share Issued": "8,641", "Ordinary Shares Number": "8,641"}}, "cf": {"TTM": {"Duration": "TTM", "Operating Cash Flow": "-19,338", "Investing Cash Flow": "-5,905", "Financing Cash Flow": "87,279", "End Cash Position": "78,338", "Interest Paid Supplemental Data": "1,333", "Capital Expenditure": "-5,905", "Issuance of Capital Stock": "76,414", "Issuance of Debt": "1,006", "Repayment of Debt": "-503", "Free Cash Flow": "-25,243"}, "12/31/2020": {"Duration": "12/31/2020", "Operating Cash Flow": "-19,338", "Investing Cash Flow": "-5,905", "Financing Cash Flow": "87,279", "End Cash Position": "78,338", "Interest Paid Supplemental Data": "1,333", "Capital Expenditure": "-5,905", "Issuance of Capital Stock": "76,414", "Issuance of Debt": "1,006", "Repayment of Debt": "-503", "Free Cash Flow": "-25,243"}, "12/31/2019": {"Duration": "12/31/2019", "Operating Cash Flow": "-20,839", "Investing Cash Flow": "-7,457", "Financing Cash Flow": "10,864", "End Cash Position": "16,302", "Interest Paid Supplemental Data": "1,391", "Capital Expenditure": "-5,989", "Issuance of Capital Stock": "11,589", "Issuance of Debt": "-", "Repayment of Debt": "-292", "Free Cash Flow": "-26,828"}, "12/31/2018": {"Duration": "12/31/2018", "Operating Cash Flow": "-15,851", "Investing Cash Flow": "-2,233", "Financing Cash Flow": "40,265", "End Cash Position": "33,734", "Interest Paid Supplemental Data": "1,945", "Capital Expenditure": "-2,233", "Issuance of Capital Stock": "39,394", "Issuance of Debt": "-", "Repayment of Debt": "0", "Free Cash Flow": "-18,084"}}}}, {"PX": {"quote": {"03/26/2021": {"value": "", "Net Assets": "N/A", "Beta (5Y Monthly)": "N/A", "Yield": "N/A", "5y Average Return": "N/A", "Holdings Turnover": "N/A", "Last Dividend": "N/A", "Average for Category": "N/A", "Inception Date": "N/A"}}, "fin": {}, "bs": {}, "cf": {}}}, {"LXU": {"quote": {"03/26/2021": {"value": "4.5000", "Market Cap": "135.17M", "Beta (5Y Monthly)": "2.92", "PE Ratio (TTM)": "N/A", "EPS (TTM)": "-3.5300", "Earnings Date": "May 04, 2021 - May 10, 2021", "Forward Dividend & Yield": "N/A (N/A)", "Ex-Dividend Date": "Dec 29, 1998", "1y Target Est": "9.15"}}, "fin": {"TTM": {"Duration": "TTM", "Total Revenue": "366,021", "Cost of Revenue": "343,464", "Gross Profit": "22,557", "Operating Expense": "31,575", "Operating Income": "-9,018", "Net Non Operating Interest Income Expense": "-50,008", "Other Income Expense": "-1,080", "Pretax Income": "-60,106", "Tax Provision": "-4,368", "Net Income Common Stockholders": "-94,457", "Diluted NI Available to Com Stockholders": "-94,457", "Basic EPS": "-", "Diluted EPS": "-", "Basic Average Shares": "-", "Diluted Average Shares": "-", "Total Operating Income as Reported": "-9,018", "Total Expenses": "375,039", "Net Income from Continuing & Discontinued Operation": "-55,738", "Normalized Income": "-55,738", "Interest Expense": "50,008", "Net Interest Income": "-50,008", "EBIT": "-10,098", "EBITDA": "59,913", "Reconciled Cost of Revenue": "343,464", "Reconciled Depreciation": "70,011", "Net Income from Continuing Operation Net Minority Interest": "-55,738", "Total Unusual Items Excluding Goodwill": "0", "Total Unusual Items": "0", "Normalized EBITDA": "59,913", "Tax Rate for Calcs": "0", "Tax Effect of Unusual Items": "0"}, "12/31/2020": {"Duration": "12/31/2020", "Total Revenue": "351,316", "Cost of Revenue": "334,268", "Gross Profit": "17,048", "Operating Expense": "32,583", "Operating Income": "-15,535", "Net Non Operating Interest Income Expense": "-51,115", "Other Income Expense": "-10", "Pretax Income": "-66,660", "Tax Provision": "-4,749", "Net Income Common Stockholders": "-99,419", "Diluted NI Available to Com Stockholders": "-99,419", "Basic EPS": "-", "Diluted EPS": "-", "Basic Average Shares": "-", "Diluted Average Shares": "-", "Total Operating Income as Reported": "-15,535", "Total Expenses": "366,851", "Net Income from Continuing & Discontinued Operation": "-61,911", "Normalized Income": "-61,911", "Interest Expense": "51,115", "Net Interest Income": "-51,115", "EBIT": "-15,545", "EBITDA": "-", "Reconciled Cost of Revenue": "334,268", "Reconciled Depreciation": "70,841", "Net Income from Continuing Operation Net Minority Interest": "-61,911", "Total Unusual Items Excluding Goodwill": "0", "Total Unusual Items": "0", "Normalized EBITDA": "55,296", "Tax Rate for Calcs": "0", "Tax Effect of Unusual Items": "0"}, "12/31/2019": {"Duration": "12/31/2019", "Total Revenue": "365,070", "Cost of Revenue": "360,085", "Gross Profit": "4,985", "Operating Expense": "44,076", "Operating Income": "-39,091", "Net Non Operating Interest Income Expense": "-46,389", "Other Income Expense": "1,139", "Pretax Income": "-84,341", "Tax Provision": "-20,924", "Net Income Common Stockholders": "-96,441", "Diluted NI Available to Com Stockholders": "-96,441", "Basic EPS": "-3.44", "Diluted EPS": "-3.44", "Basic Average Shares": "28,035", "Diluted Average Shares": "28,035", "Total Operating Income as Reported": "-39,091", "Total Expenses": "404,161", "Net Income from Continuing & Discontinued Operation": "-63,417", "Normalized Income": "-63,417", "Interest Expense": "46,389", "Net Interest Income": "-46,389", "EBIT": "-37,952", "EBITDA": "-", "Reconciled Cost of Revenue": "360,085", "Reconciled Depreciation": "69,574", "Net Income from Continuing Operation Net Minority Interest": "-63,417", "Total Unusual Items Excluding Goodwill": "0", "Total Unusual Items": "0", "Normalized EBITDA": "31,622", "Tax Rate for Calcs": "0", "Tax Effect of Unusual Items": "0"}, "12/31/2018": {"Duration": "12/31/2018", "Total Revenue": "378,160", "Cost of Revenue": "362,325", "Gross Profit": "15,835", "Operating Expense": "38,860", "Operating Income": "-23,025", "Net Non Operating Interest Income Expense": "-43,064", "Other Income Expense": "-4,397", "Pretax Income": "-70,486", "Tax Provision": "1,740", "Net Income Common Stockholders": "-102,741", "Diluted NI Available to Com Stockholders": "-102,741", "Basic EPS": "-3.74", "Diluted EPS": "-3.74", "Basic Average Shares": "27,471", "Diluted Average Shares": "27,471", "Total Operating Income as Reported": "-23,025", "Total Expenses": "401,185", "Net Income from Continuing & Discontinued Operation": "-72,226", "Normalized Income": "-67,882", "Interest Expense": "43,064", "Net Interest Income": "-43,064", "EBIT": "-27,422", "EBITDA": "-", "Reconciled Cost of Revenue": "362,325", "Reconciled Depreciation": "72,627", "Net Income from Continuing Operation Net Minority Interest": "-72,226", "Total Unusual Items Excluding Goodwill": "-5,951", "Total Unusual Items": "-5,951", "Normalized EBITDA": "51,156", "Tax Rate for Calcs": "0", "Tax Effect of Unusual Items": "-1,607"}}, "bs": {"12/31/2020": {"Duration": "12/31/2020", "Total Assets": "1,053,302", "Total Liabilities Net Minority Interest": "631,558", "Total Equity Gross Minority Interest": "421,744", "Total Capitalization": "889,133", "Preferred Stock Equity": "275,101", "Common Stock Equity": "146,643", "Capital Lease Obligations": "19,845", "Net Tangible Assets": "415,623", "Working Capital": "22,285", "Invested Capital": "644,409", "Tangible Book Value": "140,522", "Total Debt": "517,611", "Net Debt": "481,502", "Share Issued": "31,283", "Ordinary Shares Number": "29,209", "Treasury Shares Number": "2,075"}, "12/31/2019": {"Duration": "12/31/2019", "Total Assets": "1,088,489", "Total Liabilities Net Minority Interest": "606,269", "Total Equity Gross Minority Interest": "482,220", "Total Capitalization": "931,854", "Preferred Stock Equity": "237,893", "Common Stock Equity": "244,327", "Capital Lease Obligations": "11,404", "Net Tangible Assets": "476,408", "Working Capital": "27,573", "Invested Capital": "713,300", "Tangible Book Value": "238,515", "Total Debt": "480,377", "Net Debt": "446,182", "Share Issued": "31,283", "Ordinary Shares Number": "29,274", "Treasury Shares Number": "2,010"}, "12/31/2018": {"Duration": "12/31/2018", "Total Assets": "1,148,333", "Total Liabilities Net Minority Interest": "603,967", "Total Equity Gross Minority Interest": "544,366", "Total Capitalization": "957,047", "Preferred Stock Equity": "205,169", "Common Stock Equity": "339,197", "Capital Lease Obligations": "-", "Net Tangible Assets": "536,694", "Working Capital": "40,600", "Invested Capital": "772,973", "Tangible Book Value": "331,525", "Total Debt": "433,776", "Net Debt": "407,728", "Share Issued": "31,283", "Ordinary Shares Number": "28,845", "Treasury Shares Number": "2,438"}}, "cf": {"TTM": {"Duration": "TTM", "Operating Cash Flow": "12,376", "Investing Cash Flow": "-23,803", "Financing Cash Flow": "-11,824", "End Cash Position": "14,232", "Capital Expenditure": "-25,867", "Issuance of Debt": "54,589", "Repayment of Debt": "-65,991", "Repurchase of Capital Stock": "-", "Free Cash Flow": "-13,491"}, "12/31/2020": {"Duration": "12/31/2020", "Operating Cash Flow": "-2,513", "Investing Cash Flow": "-28,426", "Financing Cash Flow": "24,412", "End Cash Position": "16,264", "Capital Expenditure": "-30,471", "Issuance of Debt": "87,159", "Repayment of Debt": "-62,297", "Repurchase of Capital Stock": "-", "Free Cash Flow": "-32,984"}, "12/31/2019": {"Duration": "12/31/2019", "Operating Cash Flow": "2,099", "Investing Cash Flow": "-35,925", "Financing Cash Flow": "30,569", "End Cash Position": "22,791", "Capital Expenditure": "-36,081", "Issuance of Debt": "72,484", "Repayment of Debt": "-39,901", "Repurchase of Capital Stock": "-", "Free Cash Flow": "-33,982"}, "12/31/2018": {"Duration": "12/31/2018", "Operating Cash Flow": "17,622", "Investing Cash Flow": "-25,740", "Financing Cash Flow": "547", "End Cash Position": "26,048", "Capital Expenditure": "-37,050", "Issuance of Debt": "411,338", "Repayment of Debt": "-395,042", "Repurchase of Capital Stock": "0", "Free Cash Flow": "-19,428"}}}}, {"MTX": {"quote": {"03/26/2021": {"value": "76.95", "Market Cap": "2.605B", "Beta (5Y Monthly)": "1.50", "PE Ratio (TTM)": "23.41", "EPS (TTM)": "3.29", "Earnings Date": "Apr 28, 2021 - May 03, 2021", "Forward Dividend & Yield": "0.20 (0.27%)", "Ex-Dividend Date": "Feb 18, 2021", "1y Target Est": "77.40"}}, "fin": {"TTM": {"Duration": "TTM", "Total Revenue": "1,594,800", "Cost of Revenue": "1,189,400", "Gross Profit": "405,400", "Operating Expense": "196,400", "Operating Income": "209,000", "Net Non Operating Interest Income Expense": "-38,200", "Other Income Expense": "-32,800", "Pretax Income": "138,000", "Tax Provision": "24,400", "Earnings from Equity Interest Net of Tax": "2,200", "Net Income Common Stockholders": "112,400", "Diluted NI Available to Com Stockholders": "112,400", "Basic EPS": "-", "Diluted EPS": "-", "Basic Average Shares": "-", "Diluted Average Shares": "-", "Total Operating Income as Reported": "187,900", "Total Expenses": "1,385,800", "Net Income from Continuing & Discontinued Operation": "112,400", "Normalized Income": "129,765", "Interest Income": "-", "Interest Expense": "38,200", "Net Interest Income": "-38,200", "EBIT": "176,200", "EBITDA": "270,100", "Reconciled Cost of Revenue": "1,189,400", "Reconciled Depreciation": "93,900", "Net Income from Continuing Operation Net Minority Interest": "112,400", "Total Unusual Items Excluding Goodwill": "-21,100", "Total Unusual Items": "-21,100", "Normalized EBITDA": "291,200", "Tax Rate for Calcs": "0", "Tax Effect of Unusual Items": "-3,735"}, "12/31/2020": {"Duration": "12/31/2020", "Total Revenue": "1,594,800", "Cost of Revenue": "1,189,400", "Gross Profit": "405,400", "Operating Expense": "196,400", "Operating Income": "209,000", "Net Non Operating Interest Income Expense": "-38,200", "Other Income Expense": "-32,800", "Pretax Income": "138,000", "Tax Provision": "24,400", "Earnings from Equity Interest Net of Tax": "2,200", "Net Income Common Stockholders": "112,400", "Diluted NI Available to Com Stockholders": "112,400", "Basic EPS": "-", "Diluted EPS": "-", "Basic Average Shares": "-", "Diluted Average Shares": "-", "Total Operating Income as Reported": "187,900", "Total Expenses": "1,385,800", "Net Income from Continuing & Discontinued Operation": "112,400", "Normalized Income": "129,765", "Interest Income": "-", "Interest Expense": "38,200", "Net Interest Income": "-38,200", "EBIT": "176,200", "EBITDA": "-", "Reconciled Cost of Revenue": "1,189,400", "Reconciled Depreciation": "93,900", "Net Income from Continuing Operation Net Minority Interest": "112,400", "Total Unusual Items Excluding Goodwill": "-21,100", "Total Unusual Items": "-21,100", "Normalized EBITDA": "291,200", "Tax Rate for Calcs": "0", "Tax Effect of Unusual Items": "-3,735"}, "12/31/2019": {"Duration": "12/31/2019", "Total Revenue": "1,791,000", "Cost of Revenue": "1,350,400", "Gross Profit": "440,600", "Operating Expense": "207,800", "Operating Income": "232,800", "Net Non Operating Interest Income Expense": "-43,200", "Other Income Expense": "-32,300", "Pretax Income": "157,300", "Tax Provision": "22,800", "Earnings from Equity Interest Net of Tax": "1,900", "Net Income Common Stockholders": "132,700", "Diluted NI Available to Com Stockholders": "132,700", "Basic EPS": "3.79", "Diluted EPS": "3.78", "Basic Average Shares": "35,000", "Diluted Average Shares": "35,100", "Total Operating Income as Reported": "208,700", "Total Expenses": "1,558,200", "Net Income from Continuing & Discontinued Operation": "132,700", "Normalized Income": "153,306", "Interest Income": "2,300", "Interest Expense": "43,200", "Net Interest Income": "-43,200", "EBIT": "200,500", "EBITDA": "-", "Reconciled Cost of Revenue": "1,350,400", "Reconciled Depreciation": "98,400", "Net Income from Continuing Operation Net Minority Interest": "132,700", "Total Unusual Items Excluding Goodwill": "-24,100", "Total Unusual Items": "-24,100", "Normalized EBITDA": "323,000", "Tax Rate for Calcs": "0", "Tax Effect of Unusual Items": "-3,494"}, "12/31/2018": {"Duration": "12/31/2018", "Total Revenue": "1,807,600", "Cost of Revenue": "1,346,200", "Gross Profit": "461,400", "Operating Expense": "201,300", "Operating Income": "260,100", "Net Non Operating Interest Income Expense": "-45,900", "Other Income Expense": "-10,100", "Pretax Income": "204,100", "Tax Provision": "34,400", "Earnings from Equity Interest Net of Tax": "3,500", "Net Income Common Stockholders": "169,000", "Diluted NI Available to Com Stockholders": "169,000", "Basic EPS": "4.79", "Diluted EPS": "4.75", "Basic Average Shares": "35,300", "Diluted Average Shares": "35,600", "Total Operating Income as Reported": "255,900", "Total Expenses": "1,547,500", "Net Income from Continuing & Discontinued Operation": "169,000", "Normalized Income": "172,490", "Interest Income": "2,100", "Interest Expense": "45,900", "Net Interest Income": "-45,900", "EBIT": "250,000", "EBITDA": "-", "Reconciled Cost of Revenue": "1,346,200", "Reconciled Depreciation": "94,300", "Net Income from Continuing Operation Net Minority Interest": "169,000", "Total Unusual Items Excluding Goodwill": "-4,200", "Total Unusual Items": "-4,200", "Normalized EBITDA": "348,500", "Tax Rate for Calcs": "0", "Tax Effect of Unusual Items": "-709.8"}}, "bs": {"12/31/2020": {"Duration": "12/31/2020", "Total Assets": "3,209,400", "Total Liabilities Net Minority Interest": "1,710,700", "Total Equity Gross Minority Interest": "1,498,700", "Total Capitalization": "2,394,000", "Common Stock Equity": "1,460,800", "Net Tangible Assets": "456,500", "Working Capital": "737,800", "Invested Capital": "2,395,000", "Tangible Book Value": "456,500", "Total Debt": "934,200", "Net Debt": "566,500", "Share Issued": "49,051", "Ordinary Shares Number": "33,882", "Treasury Shares Number": "15,169"}, "12/31/2019": {"Duration": "12/31/2019", "Total Assets": "3,112,600", "Total Liabilities Net Minority Interest": "1,678,000", "Total Equity Gross Minority Interest": "1,434,600", "Total Capitalization": "2,227,000", "Common Stock Equity": "1,402,700", "Net Tangible Assets": "392,300", "Working Capital": "520,700", "Invested Capital": "2,330,300", "Tangible Book Value": "392,300", "Total Debt": "927,600", "Net Debt": "686,000", "Share Issued": "48,910", "Ordinary Shares Number": "34,544", "Treasury Shares Number": "14,365"}, "12/31/2018": {"Duration": "12/31/2018", "Total Assets": "3,087,100", "Total Liabilities Net Minority Interest": "1,701,800", "Total Equity Gross Minority Interest": "1,385,300", "Total Capitalization": "2,261,300", "Common Stock Equity": "1,353,500", "Net Tangible Assets": "327,000", "Working Capital": "494,400", "Invested Capital": "2,369,800", "Tangible Book Value": "327,000", "Total Debt": "1,016,300", "Net Debt": "807,500", "Share Issued": "48,794", "Ordinary Shares Number": "35,190", "Treasury Shares Number": "13,604"}}, "cf": {"TTM": {"Duration": "TTM", "Operating Cash Flow": "240,600", "Investing Cash Flow": "-78,700", "Financing Cash Flow": "-43,000", "End Cash Position": "367,700", "Capital Expenditure": "-66,800", "Issuance of Debt": "400,000", "Repayment of Debt": "-391,300", "Repurchase of Capital Stock": "-40,700", "Free Cash Flow": "173,800"}, "12/31/2020": {"Duration": "12/31/2020", "Operating Cash Flow": "240,600", "Investing Cash Flow": "-78,700", "Financing Cash Flow": "-43,000", "End Cash Position": "367,700", "Capital Expenditure": "-66,800", "Issuance of Debt": "400,000", "Repayment of Debt": "-391,300", "Repurchase of Capital Stock": "-40,700", "Free Cash Flow": "173,800"}, "12/31/2019": {"Duration": "12/31/2019", "Operating Cash Flow": "238,300", "Investing Cash Flow": "-62,000", "Financing Cash Flow": "-143,300", "End Cash Position": "241,600", "Capital Expenditure": "-65,000", "Issuance of Debt": "0", "Repayment of Debt": "-92,200", "Repurchase of Capital Stock": "-41,000", "Free Cash Flow": "173,300"}, "12/31/2018": {"Duration": "12/31/2018", "Operating Cash Flow": "203,600", "Investing Cash Flow": "-200,000", "Financing Cash Flow": "4,200", "End Cash Position": "208,800", "Capital Expenditure": "-75,900", "Issuance of Debt": "113,000", "Repayment of Debt": "-80,300", "Repurchase of Capital Stock": "-21,700", "Free Cash Flow": "127,700"}}}}, {"TROX": {"quote": {"03/26/2021": {"value": "17.74", "Market Cap": "2.675B", "Beta (5Y Monthly)": "2.71", "PE Ratio (TTM)": "2.65", "EPS (TTM)": "6.69", "Earnings Date": "Feb 18, 2021", "Forward Dividend & Yield": "0.32 (1.80%)", "Ex-Dividend Date": "Mar 05, 2021", "1y Target Est": "23.17"}}, "fin": {"TTM": {"Duration": "TTM", "Total Revenue": "2,927,000", "Cost of Revenue": "2,275,000", "Gross Profit": "652,000", "Operating Expense": "334,000", "Operating Income": "318,000", "Net Non Operating Interest Income Expense": "-188,000", "Other Income Expense": "-31,000", "Pretax Income": "99,000", "Tax Provision": "-882,000", "Net Income Common Stockholders": "956,000", "Diluted NI Available to Com Stockholders": "956,000", "Basic EPS": "-", "Diluted EPS": "-", "Basic Average Shares": "-", "Diluted Average Shares": "-", "Total Operating Income as Reported": "317,000", "Total Expenses": "2,609,000", "Net Income from Continuing & Discontinued Operation": "956,000", "Normalized Income": "968,000", "Interest Income": "6,000", "Interest Expense": "184,000", "Net Interest Income": "-188,000", "EBIT": "283,000", "EBITDA": "600,000", "Reconciled Cost of Revenue": "2,275,000", "Reconciled Depreciation": "317,000", "Net Income from Continuing Operation Net Minority Interest": "956,000", "Total Unusual Items Excluding Goodwill": "-20,000", "Total Unusual Items": "-20,000", "Normalized EBITDA": "620,000", "Tax Rate for Calcs": "0", "Tax Effect of Unusual Items": "-8,000"}, "12/31/2020": {"Duration": "12/31/2020", "Total Revenue": "2,758,000", "Cost of Revenue": "2,137,000", "Gross Profit": "621,000", "Operating Expense": "347,000", "Operating Income": "274,000", "Net Non Operating Interest Income Expense": "-181,000", "Other Income Expense": "21,000", "Pretax Income": "114,000", "Tax Provision": "-881,000", "Net Income Common Stockholders": "969,000", "Diluted NI Available to Com Stockholders": "969,000", "Basic EPS": "6.76", "Diluted EPS": "6.69", "Basic Average Shares": "143,355", "Diluted Average Shares": "144,906", "Total Operating Income as Reported": "271,000", "Total Expenses": "2,484,000", "Net Income from Continuing & Discontinued Operation": "969,000", "Normalized Income": "960,240", "Interest Income": "8,000", "Interest Expense": "179,000", "Net Interest Income": "-181,000", "EBIT": "293,000", "EBITDA": "-", "Reconciled Cost of Revenue": "2,137,000", "Reconciled Depreciation": "304,000", "Net Income from Continuing Operation Net Minority Interest": "969,000", "Total Unusual Items Excluding Goodwill": "12,000", "Total Unusual Items": "12,000", "Normalized EBITDA": "585,000", "Tax Rate for Calcs": "0", "Tax Effect of Unusual Items": "3,240"}, "12/31/2019": {"Duration": "12/31/2019", "Total Revenue": "2,642,000", "Cost of Revenue": "2,178,000", "Gross Profit": "464,000", "Operating Expense": "347,000", "Operating Income": "117,000", "Net Non Operating Interest Income Expense": "-183,000", "Other Income Expense": "-22,000", "Pretax Income": "-88,000", "Tax Provision": "14,000", "Net Income Common Stockholders": "-109,000", "Diluted NI Available to Com Stockholders": "-109,000", "Basic EPS": "-0.78", "Diluted EPS": "-0.78", "Basic Average Shares": "139,859", "Diluted Average Shares": "139,859", "Total Operating Income as Reported": "95,000", "Total Expenses": "2,525,000", "Net Income from Continuing & Discontinued Operation": "-109,000", "Normalized Income": "-100,130", "Interest Income": "18,000", "Interest Expense": "201,000", "Net Interest Income": "-183,000", "EBIT": "113,000", "EBITDA": "-", "Reconciled Cost of Revenue": "2,178,000", "Reconciled Depreciation": "280,000", "Net Income from Continuing Operation Net Minority Interest": "-114,000", "Total Unusual Items Excluding Goodwill": "-19,000", "Total Unusual Items": "-19,000", "Normalized EBITDA": "412,000", "Tax Rate for Calcs": "0", "Tax Effect of Unusual Items": "-5,130"}, "12/31/2018": {"Duration": "12/31/2018", "Total Revenue": "1,819,000", "Cost of Revenue": "1,321,000", "Gross Profit": "498,000", "Operating Expense": "267,000", "Operating Income": "231,000", "Net Non Operating Interest Income Expense": "-160,000", "Other Income Expense": "-28,000", "Pretax Income": "43,000", "Tax Provision": "13,000", "Net Income Common Stockholders": "-7,000", "Diluted NI Available to Com Stockholders": "-7,000", "Basic EPS": "-0.06", "Diluted EPS": "-0.06", "Basic Average Shares": "122,881", "Diluted Average Shares": "122,881", "Total Operating Income as Reported": "200,000", "Total Expenses": "1,588,000", "Net Income from Continuing & Discontinued Operation": "-7,000", "Normalized Income": "13,300", "Interest Income": "33,000", "Interest Expense": "182,000", "Net Interest Income": "-160,000", "EBIT": "225,000", "EBITDA": "-", "Reconciled Cost of Revenue": "1,321,000", "Reconciled Depreciation": "195,000", "Net Income from Continuing Operation Net Minority Interest": "-7,000", "Total Unusual Items Excluding Goodwill": "-29,000", "Total Unusual Items": "-29,000", "Normalized EBITDA": "449,000", "Tax Rate for Calcs": "0", "Tax Effect of Unusual Items": "-8,700"}}, "bs": {"12/31/2020": {"Duration": "12/31/2020", "Total Assets": "6,568,000", "Total Liabilities Net Minority Interest": "4,697,000", "Total Equity Gross Minority Interest": "1,871,000", "Total Capitalization": "4,961,000", "Common Stock Equity": "1,698,000", "Capital Lease Obligations": "80,000", "Net Tangible Assets": "1,497,000", "Working Capital": "1,724,000", "Invested Capital": "5,019,000", "Tangible Book Value": "1,497,000", "Total Debt": "3,401,000", "Net Debt": "2,702,000", "Share Issued": "143,557", "Ordinary Shares Number": "143,557", "Treasury Shares Number": "-"}, "12/31/2019": {"Duration": "12/31/2019", "Total Assets": "5,268,000", "Total Liabilities Net Minority Interest": "4,352,000", "Total Equity Gross Minority Interest": "916,000", "Total Capitalization": "3,736,000", "Common Stock Equity": "748,000", "Capital Lease Obligations": "100,000", "Net Tangible Assets": "540,000", "Working Capital": "1,371,000", "Invested Capital": "3,774,000", "Tangible Book Value": "540,000", "Total Debt": "3,126,000", "Net Debt": "2,724,000", "Share Issued": "141,900", "Ordinary Shares Number": "141,900", "Treasury Shares Number": "-"}, "12/31/2018": {"Duration": "12/31/2018", "Total Assets": "4,642,000", "Total Liabilities Net Minority Interest": "3,780,000", "Total Equity Gross Minority Interest": "862,000", "Total Capitalization": "3,822,000", "Common Stock Equity": "683,000", "Capital Lease Obligations": "-", "Net Tangible Assets": "507,000", "Working Capital": "2,244,000", "Invested Capital": "3,844,000", "Tangible Book Value": "507,000", "Total Debt": "3,161,000", "Net Debt": "2,127,000", "Share Issued": "122,934", "Ordinary Shares Number": "122,934", "Treasury Shares Number": "81.456"}}, "cf": {"TTM": {"Duration": "TTM", "Operating Cash Flow": "518,000", "Investing Cash Flow": "-248,000", "Financing Cash Flow": "69,000", "Cash Flow from Discontinued Operation": "-", "End Cash Position": "768,000", "Income Tax Paid Supplemental Data": "16,000", "Interest Paid Supplemental Data": "165,000", "Capital Expenditure": "-215,000", "Issuance of Debt": "2,675,000", "Repayment of Debt": "-2,499,000", "Repurchase of Capital Stock": "-", "Free Cash Flow": "303,000"}, "12/31/2020": {"Duration": "12/31/2020", "Operating Cash Flow": "355,000", "Investing Cash Flow": "-229,000", "Financing Cash Flow": "214,000", "Cash Flow from Discontinued Operation": "-", "End Cash Position": "648,000", "Income Tax Paid Supplemental Data": "17,000", "Interest Paid Supplemental Data": "159,000", "Capital Expenditure": "-195,000", "Issuance of Debt": "513,000", "Repayment of Debt": "-246,000", "Repurchase of Capital Stock": "0", "Free Cash Flow": "160,000"}, "12/31/2019": {"Duration": "12/31/2019", "Operating Cash Flow": "441,000", "Investing Cash Flow": "-1,186,000", "Financing Cash Flow": "-638,000", "Cash Flow from Discontinued Operation": "-", "End Cash Position": "311,000", "Income Tax Paid Supplemental Data": "34,000", "Interest Paid Supplemental Data": "188,000", "Capital Expenditure": "-198,000", "Issuance of Debt": "222,000", "Repayment of Debt": "-387,000", "Repurchase of Capital Stock": "-288,000", "Free Cash Flow": "243,000"}, "12/31/2018": {"Duration": "12/31/2018", "Operating Cash Flow": "170,000", "Investing Cash Flow": "-174,000", "Financing Cash Flow": "-46,000", "Cash Flow from Discontinued Operation": "-", "End Cash Position": "1,696,000", "Income Tax Paid Supplemental Data": "28,000", "Interest Paid Supplemental Data": "184,000", "Capital Expenditure": "-117,000", "Issuance of Debt": "615,000", "Repayment of Debt": "-606,000", "Repurchase of Capital Stock": "-", "Free Cash Flow": "53,000"}}}}, {"OCIP": {"quote": {"03/26/2021": {"value": "", "Net Assets": "N/A", "Beta (5Y Monthly)": "N/A", "Yield": "N/A", "5y Average Return": "N/A", "Holdings Turnover": "N/A", "Last Dividend": "N/A", "Average for Category": "N/A", "Inception Date": "N/A"}}, "fin": {}, "bs": {}, "cf": {}}}, {"NANX": {"quote": {"03/26/2021": {"value": "1.1500", "Market Cap": "43.948M", "Beta (5Y Monthly)": "1.24", "PE Ratio (TTM)": "44.23", "EPS (TTM)": "0.0260", "Earnings Date": "Mar 11, 2021", "Forward Dividend & Yield": "N/A (N/A)", "Ex-Dividend Date": "N/A", "1y Target Est": "1.50"}}, "fin": {"TTM": {"Duration": "TTM", "Total Revenue": "20,156", "Cost of Revenue": "13,170", "Gross Profit": "6,986", "Operating Expense": "4,961", "Operating Income": "2,025", "Net Non Operating Interest Income Expense": "-511.142", "Other Income Expense": "-", "Pretax Income": "1,514", "Tax Provision": "0", "Net Income Common Stockholders": "1,514", "Diluted NI Available to Com Stockholders": "1,514", "Basic EPS": "-", "Diluted EPS": "-", "Basic Average Shares": "-", "Diluted Average Shares": "-", "Total Operating Income as Reported": "1,031", "Total Expenses": "18,131", "Net Income from Continuing & Discontinued Operation": "1,514", "Normalized Income": "1,514", "Interest Income": "-", "Interest Expense": "511.142", "Net Interest Income": "-511.142", "EBIT": "2,025", "EBITDA": "2,025", "Reconciled Cost of Revenue": "13,170", "Reconciled Depreciation": "-", "Net Income from Continuing Operation Net Minority Interest": "1,514", "Total Unusual Items Excluding Goodwill": "-", "Total Unusual Items": "-", "Normalized EBITDA": "2,025", "Tax Rate for Calcs": "0", "Tax Effect of Unusual Items": "0"}, "12/31/2020": {"Duration": "12/31/2020", "Total Revenue": "17,123", "Cost of Revenue": "11,133", "Gross Profit": "5,990", "Operating Expense": "4,505", "Operating Income": "1,485", "Net Non Operating Interest Income Expense": "-496", "Other Income Expense": "-", "Pretax Income": "989", "Tax Provision": "0", "Net Income Common Stockholders": "989", "Diluted NI Available to Com Stockholders": "989", "Basic EPS": "0.03", "Diluted EPS": "0.03", "Basic Average Shares": "38,159", "Diluted Average Shares": "38,540", "Total Operating Income as Reported": "1,485", "Total Expenses": "15,638", "Net Income from Continuing & Discontinued Operation": "989", "Normalized Income": "989", "Interest Income": "0", "Interest Expense": "496", "Net Interest Income": "-496", "EBIT": "1,485", "EBITDA": "-", "Reconciled Cost of Revenue": "11,133", "Reconciled Depreciation": "358", "Net Income from Continuing Operation Net Minority Interest": "989", "Total Unusual Items Excluding Goodwill": "-", "Total Unusual Items": "-", "Normalized EBITDA": "1,843", "Tax Rate for Calcs": "0", "Tax Effect of Unusual Items": "0"}, "12/31/2019": {"Duration": "12/31/2019", "Total Revenue": "12,509", "Cost of Revenue": "9,893", "Gross Profit": "2,616", "Operating Expense": "5,412", "Operating Income": "-2,796", "Net Non Operating Interest Income Expense": "-210", "Other Income Expense": "-", "Pretax Income": "-3,006", "Tax Provision": "0", "Net Income Common Stockholders": "-3,006", "Diluted NI Available to Com Stockholders": "-3,006", "Basic EPS": "-0.08", "Diluted EPS": "-0.08", "Basic Average Shares": "36,596", "Diluted Average Shares": "36,596", "Total Operating Income as Reported": "-2,796", "Total Expenses": "15,305", "Net Income from Continuing & Discontinued Operation": "-3,006", "Normalized Income": "-3,006", "Interest Income": "0", "Interest Expense": "210", "Net Interest Income": "-210", "EBIT": "-2,796", "EBITDA": "-", "Reconciled Cost of Revenue": "9,893", "Reconciled Depreciation": "315", "Net Income from Continuing Operation Net Minority Interest": "-3,006", "Total Unusual Items Excluding Goodwill": "-", "Total Unusual Items": "-", "Normalized EBITDA": "-2,481", "Tax Rate for Calcs": "0", "Tax Effect of Unusual Items": "0"}, "12/31/2018": {"Duration": "12/31/2018", "Total Revenue": "14,193", "Cost of Revenue": "10,903", "Gross Profit": "3,290", "Operating Expense": "5,313", "Operating Income": "-2,023", "Net Non Operating Interest Income Expense": "-58", "Other Income Expense": "-", "Pretax Income": "-2,081", "Tax Provision": "0", "Net Income Common Stockholders": "-2,081", "Diluted NI Available to Com Stockholders": "-2,081", "Basic EPS": "-0.06", "Diluted EPS": "-0.06", "Basic Average Shares": "33,872", "Diluted Average Shares": "33,872", "Total Operating Income as Reported": "-2,023", "Total Expenses": "16,216", "Net Income from Continuing & Discontinued Operation": "-2,081", "Normalized Income": "-2,081", "Interest Income": "0", "Interest Expense": "58", "Net Interest Income": "-58", "EBIT": "-2,023", "EBITDA": "-", "Reconciled Cost of Revenue": "10,903", "Reconciled Depreciation": "322", "Net Income from Continuing Operation Net Minority Interest": "-2,081", "Total Unusual Items Excluding Goodwill": "-", "Total Unusual Items": "-", "Normalized EBITDA": "-1,701", "Tax Rate for Calcs": "0", "Tax Effect of Unusual Items": "0"}}, "bs": {"12/31/2020": {"Duration": "12/31/2020", "Total Assets": "13,540", "Total Liabilities Net Minority Interest": "10,808", "Total Equity Gross Minority Interest": "2,732", "Total Capitalization": "4,781", "Common Stock Equity": "2,732", "Capital Lease Obligations": "2,369", "Net Tangible Assets": "2,732", "Working Capital": "2,051", "Invested Capital": "7,936", "Tangible Book Value": "2,732", "Total Debt": "7,573", "Net Debt": "4,247", "Share Issued": "38,221", "Ordinary Shares Number": "38,221"}, "12/31/2019": {"Duration": "12/31/2019", "Total Assets": "9,372", "Total Liabilities Net Minority Interest": "7,861", "Total Equity Gross Minority Interest": "1,511", "Total Capitalization": "2,341", "Common Stock Equity": "1,511", "Capital Lease Obligations": "2,898", "Net Tangible Assets": "1,511", "Working Capital": "576", "Invested Capital": "3,565", "Tangible Book Value": "1,511", "Total Debt": "4,952", "Net Debt": "860", "Share Issued": "38,137", "Ordinary Shares Number": "38,137"}, "12/31/2018": {"Duration": "12/31/2018", "Total Assets": "6,569", "Total Liabilities Net Minority Interest": "5,185", "Total Equity Gross Minority Interest": "1,384", "Total Capitalization": "1,884", "Common Stock Equity": "1,384", "Capital Lease Obligations": "724", "Net Tangible Assets": "1,384", "Working Capital": "1,052", "Invested Capital": "2,716", "Tangible Book Value": "1,384", "Total Debt": "2,056", "Net Debt": "-", "Share Issued": "33,912", "Ordinary Shares Number": "33,912"}}, "cf": {"TTM": {"Duration": "TTM", "Operating Cash Flow": "-", "Investing Cash Flow": "-", "Financing Cash Flow": "-", "End Cash Position": "-", "Interest Paid Supplemental Data": "-", "Capital Expenditure": "-", "Issuance of Capital Stock": "-", "Issuance of Debt": "-", "Repayment of Debt": "-", "Free Cash Flow": "-"}, "12/31/2020": {"Duration": "12/31/2020", "Operating Cash Flow": "-2,061", "Investing Cash Flow": "-878", "Financing Cash Flow": "2,702", "End Cash Position": "957", "Interest Paid Supplemental Data": "178", "Capital Expenditure": "-878", "Issuance of Capital Stock": "0", "Issuance of Debt": "17,467", "Repayment of Debt": "-14,802", "Free Cash Flow": "-2,939"}, "12/31/2019": {"Duration": "12/31/2019", "Operating Cash Flow": "-2,776", "Investing Cash Flow": "-740", "Financing Cash Flow": "3,365", "End Cash Position": "1,194", "Interest Paid Supplemental Data": "173", "Capital Expenditure": "-740", "Issuance of Capital Stock": "1,677", "Issuance of Debt": "12,986", "Repayment of Debt": "-11,312", "Free Cash Flow": "-3,516"}, "12/31/2018": {"Duration": "12/31/2018", "Operating Cash Flow": "-1,342", "Investing Cash Flow": "-160", "Financing Cash Flow": "892", "End Cash Position": "1,345", "Interest Paid Supplemental Data": "51", "Capital Expenditure": "-160", "Issuance of Capital Stock": "0", "Issuance of Debt": "2,670", "Repayment of Debt": "-1,807", "Free Cash Flow": "-1,502"}}}}, {"TREC": {"quote": {"03/26/2021": {"value": "7.86", "Market Cap": "195.201M", "Beta (5Y Monthly)": "0.69", "PE Ratio (TTM)": "6.37", "EPS (TTM)": "1.23", "Earnings Date": "Mar 09, 2021", "Forward Dividend & Yield": "N/A (N/A)", "Ex-Dividend Date": "Jun 07, 1988", "1y Target Est": "N/A"}}, "fin": {"TTM": {"Duration": "TTM", "Total Revenue": "208,626", "Cost of Revenue": "179,948", "Gross Profit": "28,678", "Operating Expense": "25,740", "Operating Income": "2,938", "Net Non Operating Interest Income Expense": "-2,491", "Other Income Expense": "556", "Pretax Income": "1,003", "Tax Provision": "-3,963", "Net Income Common Stockholders": "31,175", "Diluted NI Available to Com Stockholders": "31,175", "Basic EPS": "-", "Diluted EPS": "-", "Basic Average Shares": "-", "Diluted Average Shares": "-", "Total Operating Income as Reported": "2,938", "Total Expenses": "205,688", "Net Income from Continuing & Discontinued Operation": "31,175", "Normalized Income": "4,994", "Interest Expense": "2,491", "Net Interest Income": "-2,491", "EBIT": "3,494", "EBITDA": "19,642", "Reconciled Cost of Revenue": "164,648", "Reconciled Depreciation": "16,148", "Net Income from Continuing Operation Net Minority Interest": "4,966", "Total Unusual Items Excluding Goodwill": "-39", "Total Unusual Items": "-39", "Normalized EBITDA": "19,681", "Tax Rate for Calcs": "0", "Tax Effect of Unusual Items": "-10.53"}, "12/31/2020": {"Duration": "12/31/2020", "Total Revenue": "208,626", "Cost of Revenue": "179,948", "Gross Profit": "28,678", "Operating Expense": "25,740", "Operating Income": "2,938", "Net Non Operating Interest Income Expense": "-2,491", "Other Income Expense": "556", "Pretax Income": "1,003", "Tax Provision": "-3,963", "Net Income Common Stockholders": "31,175", "Diluted NI Available to Com Stockholders": "31,175", "Basic EPS": "-", "Diluted EPS": "-", "Basic Average Shares": "-", "Diluted Average Shares": "-", "Total Operating Income as Reported": "2,938", "Total Expenses": "205,688", "Net Income from Continuing & Discontinued Operation": "31,175", "Normalized Income": "4,994", "Interest Expense": "2,491", "Net Interest Income": "-2,491", "EBIT": "3,494", "EBITDA": "-", "Reconciled Cost of Revenue": "164,648", "Reconciled Depreciation": "16,148", "Net Income from Continuing Operation Net Minority Interest": "4,966", "Total Unusual Items Excluding Goodwill": "-39", "Total Unusual Items": "-39", "Normalized EBITDA": "19,681", "Tax Rate for Calcs": "0", "Tax Effect of Unusual Items": "-10.53"}, "12/31/2019": {"Duration": "12/31/2019", "Total Revenue": "258,959", "Cost of Revenue": "220,444", "Gross Profit": "38,515", "Operating Expense": "25,226", "Operating Income": "13,289", "Net Non Operating Interest Income Expense": "-5,139", "Other Income Expense": "-24,600", "Pretax Income": "-16,450", "Tax Provision": "-3,566", "Net Income Common Stockholders": "-14,974", "Diluted NI Available to Com Stockholders": "-14,974", "Basic EPS": "-0.61", "Diluted EPS": "-0.61", "Basic Average Shares": "24,698", "Diluted Average Shares": "24,698", "Total Operating Income as Reported": "-10,863", "Total Expenses": "245,670", "Net Income from Continuing & Discontinued Operation": "-14,974", "Normalized Income": "6,565", "Interest Expense": "5,139", "Net Interest Income": "-5,139", "EBIT": "-11,311", "EBITDA": "-", "Reconciled Cost of Revenue": "205,083", "Reconciled Depreciation": "16,201", "Net Income from Continuing Operation Net Minority Interest": "-12,884", "Total Unusual Items Excluding Goodwill": "-24,832", "Total Unusual Items": "-24,832", "Normalized EBITDA": "29,722", "Tax Rate for Calcs": "0", "Tax Effect of Unusual Items": "-5,383"}, "12/31/2018": {"Duration": "12/31/2018", "Total Revenue": "287,932", "Cost of Revenue": "260,114", "Gross Profit": "27,818", "Operating Expense": "23,136", "Operating Income": "4,682", "Net Non Operating Interest Income Expense": "-4,100", "Other Income Expense": "-3,721", "Pretax Income": "-3,139", "Tax Provision": "-807", "Net Income Common Stockholders": "-2,332", "Diluted NI Available to Com Stockholders": "-2,332", "Basic EPS": "-0.10", "Diluted EPS": "-0.10", "Basic Average Shares": "24,438", "Diluted Average Shares": "24,438", "Total Operating Income as Reported": "2,335", "Total Expenses": "283,250", "Net Income from Continuing & Discontinued Operation": "-2,332", "Normalized Income": "-354.3689", "Interest Expense": "4,100", "Net Interest Income": "-4,100", "EBIT": "961", "EBITDA": "-", "Reconciled Cost of Revenue": "246,496", "Reconciled Depreciation": "14,358", "Net Income from Continuing Operation Net Minority Interest": "-2,332", "Total Unusual Items Excluding Goodwill": "-2,662", "Total Unusual Items": "-2,662", "Normalized EBITDA": "17,981", "Tax Rate for Calcs": "0", "Tax Effect of Unusual Items": "-684.3689"}}, "bs": {"12/31/2020": {"Duration": "12/31/2020", "Total Assets": "316,833", "Total Liabilities Net Minority Interest": "112,426", "Total Equity Gross Minority Interest": "204,407", "Total Capitalization": "252,142", "Common Stock Equity": "204,118", "Capital Lease Obligations": "10,528", "Net Tangible Assets": "191,225", "Working Capital": "76,312", "Invested Capital": "256,336", "Tangible Book Value": "191,225", "Total Debt": "62,746", "Net Debt": "-", "Share Issued": "24,817", "Ordinary Shares Number": "24,817", "Treasury Shares Number": "-"}, "12/31/2019": {"Duration": "12/31/2019", "Total Assets": "301,819", "Total Liabilities Net Minority Interest": "130,376", "Total Equity Gross Minority Interest": "171,443", "Total Capitalization": "250,249", "Common Stock Equity": "171,154", "Capital Lease Obligations": "13,512", "Net Tangible Assets": "156,418", "Working Capital": "55,455", "Invested Capital": "254,443", "Tangible Book Value": "156,418", "Total Debt": "96,801", "Net Debt": "77,144", "Share Issued": "24,800", "Ordinary Shares Number": "24,800", "Treasury Shares Number": "-"}, "12/31/2018": {"Duration": "12/31/2018", "Total Assets": "329,968", "Total Liabilities Net Minority Interest": "144,807", "Total Equity Gross Minority Interest": "185,161", "Total Capitalization": "283,160", "Common Stock Equity": "184,872", "Capital Lease Obligations": "-", "Net Tangible Assets": "144,127", "Working Capital": "25,741", "Invested Capital": "287,354", "Tangible Book Value": "144,127", "Total Debt": "102,482", "Net Debt": "95,747", "Share Issued": "24,600", "Ordinary Shares Number": "24,500", "Treasury Shares Number": "100"}}, "cf": {"TTM": {"Duration": "TTM", "Operating Cash Flow": "25,565", "Investing Cash Flow": "55,329", "Financing Cash Flow": "-31,375", "End Cash Position": "55,664", "Income Tax Paid Supplemental Data": "-", "Interest Paid Supplemental Data": "2,266", "Capital Expenditure": "-13,351", "Issuance of Capital Stock": "-", "Issuance of Debt": "26,123", "Repayment of Debt": "-57,375", "Free Cash Flow": "12,214"}, "12/31/2020": {"Duration": "12/31/2020", "Operating Cash Flow": "25,565", "Investing Cash Flow": "55,329", "Financing Cash Flow": "-31,375", "End Cash Position": "55,664", "Income Tax Paid Supplemental Data": "-", "Interest Paid Supplemental Data": "2,266", "Capital Expenditure": "-13,351", "Issuance of Capital Stock": "-", "Issuance of Debt": "26,123", "Repayment of Debt": "-57,375", "Free Cash Flow": "12,214"}, "12/31/2019": {"Duration": "12/31/2019", "Operating Cash Flow": "25,121", "Investing Cash Flow": "-6,031", "Financing Cash Flow": "-19,680", "End Cash Position": "6,145", "Income Tax Paid Supplemental Data": "53", "Interest Paid Supplemental Data": "4,731", "Capital Expenditure": "-10,079", "Issuance of Capital Stock": "0", "Issuance of Debt": "2,000", "Repayment of Debt": "-21,375", "Free Cash Flow": "15,042"}, "12/31/2018": {"Duration": "12/31/2018", "Operating Cash Flow": "19,895", "Investing Cash Flow": "-19,871", "Financing Cash Flow": "3,683", "End Cash Position": "6,735", "Income Tax Paid Supplemental Data": "-", "Interest Paid Supplemental Data": "4,560", "Capital Expenditure": "-25,285", "Issuance of Capital Stock": "0", "Issuance of Debt": "18,177", "Repayment of Debt": "-15,354", "Free Cash Flow": "-5,390"}}}}, {"BIOAF": {"quote": {"03/26/2021": {"value": "0.2890", "Market Cap": "20.539M", "Beta (5Y Monthly)": "0.54", "PE Ratio (TTM)": "32.11", "EPS (TTM)": "0.0090", "Earnings Date": "N/A", "Forward Dividend & Yield": "N/A (N/A)", "Ex-Dividend Date": "N/A", "1y Target Est": "N/A"}}, "fin": {"TTM": {"Duration": "TTM", "Total Revenue": "4,115", "Cost of Revenue": "-", "Gross Profit": "-", "Operating Expense": "3,904", "Operating Income": "210.595", "Net Non Operating Interest Income Expense": "-76.392", "Other Income Expense": "619.655", "Pretax Income": "753.858", "Net Income Common Stockholders": "753.858", "Diluted NI Available to Com Stockholders": "753.858", "Basic EPS": "-", "Diluted EPS": "-", "Basic Average Shares": "-", "Diluted Average Shares": "-", "Total Expenses": "3,904", "Net Income from Continuing & Discontinued Operation": "753.858", "Normalized Income": "301.5099", "Interest Income": "-", "Net Interest Income": "-76.392", "EBIT": "238.085", "EBITDA": "301.556", "Reconciled Cost of Revenue": "-", "Reconciled Depreciation": "63.471", "Net Income from Continuing Operation Net Minority Interest": "753.858", "Total Unusual Items Excluding Goodwill": "619.655", "Total Unusual Items": "619.655", "Normalized EBITDA": "-318.099", "Tax Rate for Calcs": "0", "Tax Effect of Unusual Items": "167.3069"}, "2/29/2020": {"Duration": "2/29/2020", "Total Revenue": "606.384", "Cost of Revenue": "0", "Gross Profit": "606.384", "Operating Expense": "5,208", "Operating Income": "-4,602", "Net Non Operating Interest Income Expense": "-46.9", "Other Income Expense": "592.165", "Pretax Income": "-4,056", "Net Income Common Stockholders": "-4,056", "Diluted NI Available to Com Stockholders": "-4,056", "Basic EPS": "-0.07", "Diluted EPS": "-0.07", "Basic Average Shares": "62,271", "Diluted Average Shares": "62,271", "Total Expenses": "5,208", "Net Income from Continuing & Discontinued Operation": "-4,056", "Normalized Income": "-4,649", "Interest Income": "-", "Net Interest Income": "-46.9", "EBIT": "-4,602", "EBITDA": "-", "Reconciled Cost of Revenue": "0", "Reconciled Depreciation": "70.77", "Net Income from Continuing Operation Net Minority Interest": "-4,056", "Total Unusual Items Excluding Goodwill": "592.165", "Total Unusual Items": "592.165", "Normalized EBITDA": "-5,123", "Tax Rate for Calcs": "0", "Tax Effect of Unusual Items": "0"}, "2/28/2019": {"Duration": "2/28/2019", "Total Revenue": "1,422", "Cost of Revenue": "10.443", "Gross Profit": "1,412", "Operating Expense": "6,269", "Operating Income": "-4,857", "Net Non Operating Interest Income Expense": "1.779", "Other Income Expense": "1,382", "Pretax Income": "-3,473", "Net Income Common Stockholders": "-3,473", "Diluted NI Available to Com Stockholders": "-3,473", "Basic EPS": "-0.06", "Diluted EPS": "-0.06", "Basic Average Shares": "56,675", "Diluted Average Shares": "56,675", "Total Expenses": "6,279", "Net Income from Continuing & Discontinued Operation": "-3,473", "Normalized Income": "-4,855", "Interest Income": "1.779", "Net Interest Income": "1.779", "EBIT": "-4,857", "EBITDA": "-", "Reconciled Cost of Revenue": "10.443", "Reconciled Depreciation": "71.99", "Net Income from Continuing Operation Net Minority Interest": "-3,473", "Total Unusual Items Excluding Goodwill": "1,382", "Total Unusual Items": "1,382", "Normalized EBITDA": "-6,167", "Tax Rate for Calcs": "0", "Tax Effect of Unusual Items": "0"}}, "bs": {"2/29/2020": {"Duration": "2/29/2020", "Total Assets": "941.794", "Total Liabilities Net Minority Interest": "3,428", "Total Equity Gross Minority Interest": "-2,486", "Total Capitalization": "-1,968", "Common Stock Equity": "-2,486", "Net Tangible Assets": "-2,755", "Working Capital": "-1,825", "Invested Capital": "-1,483", "Tangible Book Value": "-2,755", "Total Debt": "1,004", "Net Debt": "427.18", "Share Issued": "63,573", "Ordinary Shares Number": "63,573"}, "2/28/2019": {"Duration": "2/28/2019", "Total Assets": "1,743", "Total Liabilities Net Minority Interest": "2,290", "Total Equity Gross Minority Interest": "-546.656", "Total Capitalization": "-546.656", "Common Stock Equity": "-546.656", "Net Tangible Assets": "-874.48", "Working Capital": "119.385", "Invested Capital": "-546.656", "Tangible Book Value": "-874.48", "Total Debt": "-", "Net Debt": "-", "Share Issued": "58,587", "Ordinary Shares Number": "58,587"}}, "cf": {"TTM": {"Duration": "TTM", "Operating Cash Flow": "312.345", "Investing Cash Flow": "1,584", "Financing Cash Flow": "39.729", "End Cash Position": "2,527", "Income Tax Paid Supplemental Data": "0", "Interest Paid Supplemental Data": "0", "Capital Expenditure": "-", "Issuance of Capital Stock": "-0.001", "Issuance of Debt": "735.882", "Free Cash Flow": "312.345"}, "2/29/2020": {"Duration": "2/29/2020", "Operating Cash Flow": "-3,299", "Investing Cash Flow": "0", "Financing Cash Flow": "2,493", "End Cash Position": "576.371", "Income Tax Paid Supplemental Data": "0", "Interest Paid Supplemental Data": "0", "Capital Expenditure": "-", "Issuance of Capital Stock": "1,205", "Issuance of Debt": "1,288", "Free Cash Flow": "-3,299"}, "2/28/2019": {"Duration": "2/28/2019", "Operating Cash Flow": "-3,230", "Investing Cash Flow": "393.008", "Financing Cash Flow": "3,527", "End Cash Position": "1,360", "Income Tax Paid Supplemental Data": "0", "Interest Paid Supplemental Data": "0", "Capital Expenditure": "-2.062", "Issuance of Capital Stock": "3,527", "Issuance of Debt": "-", "Free Cash Flow": "-3,232"}}}}, {"UNVR": {"quote": {"03/26/2021": {"value": "21.87", "Market Cap": "3.707B", "Beta (5Y Monthly)": "1.94", "PE Ratio (TTM)": "70.55", "EPS (TTM)": "0.31", "Earnings Date": "May 10, 2021 - May 14, 2021", "Forward Dividend & Yield": "N/A (N/A)", "Ex-Dividend Date": "N/A", "1y Target Est": "22.39"}}, "fin": {"TTM": {"Duration": "TTM", "Total Revenue": "8,265,000", "Cost of Revenue": "6,262,800", "Gross Profit": "2,002,200", "Operating Expense": "1,608,900", "Operating Income": "393,300", "Net Non Operating Interest Income Expense": "-112,500", "Other Income Expense": "-221,800", "Pretax Income": "59,000", "Tax Provision": "6,100", "Net Income Common Stockholders": "52,900", "Diluted NI Available to Com Stockholders": "52,900", "Basic EPS": "-", "Diluted EPS": "-", "Basic Average Shares": "-", "Diluted Average Shares": "-", "Total Operating Income as Reported": "282,200", "Total Expenses": "7,871,700", "Net Income from Continuing & Discontinued Operation": "52,900", "Normalized Income": "209,516", "Interest Income": "2,100", "Interest Expense": "114,500", "Net Interest Income": "-112,500", "EBIT": "173,500", "EBITDA": "396,400", "Reconciled Cost of Revenue": "6,262,800", "Reconciled Depreciation": "222,900", "Net Income from Continuing Operation Net Minority Interest": "52,900", "Total Unusual Items Excluding Goodwill": "-174,600", "Total Unusual Items": "-174,600", "Normalized EBITDA": "571,000", "Tax Rate for Calcs": "0", "Tax Effect of Unusual Items": "-17,984"}, "12/31/2020": {"Duration": "12/31/2020", "Total Revenue": "8,265,000", "Cost of Revenue": "6,262,800", "Gross Profit": "2,002,200", "Operating Expense": "1,608,900", "Operating Income": "393,300", "Net Non Operating Interest Income Expense": "-112,500", "Other Income Expense": "-221,800", "Pretax Income": "59,000", "Tax Provision": "6,100", "Net Income Common Stockholders": "52,900", "Diluted NI Available to Com Stockholders": "52,900", "Basic EPS": "-", "Diluted EPS": "-", "Basic Average Shares": "-", "Diluted Average Shares": "-", "Total Operating Income as Reported": "282,200", "Total Expenses": "7,871,700", "Net Income from Continuing & Discontinued Operation": "52,900", "Normalized Income": "209,516", "Interest Income": "2,100", "Interest Expense": "114,500", "Net Interest Income": "-112,500", "EBIT": "173,500", "EBITDA": "-", "Reconciled Cost of Revenue": "6,262,800", "Reconciled Depreciation": "222,900", "Net Income from Continuing Operation Net Minority Interest": "52,900", "Total Unusual Items Excluding Goodwill": "-174,600", "Total Unusual Items": "-174,600", "Normalized EBITDA": "571,000", "Tax Rate for Calcs": "0", "Tax Effect of Unusual Items": "-17,984"}, "12/31/2019": {"Duration": "12/31/2019", "Total Revenue": "9,286,900", "Cost of Revenue": "7,146,100", "Gross Profit": "2,140,800", "Operating Expense": "1,700,900", "Operating Income": "439,900", "Net Non Operating Interest Income Expense": "-140,700", "Other Income Expense": "-300,300", "Pretax Income": "-1,100", "Tax Provision": "104,500", "Net Income Common Stockholders": "-100,200", "Diluted NI Available to Com Stockholders": "-100,200", "Basic EPS": "-0.61", "Diluted EPS": "-0.61", "Basic Average Shares": "164,100", "Diluted Average Shares": "164,100", "Total Operating Income as Reported": "187,300", "Total Expenses": "8,847,000", "Net Income from Continuing & Discontinued Operation": "-100,200", "Normalized Income": "88,945", "Interest Income": "7,700", "Interest Expense": "147,200", "Net Interest Income": "-140,700", "EBIT": "146,100", "EBITDA": "-", "Reconciled Cost of Revenue": "7,146,100", "Reconciled Depreciation": "214,700", "Net Income from Continuing Operation Net Minority Interest": "-105,600", "Total Unusual Items Excluding Goodwill": "-266,500", "Total Unusual Items": "-266,500", "Normalized EBITDA": "627,300", "Tax Rate for Calcs": "0", "Tax Effect of Unusual Items": "-71,955"}, "12/31/2018": {"Duration": "12/31/2018", "Total Revenue": "8,632,500", "Cost of Revenue": "6,732,400", "Gross Profit": "1,900,100", "Operating Expense": "1,467,500", "Operating Income": "432,600", "Net Non Operating Interest Income Expense": "-132,400", "Other Income Expense": "-78,000", "Pretax Income": "222,200", "Tax Provision": "49,900", "Net Income Common Stockholders": "172,000", "Diluted NI Available to Com Stockholders": "172,000", "Basic EPS": "1.22", "Diluted EPS": "1.21", "Basic Average Shares": "141,200", "Diluted Average Shares": "142,200", "Total Operating Income as Reported": "387,400", "Total Expenses": "8,199,900", "Net Income from Continuing & Discontinued Operation": "172,300", "Normalized Income": "211,748", "Interest Income": "3,200", "Interest Expense": "135,600", "Net Interest Income": "-132,400", "EBIT": "357,800", "EBITDA": "-", "Reconciled Cost of Revenue": "6,732,400", "Reconciled Depreciation": "179,500", "Net Income from Continuing Operation Net Minority Interest": "172,300", "Total Unusual Items Excluding Goodwill": "-50,900", "Total Unusual Items": "-50,900", "Normalized EBITDA": "588,200", "Tax Rate for Calcs": "0", "Tax Effect of Unusual Items": "-11,452"}}, "bs": {"12/31/2020": {"Duration": "12/31/2020", "Total Assets": "6,355,000", "Total Liabilities Net Minority Interest": "4,562,700", "Total Equity Gross Minority Interest": "1,792,300", "Total Capitalization": "4,193,800", "Common Stock Equity": "1,792,300", "Capital Lease Obligations": "226,900", "Net Tangible Assets": "-730,000", "Working Capital": "1,044,900", "Invested Capital": "4,333,400", "Tangible Book Value": "-730,000", "Total Debt": "2,768,000", "Net Debt": "2,154,500", "Share Issued": "169,300", "Ordinary Shares Number": "169,300"}, "12/31/2019": {"Duration": "12/31/2019", "Total Assets": "6,494,800", "Total Liabilities Net Minority Interest": "4,762,000", "Total Equity Gross Minority Interest": "1,732,800", "Total Capitalization": "4,371,300", "Common Stock Equity": "1,732,800", "Capital Lease Obligations": "233,100", "Net Tangible Assets": "-868,200", "Working Capital": "1,004,200", "Invested Capital": "4,376,100", "Tangible Book Value": "-868,200", "Total Debt": "2,876,400", "Net Debt": "2,313,000", "Share Issued": "168,700", "Ordinary Shares Number": "168,700"}, "12/31/2018": {"Duration": "12/31/2018", "Total Assets": "5,272,400", "Total Liabilities Net Minority Interest": "4,080,700", "Total Equity Gross Minority Interest": "1,191,700", "Total Capitalization": "3,542,100", "Common Stock Equity": "1,191,700", "Capital Lease Obligations": "-", "Net Tangible Assets": "-827,100", "Working Capital": "854,100", "Invested Capital": "3,571,900", "Tangible Book Value": "-827,100", "Total Debt": "2,380,200", "Net Debt": "2,258,600", "Share Issued": "141,700", "Ordinary Shares Number": "141,700"}}, "cf": {"TTM": {"Duration": "TTM", "Operating Cash Flow": "226,900", "Investing Cash Flow": "-41,300", "Financing Cash Flow": "-140,000", "End Cash Position": "386,600", "Income Tax Paid Supplemental Data": "51,300", "Interest Paid Supplemental Data": "104,700", "Capital Expenditure": "-111,300", "Issuance of Capital Stock": "-", "Issuance of Debt": "65,500", "Repayment of Debt": "-205,300", "Free Cash Flow": "115,600"}, "12/31/2020": {"Duration": "12/31/2020", "Operating Cash Flow": "226,900", "Investing Cash Flow": "-41,300", "Financing Cash Flow": "-140,000", "End Cash Position": "386,600", "Income Tax Paid Supplemental Data": "51,300", "Interest Paid Supplemental Data": "104,700", "Capital Expenditure": "-111,300", "Issuance of Capital Stock": "-", "Issuance of Debt": "65,500", "Repayment of Debt": "-205,300", "Free Cash Flow": "115,600"}, "12/31/2019": {"Duration": "12/31/2019", "Operating Cash Flow": "363,900", "Investing Cash Flow": "-433,100", "Financing Cash Flow": "295,200", "End Cash Position": "330,300", "Income Tax Paid Supplemental Data": "42,500", "Interest Paid Supplemental Data": "146,100", "Capital Expenditure": "-122,500", "Issuance of Capital Stock": "-", "Issuance of Debt": "1,853,000", "Repayment of Debt": "-1,545,900", "Free Cash Flow": "241,400"}, "12/31/2018": {"Duration": "12/31/2018", "Operating Cash Flow": "289,900", "Investing Cash Flow": "-99,000", "Financing Cash Flow": "-518,300", "End Cash Position": "121,600", "Income Tax Paid Supplemental Data": "65,000", "Interest Paid Supplemental Data": "128,200", "Capital Expenditure": "-94,600", "Issuance of Capital Stock": "-", "Issuance of Debt": "41,700", "Repayment of Debt": "-561,900", "Free Cash Flow": "195,300"}}}}, {"VHI": {"quote": {"03/26/2021": {"value": "20.84", "Market Cap": "589.211M", "Beta (5Y Monthly)": "1.84", "PE Ratio (TTM)": "10.76", "EPS (TTM)": "1.94", "Earnings Date": "May 05, 2021 - May 10, 2021", "Forward Dividend & Yield": "0.32 (1.54%)", "Ex-Dividend Date": "Mar 12, 2021", "1y Target Est": "N/A"}}, "fin": {"TTM": {"Duration": "TTM", "Total Revenue": "1,849,700", "Cost of Revenue": "1,437,600", "Gross Profit": "412,100", "Operating Expense": "283,600", "Operating Income": "128,500", "Net Non Operating Interest Income Expense": "-36,200", "Other Income Expense": "8,300", "Pretax Income": "100,600", "Tax Provision": "15,900", "Net Income Common Stockholders": "55,200", "Diluted NI Available to Com Stockholders": "55,200", "Basic EPS": "-", "Diluted EPS": "-", "Basic Average Shares": "-", "Diluted Average Shares": "-", "Total Operating Income as Reported": "-", "Total Expenses": "1,721,200", "Net Income from Continuing & Discontinued Operation": "55,200", "Normalized Income": "28,757", "Interest Expense": "36,200", "Net Interest Income": "-36,200", "EBIT": "136,800", "EBITDA": "205,300", "Reconciled Cost of Revenue": "1,437,600", "Reconciled Depreciation": "68,500", "Net Income from Continuing Operation Net Minority Interest": "50,900", "Total Unusual Items Excluding Goodwill": "26,300", "Total Unusual Items": "26,300", "Normalized EBITDA": "179,000", "Tax Rate for Calcs": "0", "Tax Effect of Unusual Items": "4,157"}, "12/31/2020": {"Duration": "12/31/2020", "Total Revenue": "1,849,700", "Cost of Revenue": "1,437,600", "Gross Profit": "412,100", "Operating Expense": "283,600", "Operating Income": "128,500", "Net Non Operating Interest Income Expense": "-36,200", "Other Income Expense": "8,300", "Pretax Income": "100,600", "Tax Provision": "15,900", "Net Income Common Stockholders": "55,200", "Diluted NI Available to Com Stockholders": "55,200", "Basic EPS": "-", "Diluted EPS": "-", "Basic Average Shares": "-", "Diluted Average Shares": "-", "Total Operating Income as Reported": "-", "Total Expenses": "1,721,200", "Net Income from Continuing & Discontinued Operation": "55,200", "Normalized Income": "28,757", "Interest Expense": "36,200", "Net Interest Income": "-36,200", "EBIT": "136,800", "EBITDA": "-", "Reconciled Cost of Revenue": "1,437,600", "Reconciled Depreciation": "68,500", "Net Income from Continuing Operation Net Minority Interest": "50,900", "Total Unusual Items Excluding Goodwill": "26,300", "Total Unusual Items": "26,300", "Normalized EBITDA": "179,000", "Tax Rate for Calcs": "0", "Tax Effect of Unusual Items": "4,157"}, "12/31/2019": {"Duration": "12/31/2019", "Total Revenue": "1,897,500", "Cost of Revenue": "1,462,900", "Gross Profit": "434,600", "Operating Expense": "294,200", "Operating Income": "140,400", "Net Non Operating Interest Income Expense": "-40,800", "Other Income Expense": "5,100", "Pretax Income": "104,700", "Tax Provision": "26,500", "Net Income Common Stockholders": "49,200", "Diluted NI Available to Com Stockholders": "49,200", "Basic EPS": "1.68", "Diluted EPS": "1.68", "Basic Average Shares": "28,508", "Diluted Average Shares": "28,508", "Total Operating Income as Reported": "-", "Total Expenses": "1,757,100", "Net Income from Continuing & Discontinued Operation": "49,200", "Normalized Income": "35,831", "Interest Expense": "40,800", "Net Interest Income": "-40,800", "EBIT": "145,500", "EBITDA": "-", "Reconciled Cost of Revenue": "1,462,900", "Reconciled Depreciation": "56,800", "Net Income from Continuing Operation Net Minority Interest": "49,200", "Total Unusual Items Excluding Goodwill": "17,900", "Total Unusual Items": "17,900", "Normalized EBITDA": "184,400", "Tax Rate for Calcs": "0", "Tax Effect of Unusual Items": "4,531"}, "12/31/2018": {"Duration": "12/31/2018", "Total Revenue": "1,820,100", "Cost of Revenue": "1,210,900", "Gross Profit": "609,200", "Operating Expense": "310,000", "Operating Income": "299,200", "Net Non Operating Interest Income Expense": "-55,700", "Other Income Expense": "-7,300", "Pretax Income": "236,200", "Tax Provision": "-30,700", "Net Income Common Stockholders": "262,200", "Diluted NI Available to Com Stockholders": "262,200", "Basic EPS": "9.24", "Diluted EPS": "9.24", "Basic Average Shares": "28,500", "Diluted Average Shares": "28,500", "Total Operating Income as Reported": "370,700", "Total Expenses": "1,520,900", "Net Income from Continuing & Discontinued Operation": "262,200", "Normalized Income": "224,888", "Interest Expense": "55,700", "Net Interest Income": "-55,700", "EBIT": "291,900", "EBITDA": "-", "Reconciled Cost of Revenue": "1,210,900", "Reconciled Depreciation": "58,400", "Net Income from Continuing Operation Net Minority Interest": "228,100", "Total Unusual Items Excluding Goodwill": "4,400", "Total Unusual Items": "4,400", "Normalized EBITDA": "345,900", "Tax Rate for Calcs": "0", "Tax Effect of Unusual Items": "1,188"}}, "bs": {"12/31/2020": {"Duration": "12/31/2020", "Total Assets": "2,889,300", "Total Liabilities Net Minority Interest": "1,882,400", "Total Equity Gross Minority Interest": "1,006,900", "Total Capitalization": "1,468,700", "Preferred Stock Equity": "-", "Common Stock Equity": "682,500", "Capital Lease Obligations": "25,500", "Net Tangible Assets": "302,800", "Working Capital": "1,135,300", "Invested Capital": "1,471,100", "Tangible Book Value": "302,800", "Total Debt": "814,100", "Net Debt": "270,000", "Share Issued": "29,600", "Ordinary Shares Number": "28,500", "Preferred Shares Number": "-", "Treasury Shares Number": "1,100"}, "12/31/2019": {"Duration": "12/31/2019", "Total Assets": "2,794,400", "Total Liabilities Net Minority Interest": "1,814,300", "Total Equity Gross Minority Interest": "980,100", "Total Capitalization": "1,429,400", "Preferred Stock Equity": "667,300", "Common Stock Equity": "-27,300", "Capital Lease Obligations": "28,400", "Net Tangible Assets": "260,300", "Working Capital": "1,102,900", "Invested Capital": "767,000", "Tangible Book Value": "-407,000", "Total Debt": "822,700", "Net Debt": "270,500", "Share Issued": "29,617", "Ordinary Shares Number": "28,517", "Preferred Shares Number": "5", "Treasury Shares Number": "1,100"}, "12/31/2018": {"Duration": "12/31/2018", "Total Assets": "2,709,600", "Total Liabilities Net Minority Interest": "1,720,600", "Total Equity Gross Minority Interest": "989,000", "Total Capitalization": "1,432,900", "Preferred Stock Equity": "667,300", "Common Stock Equity": "-31,900", "Capital Lease Obligations": "-", "Net Tangible Assets": "255,700", "Working Capital": "1,057,800", "Invested Capital": "768,500", "Tangible Book Value": "-411,600", "Total Debt": "800,400", "Net Debt": "300,600", "Share Issued": "29,608", "Ordinary Shares Number": "28,508", "Preferred Shares Number": "5", "Treasury Shares Number": "1,100"}}, "cf": {"TTM": {"Duration": "TTM", "Operating Cash Flow": "152,200", "Investing Cash Flow": "-57,000", "Financing Cash Flow": "-122,500", "End Cash Position": "570,300", "Income Tax Paid Supplemental Data": "24,100", "Interest Paid Supplemental Data": "33,100", "Capital Expenditure": "-65,500", "Issuance of Debt": "0", "Repayment of Debt": "-58,500", "Repurchase of Capital Stock": "-1,000", "Free Cash Flow": "86,700"}, "12/31/2020": {"Duration": "12/31/2020", "Operating Cash Flow": "152,200", "Investing Cash Flow": "-57,000", "Financing Cash Flow": "-122,500", "End Cash Position": "570,300", "Income Tax Paid Supplemental Data": "24,100", "Interest Paid Supplemental Data": "33,100", "Capital Expenditure": "-65,500", "Issuance of Debt": "0", "Repayment of Debt": "-58,500", "Repurchase of Capital Stock": "-1,000", "Free Cash Flow": "86,700"}, "12/31/2019": {"Duration": "12/31/2019", "Operating Cash Flow": "177,200", "Investing Cash Flow": "-50,700", "Financing Cash Flow": "-64,100", "End Cash Position": "583,800", "Income Tax Paid Supplemental Data": "33,400", "Interest Paid Supplemental Data": "37,900", "Capital Expenditure": "-59,900", "Issuance of Debt": "14,900", "Repayment of Debt": "-11,200", "Repurchase of Capital Stock": "-3,100", "Free Cash Flow": "117,300"}, "12/31/2018": {"Duration": "12/31/2018", "Operating Cash Flow": "165,500", "Investing Cash Flow": "-57,000", "Financing Cash Flow": "-59,800", "End Cash Position": "523,700", "Income Tax Paid Supplemental Data": "68,500", "Interest Paid Supplemental Data": "53,900", "Capital Expenditure": "-61,400", "Issuance of Debt": "0", "Repayment of Debt": "-12,600", "Repurchase of Capital Stock": "-", "Free Cash Flow": "104,100"}}}}, {"CDXC": {"quote": {"03/26/2021": {"value": "9.02", "Market Cap": "602.151M", "Beta (5Y Monthly)": "1.81", "PE Ratio (TTM)": "N/A", "EPS (TTM)": "-0.33", "Earnings Date": "Mar 10, 2021", "Forward Dividend & Yield": "N/A (N/A)", "Ex-Dividend Date": "N/A", "1y Target Est": "16.00"}}, "fin": {"TTM": {"Duration": "TTM", "Total Revenue": "59,257", "Cost of Revenue": "23,983", "Gross Profit": "35,274", "Operating Expense": "55,128", "Operating Income": "-19,854", "Net Non Operating Interest Income Expense": "-71", "Other Income Expense": "-", "Pretax Income": "-19,925", "Tax Provision": "-", "Net Income Common Stockholders": "-19,925", "Diluted NI Available to Com Stockholders": "-19,925", "Basic EPS": "-", "Diluted EPS": "-", "Basic Average Shares": "-", "Diluted Average Shares": "-", "Total Operating Income as Reported": "-19,854", "Total Expenses": "79,111", "Interest Expense": "71", "Net Interest Income": "-71", "Net Income from Continuing & Discontinued Operation": "-19,925", "Normalized Income": "-19,925", "EBIT": "-19,854", "EBITDA": "-18,341", "Reconciled Cost of Revenue": "23,983", "Reconciled Depreciation": "1,513", "Net Income from Continuing Operation Net Minority Interest": "-19,925", "Total Unusual Items Excluding Goodwill": "-", "Total Unusual Items": "-", "Normalized EBITDA": "-18,341", "Tax Rate for Calcs": "0", "Tax Effect of Unusual Items": "0"}, "12/31/2020": {"Duration": "12/31/2020", "Total Revenue": "59,257", "Cost of Revenue": "23,983", "Gross Profit": "35,274", "Operating Expense": "55,128", "Operating Income": "-19,854", "Net Non Operating Interest Income Expense": "-71", "Other Income Expense": "-", "Pretax Income": "-19,925", "Tax Provision": "-", "Net Income Common Stockholders": "-19,925", "Diluted NI Available to Com Stockholders": "-19,925", "Basic EPS": "-", "Diluted EPS": "-", "Basic Average Shares": "-", "Diluted Average Shares": "-", "Total Operating Income as Reported": "-19,854", "Total Expenses": "79,111", "Interest Expense": "71", "Net Interest Income": "-71", "Net Income from Continuing & Discontinued Operation": "-19,925", "Normalized Income": "-19,925", "EBIT": "-19,854", "EBITDA": "-", "Reconciled Cost of Revenue": "23,983", "Reconciled Depreciation": "1,513", "Net Income from Continuing Operation Net Minority Interest": "-19,925", "Total Unusual Items Excluding Goodwill": "-", "Total Unusual Items": "-", "Normalized EBITDA": "-18,341", "Tax Rate for Calcs": "0", "Tax Effect of Unusual Items": "0"}, "12/31/2019": {"Duration": "12/31/2019", "Total Revenue": "46,291", "Cost of Revenue": "20,522", "Gross Profit": "25,769", "Operating Expense": "57,069", "Operating Income": "-31,300", "Net Non Operating Interest Income Expense": "-847", "Other Income Expense": "-", "Pretax Income": "-32,147", "Tax Provision": "-", "Net Income Common Stockholders": "-32,147", "Diluted NI Available to Com Stockholders": "-32,147", "Basic EPS": "-0.56", "Diluted EPS": "-0.56", "Basic Average Shares": "57,056", "Diluted Average Shares": "57,056", "Total Operating Income as Reported": "-31,300", "Total Expenses": "77,591", "Interest Expense": "-", "Net Interest Income": "-847", "Net Income from Continuing & Discontinued Operation": "-32,147", "Normalized Income": "-32,147", "EBIT": "-31,300", "EBITDA": "-", "Reconciled Cost of Revenue": "20,522", "Reconciled Depreciation": "1,523", "Net Income from Continuing Operation Net Minority Interest": "-32,147", "Total Unusual Items Excluding Goodwill": "-", "Total Unusual Items": "-", "Normalized EBITDA": "-29,777", "Tax Rate for Calcs": "0", "Tax Effect of Unusual Items": "0"}, "12/31/2018": {"Duration": "12/31/2018", "Total Revenue": "31,557", "Cost of Revenue": "15,502", "Gross Profit": "16,055", "Operating Expense": "49,227", "Operating Income": "-33,172", "Net Non Operating Interest Income Expense": "-79", "Other Income Expense": "-65", "Pretax Income": "-33,316", "Tax Provision": "-", "Net Income Common Stockholders": "-33,316", "Diluted NI Available to Com Stockholders": "-33,316", "Basic EPS": "-0.61", "Diluted EPS": "-0.61", "Basic Average Shares": "55,006", "Diluted Average Shares": "55,006", "Total Operating Income as Reported": "-33,172", "Total Expenses": "64,729", "Interest Expense": "-", "Net Interest Income": "-79", "Net Income from Continuing & Discontinued Operation": "-33,316", "Normalized Income": "-33,316", "EBIT": "-33,172", "EBITDA": "-", "Reconciled Cost of Revenue": "15,502", "Reconciled Depreciation": "842", "Net Income from Continuing Operation Net Minority Interest": "-33,316", "Total Unusual Items Excluding Goodwill": "-", "Total Unusual Items": "-", "Normalized EBITDA": "-32,330", "Tax Rate for Calcs": "0", "Tax Effect of Unusual Items": "0"}}, "bs": {"12/31/2020": {"Duration": "12/31/2020", "Total Assets": "38,358", "Total Liabilities Net Minority Interest": "21,934", "Total Equity Gross Minority Interest": "16,424", "Total Capitalization": "16,424", "Common Stock Equity": "16,424", "Capital Lease Obligations": "1,637", "Net Tangible Assets": "15,342", "Working Capital": "15,743", "Invested Capital": "16,424", "Tangible Book Value": "15,342", "Total Debt": "1,637", "Share Issued": "61,881", "Ordinary Shares Number": "61,881"}, "12/31/2019": {"Duration": "12/31/2019", "Total Assets": "40,247", "Total Liabilities Net Minority Interest": "19,802", "Total Equity Gross Minority Interest": "20,445", "Total Capitalization": "20,445", "Common Stock Equity": "20,445", "Capital Lease Obligations": "1,719", "Net Tangible Assets": "19,134", "Working Capital": "18,455", "Invested Capital": "20,445", "Tangible Book Value": "19,134", "Total Debt": "1,719", "Share Issued": "59,562", "Ordinary Shares Number": "59,562"}, "12/31/2018": {"Duration": "12/31/2018", "Total Assets": "42,232", "Total Liabilities Net Minority Interest": "15,054", "Total Equity Gross Minority Interest": "27,178", "Total Capitalization": "27,178", "Common Stock Equity": "27,178", "Capital Lease Obligations": "310", "Net Tangible Assets": "25,631", "Working Capital": "22,094", "Invested Capital": "27,178", "Tangible Book Value": "25,631", "Total Debt": "310", "Share Issued": "55,089", "Ordinary Shares Number": "55,089"}}, "cf": {"TTM": {"Duration": "TTM", "Operating Cash Flow": "-10,600", "Investing Cash Flow": "-165", "Financing Cash Flow": "8,650", "End Cash Position": "16,697", "Interest Paid Supplemental Data": "13", "Capital Expenditure": "-142", "Issuance of Capital Stock": "4,856", "Issuance of Debt": "0", "Repayment of Debt": "-272", "Repurchase of Capital Stock": "-", "Free Cash Flow": "-10,742"}, "12/31/2020": {"Duration": "12/31/2020", "Operating Cash Flow": "-10,600", "Investing Cash Flow": "-165", "Financing Cash Flow": "8,650", "End Cash Position": "16,697", "Interest Paid Supplemental Data": "13", "Capital Expenditure": "-142", "Issuance of Capital Stock": "4,856", "Issuance of Debt": "-", "Repayment of Debt": "-272", "Repurchase of Capital Stock": "-", "Free Cash Flow": "-10,742"}, "12/31/2019": {"Duration": "12/31/2019", "Operating Cash Flow": "-20,439", "Investing Cash Flow": "-249", "Financing Cash Flow": "16,884", "End Cash Position": "18,812", "Interest Paid Supplemental Data": "33", "Capital Expenditure": "-753", "Issuance of Capital Stock": "6,772", "Issuance of Debt": "10,000", "Repayment of Debt": "-276", "Repurchase of Capital Stock": "0", "Free Cash Flow": "-21,192"}, "12/31/2018": {"Duration": "12/31/2018", "Operating Cash Flow": "-20,908", "Investing Cash Flow": "-1,775", "Financing Cash Flow": "-90", "End Cash Position": "22,616", "Interest Paid Supplemental Data": "41", "Capital Expenditure": "-1,452", "Issuance of Capital Stock": "0", "Issuance of Debt": "-", "Repayment of Debt": "-196", "Repurchase of Capital Stock": "-404", "Free Cash Flow": "-22,360"}}}}, {"LIN": {"quote": {"03/28/2021": {"value": "281.40", "Market Cap": "147.126B", "Beta (5Y Monthly)": "0.81", "PE Ratio (TTM)": "59.77", "EPS (TTM)": "4.71", "Earnings Date": "Feb 05, 2021", "Forward Dividend & Yield": "4.24 (1.51%)", "Ex-Dividend Date": "Mar 04, 2021", "1y Target Est": "294.20"}}, "fin": {"TTM": {"Duration": "TTM", "Total Revenue": "27,243,000", "Cost of Revenue": "15,383,000", "Gross Profit": "11,860,000", "Operating Expense": "7,971,000", "Operating Income": "3,889,000", "Net Non Operating Interest Income Expense": "-115,000", "Other Income Expense": "-390,000", "Pretax Income": "3,384,000", "Tax Provision": "847,000", "Earnings from Equity Interest Net of Tax": "85,000", "Net Income Common Stockholders": "2,501,000", "Diluted NI Available to Com Stockholders": "2,501,000", "Basic EPS": "-", "Diluted EPS": "-", "Basic Average Shares": "-", "Diluted Average Shares": "-", "Total Operating Income as Reported": "3,322,000", "Total Expenses": "23,354,000", "Net Income from Continuing & Discontinued Operation": "2,501,000", "Normalized Income": "2,580,250", "Interest Income": "55,000", "Interest Expense": "255,000", "Net Interest Income": "-115,000", "EBIT": "3,639,000", "EBITDA": "8,265,000", "Reconciled Cost of Revenue": "15,383,000", "Reconciled Depreciation": "4,626,000", "Net Income from Continuing Operation Net Minority Interest": "2,497,000", "Total Unusual Items Excluding Goodwill": "-111,000", "Total Unusual Items": "-111,000", "Normalized EBITDA": "8,376,000", "Tax Rate for Calcs": "0", "Tax Effect of Unusual Items": "-27,750"}, "12/31/2020": {"Duration": "12/31/2020", "Total Revenue": "27,243,000", "Cost of Revenue": "15,383,000", "Gross Profit": "11,860,000", "Operating Expense": "7,971,000", "Operating Income": "3,889,000", "Net Non Operating Interest Income Expense": "-115,000", "Other Income Expense": "-390,000", "Pretax Income": "3,384,000", "Tax Provision": "847,000", "Earnings from Equity Interest Net of Tax": "85,000", "Net Income Common Stockholders": "2,501,000", "Diluted NI Available to Com Stockholders": "2,501,000", "Basic EPS": "-", "Diluted EPS": "-", "Basic Average Shares": "-", "Diluted Average Shares": "-", "Total Operating Income as Reported": "3,322,000", "Total Expenses": "23,354,000", "Net Income from Continuing & Discontinued Operation": "2,501,000", "Normalized Income": "2,580,250", "Interest Income": "55,000", "Interest Expense": "255,000", "Net Interest Income": "-115,000", "EBIT": "3,639,000", "EBITDA": "-", "Reconciled Cost of Revenue": "15,383,000", "Reconciled Depreciation": "4,626,000", "Net Income from Continuing Operation Net Minority Interest": "2,497,000", "Total Unusual Items Excluding Goodwill": "-111,000", "Total Unusual Items": "-111,000", "Normalized EBITDA": "8,376,000", "Tax Rate for Calcs": "0", "Tax Effect of Unusual Items": "-27,750"}, "12/31/2019": {"Duration": "12/31/2019", "Total Revenue": "28,228,000", "Cost of Revenue": "16,644,000", "Gross Profit": "11,584,000", "Operating Expense": "8,316,000", "Operating Income": "3,268,000", "Net Non Operating Interest Income Expense": "-38,000", "Other Income Expense": "-303,000", "Pretax Income": "2,927,000", "Tax Provision": "769,000", "Earnings from Equity Interest Net of Tax": "114,000", "Net Income Common Stockholders": "2,285,000", "Diluted NI Available to Com Stockholders": "2,285,000", "Basic EPS": "4.22", "Diluted EPS": "4.19", "Basic Average Shares": "541,094", "Diluted Average Shares": "545,170", "Total Operating Income as Reported": "2,933,000", "Total Expenses": "24,960,000", "Net Income from Continuing & Discontinued Operation": "2,285,000", "Normalized Income": "2,061,028", "Interest Income": "112,000", "Interest Expense": "246,000", "Net Interest Income": "-38,000", "EBIT": "3,173,000", "EBITDA": "-", "Reconciled Cost of Revenue": "16,644,000", "Reconciled Depreciation": "4,675,000", "Net Income from Continuing Operation Net Minority Interest": "2,176,000", "Total Unusual Items Excluding Goodwill": "156,000", "Total Unusual Items": "156,000", "Normalized EBITDA": "7,692,000", "Tax Rate for Calcs": "0", "Tax Effect of Unusual Items": "41,028"}, "12/31/2018": {"Duration": "12/31/2018", "Total Revenue": "14,900,000", "Cost of Revenue": "9,084,000", "Gross Profit": "5,816,000", "Operating Expense": "3,572,000", "Operating Income": "2,244,000", "Net Non Operating Interest Income Expense": "-202,000", "Other Income Expense": "3,007,000", "Pretax Income": "5,049,000", "Tax Provision": "817,000", "Earnings from Equity Interest Net of Tax": "56,000", "Net Income Common Stockholders": "4,381,000", "Diluted NI Available to Com Stockholders": "4,381,000", "Basic EPS": "13.26", "Diluted EPS": "13.11", "Basic Average Shares": "330,401", "Diluted Average Shares": "334,127", "Total Operating Income as Reported": "5,247,000", "Total Expenses": "12,656,000", "Net Income from Continuing & Discontinued Operation": "4,381,000", "Normalized Income": "1,760,056", "Interest Income": "-", "Interest Expense": "202,000", "Net Interest Income": "-202,000", "EBIT": "5,251,000", "EBITDA": "-", "Reconciled Cost of Revenue": "9,084,000", "Reconciled Depreciation": "1,830,000", "Net Income from Continuing Operation Net Minority Interest": "4,264,000", "Total Unusual Items Excluding Goodwill": "2,988,000", "Total Unusual Items": "2,988,000", "Normalized EBITDA": "4,093,000", "Tax Rate for Calcs": "0", "Tax Effect of Unusual Items": "484,056"}}, "bs": {"12/31/2020": {"Duration": "12/31/2020", "Total Assets": "88,229,000", "Total Liabilities Net Minority Interest": "38,660,000", "Total Equity Gross Minority Interest": "49,569,000", "Total Capitalization": "59,469,000", "Common Stock Equity": "47,317,000", "Capital Lease Obligations": "1,069,000", "Net Tangible Assets": "2,932,000", "Working Capital": "-2,816,000", "Invested Capital": "63,471,000", "Tangible Book Value": "2,932,000", "Total Debt": "17,223,000", "Net Debt": "12,400,000", "Share Issued": "552,013", "Ordinary Shares Number": "523,295", "Treasury Shares Number": "28,718"}, "12/31/2019": {"Duration": "12/31/2019", "Total Assets": "86,612,000", "Total Liabilities Net Minority Interest": "35,090,000", "Total Equity Gross Minority Interest": "51,522,000", "Total Capitalization": "59,767,000", "Common Stock Equity": "49,074,000", "Capital Lease Obligations": "976,000", "Net Tangible Assets": "5,918,000", "Working Capital": "-1,808,000", "Invested Capital": "63,030,000", "Tangible Book Value": "5,918,000", "Total Debt": "14,932,000", "Net Debt": "11,256,000", "Share Issued": "552,013", "Ordinary Shares Number": "534,381", "Treasury Shares Number": "17,632"}, "12/31/2018": {"Duration": "12/31/2018", "Total Assets": "93,386,000", "Total Liabilities Net Minority Interest": "36,306,000", "Total Equity Gross Minority Interest": "57,080,000", "Total Capitalization": "63,884,000", "Common Stock Equity": "51,596,000", "Capital Lease Obligations": "-", "Net Tangible Assets": "8,499,000", "Working Capital": "4,316,000", "Invested Capital": "66,892,000", "Tangible Book Value": "8,499,000", "Total Debt": "15,296,000", "Net Debt": "10,830,000", "Share Issued": "551,310", "Ordinary Shares Number": "547,242", "Treasury Shares Number": "4,069"}}, "cf": {"TTM": {"Duration": "TTM", "Operating Cash Flow": "7,429,000", "Investing Cash Flow": "-2,986,000", "Financing Cash Flow": "-3,345,000", "Cash Flow from Discontinued Operation": "0", "End Cash Position": "3,754,000", "Income Tax Paid Supplemental Data": "1,066,000", "Interest Paid Supplemental Data": "322,000", "Capital Expenditure": "-3,400,000", "Issuance of Capital Stock": "47,000", "Issuance of Debt": "2,796,000", "Repayment of Debt": "-2,681,000", "Repurchase of Capital Stock": "-2,457,000", "Free Cash Flow": "4,029,000"}, "12/31/2020": {"Duration": "12/31/2020", "Operating Cash Flow": "7,429,000", "Investing Cash Flow": "-2,986,000", "Financing Cash Flow": "-3,345,000", "Cash Flow from Discontinued Operation": "0", "End Cash Position": "3,754,000", "Income Tax Paid Supplemental Data": "1,066,000", "Interest Paid Supplemental Data": "322,000", "Capital Expenditure": "-3,400,000", "Issuance of Capital Stock": "47,000", "Issuance of Debt": "2,796,000", "Repayment of Debt": "-2,681,000", "Repurchase of Capital Stock": "-2,457,000", "Free Cash Flow": "4,029,000"}, "12/31/2019": {"Duration": "12/31/2019", "Operating Cash Flow": "6,188,000", "Investing Cash Flow": "1,129,000", "Financing Cash Flow": "-8,992,000", "Cash Flow from Discontinued Operation": "-14,000", "End Cash Position": "2,700,000", "Income Tax Paid Supplemental Data": "1,357,000", "Interest Paid Supplemental Data": "275,000", "Capital Expenditure": "-3,682,000", "Issuance of Capital Stock": "72,000", "Issuance of Debt": "99,000", "Repayment of Debt": "-1,583,000", "Repurchase of Capital Stock": "-2,658,000", "Free Cash Flow": "2,506,000"}, "12/31/2018": {"Duration": "12/31/2018", "Operating Cash Flow": "3,702,000", "Investing Cash Flow": "5,340,000", "Financing Cash Flow": "-4,996,000", "Cash Flow from Discontinued Operation": "-", "End Cash Position": "4,603,000", "Income Tax Paid Supplemental Data": "757,000", "Interest Paid Supplemental Data": "214,000", "Capital Expenditure": "-1,883,000", "Issuance of Capital Stock": "77,000", "Issuance of Debt": "8,000", "Repayment of Debt": "-3,124,000", "Repurchase of Capital Stock": "-599,000", "Free Cash Flow": "1,819,000"}}}}]