[{"AAON": {"quote": {"05/07/2021": {"value": "66.29", "Market Cap": "3.474B", "Beta (5Y Monthly)": "0.52", "PE Ratio (TTM)": "44.49", "EPS (TTM)": "1.49", "Earnings Date": "Aug 04, 2021 - Aug 09, 2021", "Forward Dividend & Yield": "0.38 (0.59%)", "Ex-Dividend Date": "Nov 25, 2020", "1y Target Est": "59.00"}}, "fin": {"TTM": {"Duration": "TTM", "Total Revenue": "514,551", "Cost of Revenue": "358,702", "Gross Profit": "155,849", "Operating Expense": "58,223", "Operating Income": "97,626", "Net Non Operating Interest Income Expense": "88", "Other Income Expense": "4,261", "Pretax Income": "101,975", "Tax Provision": "22,966", "Net Income Common Stockholders": "79,009", "Diluted NI Available to Com Stockholders": "79,009", "Basic EPS": "-", "Diluted EPS": "-", "Basic Average Shares": "-", "Diluted Average Shares": "-", "Total Operating Income as Reported": "101,836", "Total Expenses": "416,925", "Net Income from Continuing & Discontinued Operation": "79,009", "Normalized Income": "75,746", "Interest Income": "88", "Net Interest Income": "88", "EBIT": "97,626", "EBITDA": "123,260", "Reconciled Cost of Revenue": "335,067", "Reconciled Depreciation": "25,634", "Net Income from Continuing Operation Net Minority Interest": "79,009", "Total Unusual Items Excluding Goodwill": "4,210", "Total Unusual Items": "4,210", "Normalized EBITDA": "119,050", "Tax Rate for Calcs": "0", "Tax Effect of Unusual Items": "947.25"}, "12/31/2020": {"Duration": "12/31/2020", "Total Revenue": "514,551", "Cost of Revenue": "358,702", "Gross Profit": "155,849", "Operating Expense": "58,223", "Operating Income": "97,626", "Net Non Operating Interest Income Expense": "88", "Other Income Expense": "4,261", "Pretax Income": "101,975", "Tax Provision": "22,966", "Net Income Common Stockholders": "79,009", "Diluted NI Available to Com Stockholders": "79,009", "Basic EPS": "-", "Diluted EPS": "-", "Basic Average Shares": "-", "Diluted Average Shares": "-", "Total Operating Income as Reported": "101,836", "Total Expenses": "416,925", "Net Income from Continuing & Discontinued Operation": "79,009", "Normalized Income": "75,746", "Interest Income": "88", "Net Interest Income": "88", "EBIT": "97,626", "EBITDA": "-", "Reconciled Cost of Revenue": "335,067", "Reconciled Depreciation": "25,634", "Net Income from Continuing Operation Net Minority Interest": "79,009", "Total Unusual Items Excluding Goodwill": "4,210", "Total Unusual Items": "4,210", "Normalized EBITDA": "119,050", "Tax Rate for Calcs": "0", "Tax Effect of Unusual Items": "947.25"}, "12/31/2019": {"Duration": "12/31/2019", "Total Revenue": "469,333", "Cost of Revenue": "349,908", "Gross Profit": "119,425", "Operating Expense": "50,849", "Operating Income": "68,576", "Net Non Operating Interest Income Expense": "66", "Other Income Expense": "-1,611", "Pretax Income": "67,031", "Tax Provision": "13,320", "Net Income Common Stockholders": "53,711", "Diluted NI Available to Com Stockholders": "53,711", "Basic EPS": "1.03", "Diluted EPS": "1.02", "Basic Average Shares": "52,080", "Diluted Average Shares": "52,635", "Total Operating Income as Reported": "67,011", "Total Expenses": "400,757", "Net Income from Continuing & Discontinued Operation": "53,711", "Normalized Income": "54,963", "Interest Income": "66", "Net Interest Income": "66", "EBIT": "68,576", "EBITDA": "-", "Reconciled Cost of Revenue": "328,666", "Reconciled Depreciation": "22,766", "Net Income from Continuing Operation Net Minority Interest": "53,711", "Total Unusual Items Excluding Goodwill": "-1,565", "Total Unusual Items": "-1,565", "Normalized EBITDA": "92,907", "Tax Rate for Calcs": "0", "Tax Effect of Unusual Items": "-313"}, "12/31/2018": {"Duration": "12/31/2018", "Total Revenue": "433,947", "Cost of Revenue": "330,414", "Gross Profit": "103,533", "Operating Expense": "46,648", "Operating Income": "56,885", "Net Non Operating Interest Income Expense": "196", "Other Income Expense": "-1,142", "Pretax Income": "55,939", "Tax Provision": "13,367", "Net Income Common Stockholders": "42,572", "Diluted NI Available to Com Stockholders": "42,572", "Basic EPS": "0.81", "Diluted EPS": "0.81", "Basic Average Shares": "52,285", "Diluted Average Shares": "52,668", "Total Operating Income as Reported": "55,790", "Total Expenses": "377,062", "Net Income from Continuing & Discontinued Operation": "42,572", "Normalized Income": "43,405", "Interest Income": "196", "Net Interest Income": "196", "EBIT": "56,885", "EBITDA": "-", "Reconciled Cost of Revenue": "313,709", "Reconciled Depreciation": "17,655", "Net Income from Continuing Operation Net Minority Interest": "42,572", "Total Unusual Items Excluding Goodwill": "-1,095", "Total Unusual Items": "-1,095", "Normalized EBITDA": "75,635", "Tax Rate for Calcs": "0", "Tax Effect of Unusual Items": "-261.705"}}, "bs": {"12/31/2020": {"Duration": "12/31/2020", "Total Assets": "449,008", "Total Liabilities Net Minority Interest": "98,143", "Total Equity Gross Minority Interest": "350,865", "Total Capitalization": "350,865", "Common Stock Equity": "350,865", "Net Tangible Assets": "347,598", "Working Capital": "161,218", "Invested Capital": "350,865", "Tangible Book Value": "347,598", "Share Issued": "52,225", "Ordinary Shares Number": "52,225"}, "12/31/2019": {"Duration": "12/31/2019", "Total Assets": "371,424", "Total Liabilities Net Minority Interest": "81,284", "Total Equity Gross Minority Interest": "290,140", "Total Capitalization": "290,140", "Common Stock Equity": "290,140", "Net Tangible Assets": "286,639", "Working Capital": "131,521", "Invested Capital": "290,140", "Tangible Book Value": "286,639", "Share Issued": "52,079", "Ordinary Shares Number": "52,079"}, "12/31/2018": {"Duration": "12/31/2018", "Total Assets": "308,197", "Total Liabilities Net Minority Interest": "60,698", "Total Equity Gross Minority Interest": "247,499", "Total Capitalization": "247,499", "Common Stock Equity": "247,499", "Net Tangible Assets": "243,764", "Working Capital": "92,790", "Invested Capital": "247,499", "Tangible Book Value": "243,764", "Share Issued": "51,991", "Ordinary Shares Number": "51,991"}}, "cf": {"TTM": {"Duration": "TTM", "Operating Cash Flow": "128,814", "Investing Cash Flow": "-61,273", "Financing Cash Flow": "-29,626", "End Cash Position": "82,288", "Income Tax Paid Supplemental Data": "-", "Interest Paid Supplemental Data": "-", "Capital Expenditure": "-67,802", "Issuance of Debt": "0", "Repayment of Debt": "-", "Repurchase of Capital Stock": "-30,060", "Free Cash Flow": "61,012"}, "12/31/2020": {"Duration": "12/31/2020", "Operating Cash Flow": "128,814", "Investing Cash Flow": "-61,273", "Financing Cash Flow": "-29,626", "End Cash Position": "82,288", "Income Tax Paid Supplemental Data": "-", "Interest Paid Supplemental Data": "-", "Capital Expenditure": "-67,802", "Issuance of Debt": "0", "Repayment of Debt": "-", "Repurchase of Capital Stock": "-30,060", "Free Cash Flow": "61,012"}, "12/31/2019": {"Duration": "12/31/2019", "Operating Cash Flow": "97,925", "Investing Cash Flow": "-37,046", "Financing Cash Flow": "-18,500", "End Cash Position": "44,373", "Income Tax Paid Supplemental Data": "-", "Interest Paid Supplemental Data": "-", "Capital Expenditure": "-37,166", "Issuance of Debt": "6,614", "Repayment of Debt": "-", "Repurchase of Capital Stock": "-19,586", "Free Cash Flow": "60,759"}, "12/31/2018": {"Duration": "12/31/2018", "Operating Cash Flow": "54,856", "Investing Cash Flow": "-34,635", "Financing Cash Flow": "-39,684", "End Cash Position": "1,994", "Income Tax Paid Supplemental Data": "14,979", "Interest Paid Supplemental Data": "6", "Capital Expenditure": "-37,268", "Issuance of Debt": "0", "Repayment of Debt": "0", "Repurchase of Capital Stock": "-26,846", "Free Cash Flow": "17,588"}}}}, {"APOG": {"quote": {"05/07/2021": {"value": "36.60", "Market Cap": "943.607M", "Beta (5Y Monthly)": "1.11", "PE Ratio (TTM)": "62.03", "EPS (TTM)": "0.59", "Earnings Date": "Jun 24, 2021 - Jun 28, 2021", "Forward Dividend & Yield": "0.80 (2.20%)", "Ex-Dividend Date": "May 07, 2021", "1y Target Est": "37.75"}}, "fin": {"TTM": {"Duration": "TTM", "Total Revenue": "1,230,774", "Cost of Revenue": "955,084", "Gross Profit": "275,690", "Operating Expense": "180,094", "Operating Income": "95,596", "Net Non Operating Interest Income Expense": "-4,408", "Other Income Expense": "-68,577", "Pretax Income": "22,611", "Tax Provision": "7,175", "Net Income Common Stockholders": "15,436", "Diluted NI Available to Com Stockholders": "15,436", "Basic EPS": "-", "Diluted EPS": "-", "Basic Average Shares": "-", "Diluted Average Shares": "-", "Total Operating Income as Reported": "25,527", "Total Expenses": "1,135,178", "Net Income from Continuing & Discontinued Operation": "15,436", "Normalized Income": "63,293", "Interest Income": "-", "Interest Expense": "4,408", "Net Interest Income": "-4,408", "EBIT": "27,019", "EBITDA": "78,459", "Reconciled Cost of Revenue": "955,084", "Reconciled Depreciation": "51,440", "Net Income from Continuing Operation Net Minority Interest": "15,436", "Total Unusual Items Excluding Goodwill": "-70,069", "Total Unusual Items": "-70,069", "Normalized EBITDA": "148,528", "Tax Rate for Calcs": "0", "Tax Effect of Unusual Items": "-22,212"}, "2/28/2021": {"Duration": "2/28/2021", "Total Revenue": "1,230,774", "Cost of Revenue": "955,084", "Gross Profit": "275,690", "Operating Expense": "180,094", "Operating Income": "95,596", "Net Non Operating Interest Income Expense": "-4,408", "Other Income Expense": "-68,577", "Pretax Income": "22,611", "Tax Provision": "7,175", "Net Income Common Stockholders": "15,436", "Diluted NI Available to Com Stockholders": "15,436", "Basic EPS": "-", "Diluted EPS": "-", "Basic Average Shares": "-", "Diluted Average Shares": "-", "Total Operating Income as Reported": "25,527", "Total Expenses": "1,135,178", "Net Income from Continuing & Discontinued Operation": "15,436", "Normalized Income": "63,293", "Interest Income": "-", "Interest Expense": "4,408", "Net Interest Income": "-4,408", "EBIT": "27,019", "EBITDA": "-", "Reconciled Cost of Revenue": "955,084", "Reconciled Depreciation": "51,440", "Net Income from Continuing Operation Net Minority Interest": "15,436", "Total Unusual Items Excluding Goodwill": "-70,069", "Total Unusual Items": "-70,069", "Normalized EBITDA": "148,528", "Tax Rate for Calcs": "0", "Tax Effect of Unusual Items": "-22,212"}, "2/29/2020": {"Duration": "2/29/2020", "Total Revenue": "1,387,439", "Cost of Revenue": "1,068,480", "Gross Profit": "318,959", "Operating Expense": "231,111", "Operating Income": "87,848", "Net Non Operating Interest Income Expense": "-8,098", "Other Income Expense": "-", "Pretax Income": "79,750", "Tax Provision": "17,836", "Net Income Common Stockholders": "61,914", "Diluted NI Available to Com Stockholders": "61,914", "Basic EPS": "2.34", "Diluted EPS": "2.32", "Basic Average Shares": "26,474", "Diluted Average Shares": "26,729", "Total Operating Income as Reported": "87,848", "Total Expenses": "1,299,591", "Net Income from Continuing & Discontinued Operation": "61,914", "Normalized Income": "61,914", "Interest Income": "-", "Interest Expense": "8,098", "Net Interest Income": "-8,098", "EBIT": "87,848", "EBITDA": "-", "Reconciled Cost of Revenue": "1,068,480", "Reconciled Depreciation": "46,795", "Net Income from Continuing Operation Net Minority Interest": "61,914", "Total Unusual Items Excluding Goodwill": "-", "Total Unusual Items": "-", "Normalized EBITDA": "134,643", "Tax Rate for Calcs": "0", "Tax Effect of Unusual Items": "0"}, "2/28/2019": {"Duration": "2/28/2019", "Total Revenue": "1,402,637", "Cost of Revenue": "1,109,072", "Gross Profit": "293,565", "Operating Expense": "226,281", "Operating Income": "67,284", "Net Non Operating Interest Income Expense": "-8,094", "Other Income Expense": "-528", "Pretax Income": "58,662", "Tax Provision": "12,968", "Net Income Common Stockholders": "45,694", "Diluted NI Available to Com Stockholders": "45,694", "Basic EPS": "1.64", "Diluted EPS": "1.63", "Basic Average Shares": "27,802", "Diluted Average Shares": "28,082", "Total Operating Income as Reported": "67,284", "Total Expenses": "1,335,353", "Net Income from Continuing & Discontinued Operation": "45,694", "Normalized Income": "45,694", "Interest Income": "355", "Interest Expense": "8,449", "Net Interest Income": "-8,094", "EBIT": "67,111", "EBITDA": "-", "Reconciled Cost of Revenue": "1,109,072", "Reconciled Depreciation": "49,798", "Net Income from Continuing Operation Net Minority Interest": "45,694", "Total Unusual Items Excluding Goodwill": "-", "Total Unusual Items": "-", "Normalized EBITDA": "116,909", "Tax Rate for Calcs": "0", "Tax Effect of Unusual Items": "0"}}, "bs": {"2/28/2021": {"Duration": "2/28/2021", "Total Assets": "1,015,099", "Total Liabilities Net Minority Interest": "522,354", "Total Equity Gross Minority Interest": "492,745", "Total Capitalization": "655,745", "Common Stock Equity": "492,745", "Capital Lease Obligations": "61,690", "Net Tangible Assets": "232,594", "Working Capital": "133,122", "Invested Capital": "657,745", "Tangible Book Value": "232,594", "Total Debt": "226,690", "Net Debt": "117,723", "Share Issued": "25,714", "Ordinary Shares Number": "25,714"}, "2/29/2020": {"Duration": "2/29/2020", "Total Assets": "1,128,991", "Total Liabilities Net Minority Interest": "612,213", "Total Equity Gross Minority Interest": "516,778", "Total Capitalization": "729,278", "Common Stock Equity": "516,778", "Capital Lease Obligations": "54,435", "Net Tangible Assets": "191,071", "Working Capital": "105,053", "Invested Capital": "734,678", "Tangible Book Value": "191,071", "Total Debt": "272,335", "Net Debt": "202,948", "Share Issued": "26,443", "Ordinary Shares Number": "26,443"}, "2/28/2019": {"Duration": "2/28/2019", "Total Assets": "1,068,168", "Total Liabilities Net Minority Interest": "571,851", "Total Equity Gross Minority Interest": "496,317", "Total Capitalization": "742,041", "Common Stock Equity": "496,317", "Capital Lease Obligations": "-", "Net Tangible Assets": "162,250", "Working Capital": "144,386", "Invested Capital": "742,041", "Tangible Book Value": "162,250", "Total Debt": "245,724", "Net Debt": "228,637", "Share Issued": "27,015", "Ordinary Shares Number": "27,015"}}, "cf": {"TTM": {"Duration": "TTM", "Operating Cash Flow": "141,863", "Investing Cash Flow": "-2,147", "Financing Cash Flow": "-107,876", "End Cash Position": "47,277", "Capital Expenditure": "-26,165", "Issuance of Debt": "198,601", "Repayment of Debt": "-246,340", "Repurchase of Capital Stock": "-32,878", "Free Cash Flow": "115,698"}, "2/28/2021": {"Duration": "2/28/2021", "Operating Cash Flow": "141,863", "Investing Cash Flow": "-2,147", "Financing Cash Flow": "-107,876", "End Cash Position": "47,277", "Capital Expenditure": "-26,165", "Issuance of Debt": "198,601", "Repayment of Debt": "-246,340", "Repurchase of Capital Stock": "-32,878", "Free Cash Flow": "115,698"}, "2/29/2020": {"Duration": "2/29/2020", "Operating Cash Flow": "107,262", "Investing Cash Flow": "-47,038", "Financing Cash Flow": "-74,514", "End Cash Position": "14,952", "Capital Expenditure": "-51,428", "Issuance of Debt": "229,000", "Repayment of Debt": "-406,500", "Repurchase of Capital Stock": "-25,140", "Free Cash Flow": "55,834"}, "2/28/2019": {"Duration": "2/28/2019", "Operating Cash Flow": "96,423", "Investing Cash Flow": "-53,696", "Financing Cash Flow": "-32,326", "End Cash Position": "29,241", "Capital Expenditure": "-60,717", "Issuance of Debt": "363,000", "Repayment of Debt": "-333,000", "Repurchase of Capital Stock": "-43,326", "Free Cash Flow": "35,706"}}}}, {"AWI": {"quote": {"05/07/2021": {"value": "104.45", "Market Cap": "5.002B", "Beta (5Y Monthly)": "1.19", "PE Ratio (TTM)": "30.82", "EPS (TTM)": "3.39", "Earnings Date": "Jul 26, 2021 - Jul 30, 2021", "Forward Dividend & Yield": "0.84 (0.82%)", "Ex-Dividend Date": "May 05, 2021", "1y Target Est": "102.57"}}, "fin": {"TTM": {"Duration": "TTM", "Total Revenue": "940,100", "Cost of Revenue": "610,800", "Gross Profit": "329,300", "Operating Expense": "182,900", "Operating Income": "146,400", "Net Non Operating Interest Income Expense": "-22,800", "Other Income Expense": "99,500", "Pretax Income": "223,100", "Tax Provision": "47,100", "Net Income Common Stockholders": "162,400", "Diluted NI Available to Com Stockholders": "162,400", "Basic EPS": "-", "Diluted EPS": "-", "Basic Average Shares": "-", "Diluted Average Shares": "-", "Total Operating Income as Reported": "232,900", "Total Expenses": "793,700", "Net Income from Continuing & Discontinued Operation": "162,500", "Normalized Income": "159,433", "Interest Income": "-", "Interest Expense": "23,100", "Net Interest Income": "-22,800", "EBIT": "246,200", "EBITDA": "337,600", "Reconciled Cost of Revenue": "610,800", "Reconciled Depreciation": "91,400", "Net Income from Continuing Operation Net Minority Interest": "176,000", "Total Unusual Items Excluding Goodwill": "21,000", "Total Unusual Items": "21,000", "Normalized EBITDA": "316,600", "Tax Rate for Calcs": "0", "Tax Effect of Unusual Items": "4,433"}, "12/31/2020": {"Duration": "12/31/2020", "Total Revenue": "936,900", "Cost of Revenue": "603,800", "Gross Profit": "333,100", "Operating Expense": "163,300", "Operating Income": "169,800", "Net Non Operating Interest Income Expense": "-23,800", "Other Income Expense": "-272,700", "Pretax Income": "-126,700", "Tax Provision": "-42,600", "Net Income Common Stockholders": "-99,200", "Diluted NI Available to Com Stockholders": "-99,200", "Basic EPS": "-2.07", "Diluted EPS": "-2.07", "Basic Average Shares": "47,874", "Diluted Average Shares": "47,900", "Total Operating Income as Reported": "254,800", "Total Expenses": "767,100", "Net Income from Continuing & Discontinued Operation": "-99,100", "Normalized Income": "-98,044", "Interest Income": "300", "Interest Expense": "24,100", "Net Interest Income": "-23,800", "EBIT": "-102,600", "EBITDA": "-", "Reconciled Cost of Revenue": "603,800", "Reconciled Depreciation": "84,000", "Net Income from Continuing Operation Net Minority Interest": "-84,100", "Total Unusual Items Excluding Goodwill": "21,000", "Total Unusual Items": "21,000", "Normalized EBITDA": "-39,600", "Tax Rate for Calcs": "0", "Tax Effect of Unusual Items": "7,056"}, "12/31/2019": {"Duration": "12/31/2019", "Total Revenue": "1,038,100", "Cost of Revenue": "643,000", "Gross Profit": "395,100", "Operating Expense": "174,300", "Operating Income": "220,800", "Net Non Operating Interest Income Expense": "-35,200", "Other Income Expense": "113,800", "Pretax Income": "299,400", "Tax Provision": "57,100", "Net Income Common Stockholders": "214,500", "Diluted NI Available to Com Stockholders": "214,500", "Basic EPS": "4.47", "Diluted EPS": "4.32", "Basic Average Shares": "47,992", "Diluted Average Shares": "49,500", "Total Operating Income as Reported": "317,400", "Total Expenses": "817,300", "Net Income from Continuing & Discontinued Operation": "214,500", "Normalized Income": "242,300", "Interest Income": "3,200", "Interest Expense": "38,400", "Net Interest Income": "-35,200", "EBIT": "337,800", "EBITDA": "-", "Reconciled Cost of Revenue": "643,000", "Reconciled Depreciation": "72,100", "Net Income from Continuing Operation Net Minority Interest": "242,300", "Total Unusual Items Excluding Goodwill": "-", "Total Unusual Items": "-", "Normalized EBITDA": "409,900", "Tax Rate for Calcs": "0", "Tax Effect of Unusual Items": "0"}, "12/31/2018": {"Duration": "12/31/2018", "Total Revenue": "975,300", "Cost of Revenue": "641,800", "Gross Profit": "333,500", "Operating Expense": "159,000", "Operating Income": "174,500", "Net Non Operating Interest Income Expense": "-34,900", "Other Income Expense": "103,100", "Pretax Income": "242,700", "Tax Provision": "53,100", "Net Income Common Stockholders": "185,900", "Diluted NI Available to Com Stockholders": "185,900", "Basic EPS": "3.61", "Diluted EPS": "3.56", "Basic Average Shares": "51,300", "Diluted Average Shares": "52,100", "Total Operating Income as Reported": "249,400", "Total Expenses": "800,800", "Net Income from Continuing & Discontinued Operation": "185,900", "Normalized Income": "189,912", "Interest Income": "4,300", "Interest Expense": "39,200", "Net Interest Income": "-34,900", "EBIT": "281,900", "EBITDA": "-", "Reconciled Cost of Revenue": "641,800", "Reconciled Depreciation": "79,400", "Net Income from Continuing Operation Net Minority Interest": "189,600", "Total Unusual Items Excluding Goodwill": "-400", "Total Unusual Items": "-400", "Normalized EBITDA": "361,700", "Tax Rate for Calcs": "0", "Tax Effect of Unusual Items": "-87.6"}}, "bs": {"12/31/2020": {"Duration": "12/31/2020", "Total Assets": "1,718,500", "Total Liabilities Net Minority Interest": "1,267,600", "Total Equity Gross Minority Interest": "450,900", "Total Capitalization": "1,141,400", "Common Stock Equity": "450,900", "Capital Lease Obligations": "40,200", "Net Tangible Assets": "-167,700", "Working Capital": "139,500", "Invested Capital": "1,166,400", "Tangible Book Value": "-167,700", "Total Debt": "755,700", "Net Debt": "578,600", "Share Issued": "62,599", "Ordinary Shares Number": "47,914", "Treasury Shares Number": "14,686"}, "12/31/2019": {"Duration": "12/31/2019", "Total Assets": "1,493,300", "Total Liabilities Net Minority Interest": "1,128,400", "Total Equity Gross Minority Interest": "364,900", "Total Capitalization": "969,400", "Common Stock Equity": "364,900", "Capital Lease Obligations": "35,300", "Net Tangible Assets": "-100,000", "Working Capital": "89,200", "Invested Capital": "975,700", "Tangible Book Value": "-100,000", "Total Debt": "646,100", "Net Debt": "565,500", "Share Issued": "62,263", "Ordinary Shares Number": "47,992", "Treasury Shares Number": "14,271"}, "12/31/2018": {"Duration": "12/31/2018", "Total Assets": "1,873,500", "Total Liabilities Net Minority Interest": "1,612,300", "Total Equity Gross Minority Interest": "261,200", "Total Capitalization": "1,026,000", "Common Stock Equity": "261,200", "Capital Lease Obligations": "-", "Net Tangible Assets": "-180,800", "Working Capital": "203,300", "Invested Capital": "1,081,000", "Tangible Book Value": "-180,800", "Total Debt": "819,800", "Net Debt": "494,100", "Share Issued": "61,554", "Ordinary Shares Number": "48,808", "Treasury Shares Number": "12,745"}}, "cf": {"TTM": {"Duration": "TTM", "Operating Cash Flow": "212,700", "Investing Cash Flow": "-159,800", "Financing Cash Flow": "-79,500", "Cash Flow from Discontinued Operation": "-", "End Cash Position": "120,300", "Income Tax Paid Supplemental Data": "17,000", "Interest Paid Supplemental Data": "22,900", "Capital Expenditure": "-56,600", "Issuance of Capital Stock": "240,000", "Issuance of Debt": "240,000", "Repayment of Debt": "-254,900", "Repurchase of Capital Stock": "-20,000", "Free Cash Flow": "156,100"}, "12/31/2020": {"Duration": "12/31/2020", "Operating Cash Flow": "218,800", "Investing Cash Flow": "-141,100", "Financing Cash Flow": "13,500", "Cash Flow from Discontinued Operation": "0", "End Cash Position": "136,900", "Income Tax Paid Supplemental Data": "10,900", "Interest Paid Supplemental Data": "24,100", "Capital Expenditure": "-55,400", "Issuance of Capital Stock": "290,000", "Issuance of Debt": "320,000", "Repayment of Debt": "-218,100", "Repurchase of Capital Stock": "-44,400", "Free Cash Flow": "163,400"}, "12/31/2019": {"Duration": "12/31/2019", "Operating Cash Flow": "182,700", "Investing Cash Flow": "-89,100", "Financing Cash Flow": "-384,900", "Cash Flow from Discontinued Operation": "10,000", "End Cash Position": "45,300", "Income Tax Paid Supplemental Data": "58,400", "Interest Paid Supplemental Data": "33,100", "Capital Expenditure": "-71,300", "Issuance of Capital Stock": "185,000", "Issuance of Debt": "685,000", "Repayment of Debt": "-895,400", "Repurchase of Capital Stock": "-131,300", "Free Cash Flow": "111,400"}, "12/31/2018": {"Duration": "12/31/2018", "Operating Cash Flow": "203,200", "Investing Cash Flow": "309,600", "Financing Cash Flow": "-329,300", "Cash Flow from Discontinued Operation": "-", "End Cash Position": "335,700", "Income Tax Paid Supplemental Data": "51,600", "Interest Paid Supplemental Data": "29,900", "Capital Expenditure": "-71,900", "Issuance of Capital Stock": "-", "Issuance of Debt": "0", "Repayment of Debt": "-32,500", "Repurchase of Capital Stock": "-306,600", "Free Cash Flow": "131,300"}}}}, {"APT": {"quote": {"05/07/2021": {"value": "8.60", "Market Cap": "116.103M", "Beta (5Y Monthly)": "N/A", "PE Ratio (TTM)": "4.72", "EPS (TTM)": "1.82", "Earnings Date": "Aug 02, 2021 - Aug 06, 2021", "Forward Dividend & Yield": "N/A (N/A)", "Ex-Dividend Date": "N/A", "1y Target Est": "16.75"}}, "fin": {"TTM": {"Duration": "TTM", "Total Revenue": "102,700", "Cost of Revenue": "52,218", "Gross Profit": "50,482", "Operating Expense": "18,900", "Operating Income": "31,582", "Net Non Operating Interest Income Expense": "18", "Other Income Expense": "648", "Pretax Income": "32,248", "Tax Provision": "5,162", "Net Income Common Stockholders": "27,086", "Diluted NI Available to Com Stockholders": "27,086", "Basic EPS": "-", "Diluted EPS": "-", "Basic Average Shares": "-", "Diluted Average Shares": "-", "Total Operating Income as Reported": "31,582", "Total Expenses": "71,118", "Net Income from Continuing & Discontinued Operation": "27,086", "Normalized Income": "27,138", "Interest Income": "18", "Net Interest Income": "18", "EBIT": "31,582", "EBITDA": "32,311", "Reconciled Cost of Revenue": "52,218", "Reconciled Depreciation": "729", "Net Income from Continuing Operation Net Minority Interest": "27,086", "Total Unusual Items Excluding Goodwill": "-62", "Total Unusual Items": "-62", "Normalized EBITDA": "32,373", "Tax Rate for Calcs": "0", "Tax Effect of Unusual Items": "-9.92"}, "12/31/2020": {"Duration": "12/31/2020", "Total Revenue": "102,700", "Cost of Revenue": "52,218", "Gross Profit": "50,482", "Operating Expense": "18,900", "Operating Income": "31,582", "Net Non Operating Interest Income Expense": "18", "Other Income Expense": "648", "Pretax Income": "32,248", "Tax Provision": "5,162", "Net Income Common Stockholders": "27,086", "Diluted NI Available to Com Stockholders": "27,086", "Basic EPS": "-", "Diluted EPS": "-", "Basic Average Shares": "-", "Diluted Average Shares": "-", "Total Operating Income as Reported": "31,582", "Total Expenses": "71,118", "Net Income from Continuing & Discontinued Operation": "27,086", "Normalized Income": "27,138", "Interest Income": "18", "Net Interest Income": "18", "EBIT": "31,582", "EBITDA": "-", "Reconciled Cost of Revenue": "52,218", "Reconciled Depreciation": "729", "Net Income from Continuing Operation Net Minority Interest": "27,086", "Total Unusual Items Excluding Goodwill": "-62", "Total Unusual Items": "-62", "Normalized EBITDA": "32,373", "Tax Rate for Calcs": "0", "Tax Effect of Unusual Items": "-9.92"}, "12/31/2019": {"Duration": "12/31/2019", "Total Revenue": "46,665", "Cost of Revenue": "29,693", "Gross Profit": "16,972", "Operating Expense": "13,950", "Operating Income": "3,022", "Net Non Operating Interest Income Expense": "68", "Other Income Expense": "590", "Pretax Income": "3,680", "Tax Provision": "680", "Net Income Common Stockholders": "3,000", "Diluted NI Available to Com Stockholders": "3,000", "Basic EPS": "0.23", "Diluted EPS": "0.23", "Basic Average Shares": "13,143", "Diluted Average Shares": "13,169", "Total Operating Income as Reported": "3,022", "Total Expenses": "43,643", "Net Income from Continuing & Discontinued Operation": "3,000", "Normalized Income": "2,812", "Interest Income": "68", "Net Interest Income": "68", "EBIT": "3,022", "EBITDA": "-", "Reconciled Cost of Revenue": "29,693", "Reconciled Depreciation": "602", "Net Income from Continuing Operation Net Minority Interest": "3,000", "Total Unusual Items Excluding Goodwill": "231", "Total Unusual Items": "231", "Normalized EBITDA": "3,393", "Tax Rate for Calcs": "0", "Tax Effect of Unusual Items": "42.6848"}, "12/31/2018": {"Duration": "12/31/2018", "Total Revenue": "46,624", "Cost of Revenue": "28,913", "Gross Profit": "17,711", "Operating Expense": "13,837", "Operating Income": "3,874", "Net Non Operating Interest Income Expense": "3", "Other Income Expense": "537", "Pretax Income": "4,414", "Tax Provision": "789", "Net Income Common Stockholders": "3,625", "Diluted NI Available to Com Stockholders": "3,625", "Basic EPS": "0.26", "Diluted EPS": "0.26", "Basic Average Shares": "13,910", "Diluted Average Shares": "13,963", "Total Operating Income as Reported": "3,874", "Total Expenses": "42,750", "Net Income from Continuing & Discontinued Operation": "3,625", "Normalized Income": "3,666", "Interest Income": "3", "Net Interest Income": "3", "EBIT": "3,874", "EBITDA": "-", "Reconciled Cost of Revenue": "28,913", "Reconciled Depreciation": "525", "Net Income from Continuing Operation Net Minority Interest": "3,625", "Total Unusual Items Excluding Goodwill": "-50", "Total Unusual Items": "-50", "Normalized EBITDA": "4,449", "Tax Rate for Calcs": "0", "Tax Effect of Unusual Items": "-8.9375"}}, "bs": {"12/31/2020": {"Duration": "12/31/2020", "Total Assets": "68,802", "Total Liabilities Net Minority Interest": "8,782", "Total Equity Gross Minority Interest": "60,020", "Total Capitalization": "60,020", "Common Stock Equity": "60,020", "Capital Lease Obligations": "3,586", "Net Tangible Assets": "59,958", "Working Capital": "49,451", "Invested Capital": "60,020", "Tangible Book Value": "59,958", "Total Debt": "3,586", "Share Issued": "13,420", "Ordinary Shares Number": "13,420"}, "12/31/2019": {"Duration": "12/31/2019", "Total Assets": "38,091", "Total Liabilities Net Minority Interest": "4,864", "Total Equity Gross Minority Interest": "33,227", "Total Capitalization": "33,227", "Common Stock Equity": "33,227", "Capital Lease Obligations": "3,219", "Net Tangible Assets": "33,161", "Working Capital": "24,660", "Invested Capital": "33,227", "Tangible Book Value": "33,161", "Total Debt": "3,219", "Share Issued": "12,885", "Ordinary Shares Number": "12,885"}, "12/31/2018": {"Duration": "12/31/2018", "Total Assets": "34,255", "Total Liabilities Net Minority Interest": "2,061", "Total Equity Gross Minority Interest": "32,194", "Total Capitalization": "32,194", "Common Stock Equity": "32,194", "Capital Lease Obligations": "-", "Net Tangible Assets": "32,123", "Working Capital": "24,540", "Invested Capital": "32,194", "Tangible Book Value": "32,123", "Total Debt": "-", "Share Issued": "13,503", "Ordinary Shares Number": "13,503"}}, "cf": {"TTM": {"Duration": "TTM", "Operating Cash Flow": "18,274", "Investing Cash Flow": "-862", "Financing Cash Flow": "-668", "End Cash Position": "23,292", "Income Tax Paid Supplemental Data": "4,136", "Capital Expenditure": "-1,135", "Repurchase of Capital Stock": "-2,666", "Free Cash Flow": "17,139"}, "12/31/2020": {"Duration": "12/31/2020", "Operating Cash Flow": "18,274", "Investing Cash Flow": "-862", "Financing Cash Flow": "-668", "End Cash Position": "23,292", "Income Tax Paid Supplemental Data": "4,136", "Capital Expenditure": "-1,135", "Repurchase of Capital Stock": "-2,666", "Free Cash Flow": "17,139"}, "12/31/2019": {"Duration": "12/31/2019", "Operating Cash Flow": "3,101", "Investing Cash Flow": "-1,142", "Financing Cash Flow": "-2,418", "End Cash Position": "6,548", "Income Tax Paid Supplemental Data": "633", "Capital Expenditure": "-1,296", "Repurchase of Capital Stock": "-2,548", "Free Cash Flow": "1,805"}, "12/31/2018": {"Duration": "12/31/2018", "Operating Cash Flow": "2,000", "Investing Cash Flow": "-570", "Financing Cash Flow": "-3,186", "End Cash Position": "7,007", "Income Tax Paid Supplemental Data": "-908", "Capital Expenditure": "-606", "Repurchase of Capital Stock": "-3,580", "Free Cash Flow": "1,394"}}}}, {"ASPN": {"quote": {"05/07/2021": {"value": "19.26", "Market Cap": "545.929M", "Beta (5Y Monthly)": "1.42", "PE Ratio (TTM)": "N/A", "EPS (TTM)": "-0.92", "Earnings Date": "Jul 28, 2021 - Aug 02, 2021", "Forward Dividend & Yield": "N/A (N/A)", "Ex-Dividend Date": "N/A", "1y Target Est": "26.00"}}, "fin": {"TTM": {"Duration": "TTM", "Total Revenue": "99,951", "Cost of Revenue": "87,381", "Gross Profit": "12,570", "Operating Expense": "37,228", "Operating Income": "-24,658", "Net Non Operating Interest Income Expense": "-232", "Other Income Expense": "-", "Pretax Income": "-24,890", "Net Income Common Stockholders": "-24,890", "Diluted NI Available to Com Stockholders": "-24,890", "Basic EPS": "-", "Diluted EPS": "-", "Basic Average Shares": "-", "Diluted Average Shares": "-", "Total Operating Income as Reported": "-24,658", "Total Expenses": "124,609", "Net Income from Continuing & Discontinued Operation": "-24,890", "Normalized Income": "-24,890", "Interest Expense": "232", "Net Interest Income": "-232", "EBIT": "-24,658", "EBITDA": "-24,658", "Reconciled Cost of Revenue": "87,381", "Reconciled Depreciation": "-", "Net Income from Continuing Operation Net Minority Interest": "-24,890", "Total Unusual Items Excluding Goodwill": "0", "Total Unusual Items": "0", "Normalized EBITDA": "-24,658", "Tax Rate for Calcs": "0", "Tax Effect of Unusual Items": "0"}, "12/31/2020": {"Duration": "12/31/2020", "Total Revenue": "100,273", "Cost of Revenue": "85,679", "Gross Profit": "14,594", "Operating Expense": "36,163", "Operating Income": "-21,569", "Net Non Operating Interest Income Expense": "-240", "Other Income Expense": "-", "Pretax Income": "-21,809", "Net Income Common Stockholders": "-21,809", "Diluted NI Available to Com Stockholders": "-21,809", "Basic EPS": "-0.83", "Diluted EPS": "-0.83", "Basic Average Shares": "26,378", "Diluted Average Shares": "26,378", "Total Operating Income as Reported": "-21,569", "Total Expenses": "121,842", "Net Income from Continuing & Discontinued Operation": "-21,809", "Normalized Income": "-21,809", "Interest Expense": "240", "Net Interest Income": "-240", "EBIT": "-21,569", "EBITDA": "-", "Reconciled Cost of Revenue": "85,679", "Reconciled Depreciation": "10,198", "Net Income from Continuing Operation Net Minority Interest": "-21,809", "Total Unusual Items Excluding Goodwill": "0", "Total Unusual Items": "0", "Normalized EBITDA": "-11,371", "Tax Rate for Calcs": "0", "Tax Effect of Unusual Items": "0"}, "12/31/2019": {"Duration": "12/31/2019", "Total Revenue": "139,375", "Cost of Revenue": "113,091", "Gross Profit": "26,284", "Operating Expense": "40,443", "Operating Income": "-14,159", "Net Non Operating Interest Income Expense": "-406", "Other Income Expense": "-", "Pretax Income": "-14,565", "Net Income Common Stockholders": "-14,565", "Diluted NI Available to Com Stockholders": "-14,565", "Basic EPS": "-0.60", "Diluted EPS": "-0.60", "Basic Average Shares": "24,099", "Diluted Average Shares": "24,099", "Total Operating Income as Reported": "-14,159", "Total Expenses": "153,534", "Net Income from Continuing & Discontinued Operation": "-14,565", "Normalized Income": "-14,565", "Interest Expense": "406", "Net Interest Income": "-406", "EBIT": "-14,159", "EBITDA": "-", "Reconciled Cost of Revenue": "113,091", "Reconciled Depreciation": "10,213", "Net Income from Continuing Operation Net Minority Interest": "-14,565", "Total Unusual Items Excluding Goodwill": "0", "Total Unusual Items": "0", "Normalized EBITDA": "-3,946", "Tax Rate for Calcs": "0", "Tax Effect of Unusual Items": "0"}, "12/31/2018": {"Duration": "12/31/2018", "Total Revenue": "104,361", "Cost of Revenue": "91,692", "Gross Profit": "12,669", "Operating Expense": "39,229", "Operating Income": "-26,560", "Net Non Operating Interest Income Expense": "-524", "Other Income Expense": "-7,356", "Pretax Income": "-34,440", "Net Income Common Stockholders": "-34,440", "Diluted NI Available to Com Stockholders": "-34,440", "Basic EPS": "-1.45", "Diluted EPS": "-1.45", "Basic Average Shares": "23,739", "Diluted Average Shares": "23,739", "Total Operating Income as Reported": "-33,916", "Total Expenses": "130,921", "Net Income from Continuing & Discontinued Operation": "-34,440", "Normalized Income": "-27,084", "Interest Expense": "524", "Net Interest Income": "-524", "EBIT": "-33,916", "EBITDA": "-", "Reconciled Cost of Revenue": "91,692", "Reconciled Depreciation": "10,787", "Net Income from Continuing Operation Net Minority Interest": "-34,440", "Total Unusual Items Excluding Goodwill": "-7,356", "Total Unusual Items": "-7,356", "Normalized EBITDA": "-15,773", "Tax Rate for Calcs": "0", "Tax Effect of Unusual Items": "0"}}, "bs": {"12/31/2020": {"Duration": "12/31/2020", "Total Assets": "97,424", "Total Liabilities Net Minority Interest": "29,572", "Total Equity Gross Minority Interest": "67,852", "Total Capitalization": "69,911", "Common Stock Equity": "67,852", "Capital Lease Obligations": "4,643", "Net Tangible Assets": "67,852", "Working Capital": "33,196", "Invested Capital": "71,520", "Tangible Book Value": "67,852", "Total Debt": "8,311", "Net Debt": "-", "Share Issued": "27,822", "Ordinary Shares Number": "27,822"}, "12/31/2019": {"Duration": "12/31/2019", "Total Assets": "103,502", "Total Liabilities Net Minority Interest": "44,512", "Total Equity Gross Minority Interest": "58,990", "Total Capitalization": "58,990", "Common Stock Equity": "58,990", "Capital Lease Obligations": "5,330", "Net Tangible Assets": "58,990", "Working Capital": "15,335", "Invested Capital": "62,113", "Tangible Book Value": "58,990", "Total Debt": "8,453", "Net Debt": "-", "Share Issued": "24,303", "Ordinary Shares Number": "24,303"}, "12/31/2018": {"Duration": "12/31/2018", "Total Assets": "99,023", "Total Liabilities Net Minority Interest": "28,769", "Total Equity Gross Minority Interest": "70,254", "Total Capitalization": "70,254", "Common Stock Equity": "70,254", "Capital Lease Obligations": "-", "Net Tangible Assets": "70,254", "Working Capital": "14,185", "Invested Capital": "74,435", "Tangible Book Value": "70,254", "Total Debt": "4,181", "Net Debt": "854", "Share Issued": "23,974", "Ordinary Shares Number": "23,974"}}, "cf": {"TTM": {"Duration": "TTM", "Operating Cash Flow": "-", "Investing Cash Flow": "-", "Financing Cash Flow": "-", "End Cash Position": "-", "Income Tax Paid Supplemental Data": "-", "Interest Paid Supplemental Data": "-", "Capital Expenditure": "-", "Issuance of Capital Stock": "-", "Issuance of Debt": "-", "Repayment of Debt": "-1,827", "Free Cash Flow": "-"}, "12/31/2020": {"Duration": "12/31/2020", "Operating Cash Flow": "-9,924", "Investing Cash Flow": "-3,416", "Financing Cash Flow": "26,203", "End Cash Position": "16,496", "Income Tax Paid Supplemental Data": "0", "Interest Paid Supplemental Data": "216", "Capital Expenditure": "-3,416", "Issuance of Capital Stock": "15,036", "Issuance of Debt": "3,659", "Repayment of Debt": "-", "Free Cash Flow": "-13,340"}, "12/31/2019": {"Duration": "12/31/2019", "Operating Cash Flow": "-1,054", "Investing Cash Flow": "-2,112", "Financing Cash Flow": "3,472", "End Cash Position": "3,633", "Income Tax Paid Supplemental Data": "0", "Interest Paid Supplemental Data": "440", "Capital Expenditure": "-2,112", "Issuance of Capital Stock": "-", "Issuance of Debt": "-", "Repayment of Debt": "0", "Free Cash Flow": "-3,166"}, "12/31/2018": {"Duration": "12/31/2018", "Operating Cash Flow": "-8,654", "Investing Cash Flow": "-3,593", "Financing Cash Flow": "4,880", "End Cash Position": "3,327", "Income Tax Paid Supplemental Data": "0", "Interest Paid Supplemental Data": "338", "Capital Expenditure": "-3,593", "Issuance of Capital Stock": "-", "Issuance of Debt": "56,716", "Repayment of Debt": "-56,285", "Free Cash Flow": "-12,247"}}}}, {"IBP": {"quote": {"05/07/2021": {"value": "127.57", "Market Cap": "3.787B", "Beta (5Y Monthly)": "1.79", "PE Ratio (TTM)": "39.01", "EPS (TTM)": "3.27", "Earnings Date": "Aug 04, 2021 - Aug 09, 2021", "Forward Dividend & Yield": "1.20 (0.86%)", "Ex-Dividend Date": "Mar 12, 2021", "1y Target Est": "135.40"}}, "fin": {"TTM": {"Duration": "TTM", "Total Revenue": "1,653,225", "Cost of Revenue": "1,143,251", "Gross Profit": "509,974", "Operating Expense": "348,107", "Operating Income": "161,867", "Net Non Operating Interest Income Expense": "-30,291", "Other Income Expense": "-399", "Pretax Income": "131,177", "Tax Provision": "33,938", "Net Income Common Stockholders": "97,239", "Diluted NI Available to Com Stockholders": "97,239", "Basic EPS": "-", "Diluted EPS": "-", "Basic Average Shares": "-", "Diluted Average Shares": "-", "Total Operating Income as Reported": "161,867", "Total Expenses": "1,491,358", "Net Income from Continuing & Discontinued Operation": "97,239", "Normalized Income": "97,239", "Interest Expense": "30,291", "Net Interest Income": "-30,291", "EBIT": "161,468", "EBITDA": "249,464", "Reconciled Cost of Revenue": "1,083,790", "Reconciled Depreciation": "87,996", "Net Income from Continuing Operation Net Minority Interest": "97,239", "Total Unusual Items Excluding Goodwill": "-", "Total Unusual Items": "-", "Normalized EBITDA": "249,464", "Tax Rate for Calcs": "0", "Tax Effect of Unusual Items": "0"}, "12/31/2020": {"Duration": "12/31/2020", "Total Revenue": "1,653,225", "Cost of Revenue": "1,143,251", "Gross Profit": "509,974", "Operating Expense": "348,107", "Operating Income": "161,867", "Net Non Operating Interest Income Expense": "-30,291", "Other Income Expense": "-399", "Pretax Income": "131,177", "Tax Provision": "33,938", "Net Income Common Stockholders": "97,239", "Diluted NI Available to Com Stockholders": "97,239", "Basic EPS": "-", "Diluted EPS": "-", "Basic Average Shares": "-", "Diluted Average Shares": "-", "Total Operating Income as Reported": "161,867", "Total Expenses": "1,491,358", "Net Income from Continuing & Discontinued Operation": "97,239", "Normalized Income": "97,239", "Interest Expense": "30,291", "Net Interest Income": "-30,291", "EBIT": "161,468", "EBITDA": "-", "Reconciled Cost of Revenue": "1,083,790", "Reconciled Depreciation": "87,996", "Net Income from Continuing Operation Net Minority Interest": "97,239", "Total Unusual Items Excluding Goodwill": "-", "Total Unusual Items": "-", "Normalized EBITDA": "249,464", "Tax Rate for Calcs": "0", "Tax Effect of Unusual Items": "0"}, "12/31/2019": {"Duration": "12/31/2019", "Total Revenue": "1,511,629", "Cost of Revenue": "1,076,809", "Gross Profit": "434,820", "Operating Expense": "313,660", "Operating Income": "121,160", "Net Non Operating Interest Income Expense": "-28,104", "Other Income Expense": "-451", "Pretax Income": "92,605", "Tax Provision": "24,446", "Net Income Common Stockholders": "68,159", "Diluted NI Available to Com Stockholders": "68,159", "Basic EPS": "2.29", "Diluted EPS": "2.28", "Basic Average Shares": "29,753", "Diluted Average Shares": "29,873", "Total Operating Income as Reported": "121,160", "Total Expenses": "1,390,469", "Net Income from Continuing & Discontinued Operation": "68,159", "Normalized Income": "68,159", "Interest Expense": "28,104", "Net Interest Income": "-28,104", "EBIT": "120,709", "EBITDA": "-", "Reconciled Cost of Revenue": "1,022,256", "Reconciled Depreciation": "79,063", "Net Income from Continuing Operation Net Minority Interest": "68,159", "Total Unusual Items Excluding Goodwill": "-", "Total Unusual Items": "-", "Normalized EBITDA": "199,772", "Tax Rate for Calcs": "0", "Tax Effect of Unusual Items": "0"}, "12/31/2018": {"Duration": "12/31/2018", "Total Revenue": "1,336,432", "Cost of Revenue": "964,841", "Gross Profit": "371,591", "Operating Expense": "278,374", "Operating Income": "93,217", "Net Non Operating Interest Income Expense": "-20,496", "Other Income Expense": "-535", "Pretax Income": "72,186", "Tax Provision": "17,438", "Net Income Common Stockholders": "54,748", "Diluted NI Available to Com Stockholders": "54,748", "Basic EPS": "1.76", "Diluted EPS": "1.75", "Basic Average Shares": "31,107", "Diluted Average Shares": "31,230", "Total Operating Income as Reported": "93,217", "Total Expenses": "1,243,215", "Net Income from Continuing & Discontinued Operation": "54,748", "Normalized Income": "54,748", "Interest Expense": "20,496", "Net Interest Income": "-20,496", "EBIT": "92,682", "EBITDA": "-", "Reconciled Cost of Revenue": "931,535", "Reconciled Depreciation": "58,725", "Net Income from Continuing Operation Net Minority Interest": "54,748", "Total Unusual Items Excluding Goodwill": "-", "Total Unusual Items": "-", "Normalized EBITDA": "151,407", "Tax Rate for Calcs": "0", "Tax Effect of Unusual Items": "0"}}, "bs": {"12/31/2020": {"Duration": "12/31/2020", "Total Assets": "1,187,676", "Total Liabilities Net Minority Interest": "868,494", "Total Equity Gross Minority Interest": "319,182", "Total Capitalization": "861,139", "Common Stock Equity": "319,182", "Capital Lease Obligations": "57,674", "Net Tangible Assets": "-69,081", "Working Capital": "387,468", "Invested Capital": "884,494", "Tangible Book Value": "-69,081", "Total Debt": "622,986", "Net Debt": "333,792", "Share Issued": "33,142", "Ordinary Shares Number": "29,623", "Treasury Shares Number": "3,519"}, "12/31/2019": {"Duration": "12/31/2019", "Total Assets": "1,099,479", "Total Liabilities Net Minority Interest": "849,448", "Total Equity Gross Minority Interest": "250,031", "Total Capitalization": "795,062", "Common Stock Equity": "250,031", "Capital Lease Obligations": "51,588", "Net Tangible Assets": "-99,183", "Working Capital": "367,800", "Invested Capital": "819,226", "Tangible Book Value": "-99,183", "Total Debt": "620,783", "Net Debt": "391,306", "Share Issued": "32,872", "Ordinary Shares Number": "30,016", "Treasury Shares Number": "2,855"}, "12/31/2018": {"Duration": "12/31/2018", "Total Assets": "834,658", "Total Liabilities Net Minority Interest": "652,160", "Total Equity Gross Minority Interest": "182,498", "Total Capitalization": "614,680", "Common Stock Equity": "182,498", "Capital Lease Obligations": "8,630", "Net Tangible Assets": "-140,341", "Working Capital": "229,859", "Invested Capital": "637,322", "Tangible Book Value": "-140,341", "Total Debt": "463,454", "Net Debt": "364,382", "Share Issued": "32,724", "Ordinary Shares Number": "29,916", "Treasury Shares Number": "2,808"}}, "cf": {"TTM": {"Duration": "TTM", "Operating Cash Flow": "180,789", "Investing Cash Flow": "-77,794", "Financing Cash Flow": "-49,364", "End Cash Position": "231,520", "Income Tax Paid Supplemental Data": "37,072", "Interest Paid Supplemental Data": "26,324", "Capital Expenditure": "-33,587", "Issuance of Debt": "21,290", "Repayment of Debt": "-29,317", "Repurchase of Capital Stock": "-33,924", "Free Cash Flow": "147,202"}, "12/31/2020": {"Duration": "12/31/2020", "Operating Cash Flow": "180,789", "Investing Cash Flow": "-77,794", "Financing Cash Flow": "-49,364", "End Cash Position": "231,520", "Income Tax Paid Supplemental Data": "37,072", "Interest Paid Supplemental Data": "26,324", "Capital Expenditure": "-33,587", "Issuance of Debt": "21,290", "Repayment of Debt": "-29,317", "Repurchase of Capital Stock": "-33,924", "Free Cash Flow": "147,202"}, "12/31/2019": {"Duration": "12/31/2019", "Operating Cash Flow": "123,067", "Investing Cash Flow": "-131,733", "Financing Cash Flow": "96,113", "End Cash Position": "177,889", "Income Tax Paid Supplemental Data": "22,633", "Interest Paid Supplemental Data": "20,943", "Capital Expenditure": "-50,167", "Issuance of Debt": "333,090", "Repayment of Debt": "-221,223", "Repurchase of Capital Stock": "0", "Free Cash Flow": "72,900"}, "12/31/2018": {"Duration": "12/31/2018", "Operating Cash Flow": "96,633", "Investing Cash Flow": "-74,069", "Financing Cash Flow": "5,368", "End Cash Position": "90,442", "Income Tax Paid Supplemental Data": "4,950", "Interest Paid Supplemental Data": "20,075", "Capital Expenditure": "-35,232", "Issuance of Debt": "125,443", "Repayment of Debt": "-22,484", "Repurchase of Capital Stock": "-89,363", "Free Cash Flow": "61,401"}}}}, {"NX": {"quote": {"05/07/2021": {"value": "27.77", "Market Cap": "934.188M", "Beta (5Y Monthly)": "1.70", "PE Ratio (TTM)": "19.68", "EPS (TTM)": "1.41", "Earnings Date": "Jun 02, 2021 - Jun 07, 2021", "Forward Dividend & Yield": "0.32 (1.17%)", "Ex-Dividend Date": "Mar 12, 2021", "1y Target Est": "31.00"}}, "fin": {"TTM": {"Duration": "TTM", "Total Revenue": "885,123", "Cost of Revenue": "677,720", "Gross Profit": "207,403", "Operating Expense": "141,775", "Operating Income": "65,628", "Net Non Operating Interest Income Expense": "-4,388", "Other Income Expense": "-98", "Pretax Income": "61,142", "Tax Provision": "14,804", "Net Income Common Stockholders": "46,338", "Diluted NI Available to Com Stockholders": "46,338", "Basic EPS": "-", "Diluted EPS": "-", "Basic Average Shares": "-", "Diluted Average Shares": "-", "Total Operating Income as Reported": "65,120", "Total Expenses": "819,495", "Interest Income": "26", "Interest Expense": "4,414", "Net Interest Income": "-4,388", "Net Income from Continuing & Discontinued Operation": "46,338", "Normalized Income": "46,780", "EBIT": "65,556", "EBITDA": "110,895", "Reconciled Cost of Revenue": "677,720", "Reconciled Depreciation": "45,339", "Net Income from Continuing Operation Net Minority Interest": "46,338", "Total Unusual Items Excluding Goodwill": "-583", "Total Unusual Items": "-583", "Normalized EBITDA": "111,478", "Tax Rate for Calcs": "0", "Tax Effect of Unusual Items": "-141.1588"}, "10/31/2020": {"Duration": "10/31/2020", "Total Revenue": "851,573", "Cost of Revenue": "658,750", "Gross Profit": "192,823", "Operating Expense": "136,936", "Operating Income": "55,887", "Net Non Operating Interest Income Expense": "-5,217", "Other Income Expense": "-370", "Pretax Income": "50,300", "Tax Provision": "11,804", "Net Income Common Stockholders": "38,496", "Diluted NI Available to Com Stockholders": "38,496", "Basic EPS": "1.18", "Diluted EPS": "1.17", "Basic Average Shares": "32,689", "Diluted Average Shares": "32,821", "Total Operating Income as Reported": "55,265", "Total Expenses": "795,686", "Interest Income": "28", "Interest Expense": "5,245", "Net Interest Income": "-5,217", "Net Income from Continuing & Discontinued Operation": "38,496", "Normalized Income": "39,015", "EBIT": "55,545", "EBITDA": "-", "Reconciled Cost of Revenue": "658,750", "Reconciled Depreciation": "47,229", "Net Income from Continuing Operation Net Minority Interest": "38,496", "Total Unusual Items Excluding Goodwill": "-679", "Total Unusual Items": "-679", "Normalized EBITDA": "103,453", "Tax Rate for Calcs": "0", "Tax Effect of Unusual Items": "-159.565"}, "10/31/2019": {"Duration": "10/31/2019", "Total Revenue": "893,841", "Cost of Revenue": "694,420", "Gross Profit": "199,421", "Operating Expense": "150,878", "Operating Income": "48,543", "Net Non Operating Interest Income Expense": "-9,580", "Other Income Expense": "-74,917", "Pretax Income": "-35,954", "Tax Provision": "10,776", "Net Income Common Stockholders": "-46,730", "Diluted NI Available to Com Stockholders": "-46,730", "Basic EPS": "-1.42", "Diluted EPS": "-1.42", "Basic Average Shares": "32,960", "Diluted Average Shares": "32,960", "Total Operating Income as Reported": "-26,427", "Total Expenses": "845,298", "Interest Income": "63", "Interest Expense": "9,643", "Net Interest Income": "-9,580", "Net Income from Continuing & Discontinued Operation": "-46,730", "Normalized Income": "8,278", "EBIT": "-26,311", "EBITDA": "-", "Reconciled Cost of Revenue": "694,420", "Reconciled Depreciation": "49,586", "Net Income from Continuing Operation Net Minority Interest": "-46,730", "Total Unusual Items Excluding Goodwill": "-75,354", "Total Unusual Items": "-75,354", "Normalized EBITDA": "98,629", "Tax Rate for Calcs": "0", "Tax Effect of Unusual Items": "-20,346"}, "10/31/2018": {"Duration": "10/31/2018", "Total Revenue": "889,785", "Cost of Revenue": "696,567", "Gross Profit": "193,218", "Operating Expense": "155,357", "Operating Income": "37,861", "Net Non Operating Interest Income Expense": "-11,031", "Other Income Expense": "-1,377", "Pretax Income": "25,453", "Tax Provision": "-875", "Net Income Common Stockholders": "26,328", "Diluted NI Available to Com Stockholders": "26,328", "Basic EPS": "0.76", "Diluted EPS": "0.75", "Basic Average Shares": "34,701", "Diluted Average Shares": "35,025", "Total Operating Income as Reported": "36,375", "Total Expenses": "851,924", "Interest Income": "69", "Interest Expense": "11,100", "Net Interest Income": "-11,031", "Net Income from Continuing & Discontinued Operation": "26,328", "Normalized Income": "27,338", "EBIT": "36,553", "EBITDA": "-", "Reconciled Cost of Revenue": "696,567", "Reconciled Depreciation": "51,822", "Net Income from Continuing Operation Net Minority Interest": "26,328", "Total Unusual Items Excluding Goodwill": "-1,384", "Total Unusual Items": "-1,384", "Normalized EBITDA": "89,759", "Tax Rate for Calcs": "0", "Tax Effect of Unusual Items": "-373.68"}}, "bs": {"10/31/2020": {"Duration": "10/31/2020", "Total Assets": "691,585", "Total Liabilities Net Minority Interest": "335,826", "Total Equity Gross Minority Interest": "355,759", "Total Capitalization": "472,487", "Common Stock Equity": "355,759", "Capital Lease Obligations": "52,332", "Net Tangible Assets": "116,537", "Working Capital": "77,066", "Invested Capital": "473,179", "Tangible Book Value": "116,537", "Total Debt": "169,752", "Net Debt": "65,799", "Share Issued": "37,296", "Ordinary Shares Number": "32,805", "Treasury Shares Number": "4,491"}, "10/31/2019": {"Duration": "10/31/2019", "Total Assets": "645,110", "Total Liabilities Net Minority Interest": "314,923", "Total Equity Gross Minority Interest": "330,187", "Total Capitalization": "486,601", "Common Stock Equity": "330,187", "Capital Lease Obligations": "-", "Net Tangible Assets": "77,327", "Working Capital": "80,572", "Invested Capital": "487,347", "Tangible Book Value": "77,327", "Total Debt": "157,160", "Net Debt": "126,292", "Share Issued": "37,370", "Ordinary Shares Number": "33,022", "Treasury Shares Number": "4,349"}, "10/31/2018": {"Duration": "10/31/2018", "Total Assets": "741,849", "Total Liabilities Net Minority Interest": "347,697", "Total Equity Gross Minority Interest": "394,152", "Total Capitalization": "603,484", "Common Stock Equity": "394,152", "Capital Lease Obligations": "-", "Net Tangible Assets": "52,606", "Working Capital": "87,317", "Invested Capital": "604,708", "Tangible Book Value": "52,606", "Total Debt": "210,556", "Net Debt": "181,553", "Share Issued": "37,434", "Ordinary Shares Number": "33,339", "Treasury Shares Number": "4,095"}}, "cf": {"TTM": {"Duration": "TTM", "Operating Cash Flow": "101,058", "Investing Cash Flow": "-21,094", "Financing Cash Flow": "-60,727", "End Cash Position": "42,351", "Capital Expenditure": "-21,660", "Issuance of Capital Stock": "10,581", "Issuance of Debt": "80,000", "Repayment of Debt": "-135,783", "Repurchase of Capital Stock": "-4,521", "Free Cash Flow": "79,398"}, "10/31/2020": {"Duration": "10/31/2020", "Operating Cash Flow": "100,796", "Investing Cash Flow": "-25,224", "Financing Cash Flow": "-55,122", "End Cash Position": "51,621", "Capital Expenditure": "-25,726", "Issuance of Capital Stock": "3,626", "Issuance of Debt": "114,500", "Repayment of Debt": "-155,027", "Repurchase of Capital Stock": "-7,233", "Free Cash Flow": "75,070"}, "10/31/2019": {"Duration": "10/31/2019", "Operating Cash Flow": "96,372", "Investing Cash Flow": "-23,559", "Financing Cash Flow": "-71,264", "End Cash Position": "30,868", "Capital Expenditure": "-24,883", "Issuance of Capital Stock": "3,287", "Issuance of Debt": "83,500", "Repayment of Debt": "-137,526", "Repurchase of Capital Stock": "-9,551", "Free Cash Flow": "71,489"}, "10/31/2018": {"Duration": "10/31/2018", "Operating Cash Flow": "104,611", "Investing Cash Flow": "-26,052", "Financing Cash Flow": "-65,817", "End Cash Position": "29,003", "Capital Expenditure": "-26,484", "Issuance of Capital Stock": "4,746", "Issuance of Debt": "268,500", "Repayment of Debt": "-298,048", "Repurchase of Capital Stock": "-32,034", "Free Cash Flow": "78,127"}}}}, {"BLDR": {"quote": {"05/07/2021": {"value": "52.36", "Market Cap": "10.844B", "Beta (5Y Monthly)": "N/A", "PE Ratio (TTM)": "15.39", "EPS (TTM)": "3.40", "Earnings Date": "Jul 28, 2021 - Aug 02, 2021", "Forward Dividend & Yield": "N/A (N/A)", "Ex-Dividend Date": "N/A", "1y Target Est": "57.71"}}, "fin": {"TTM": {"Duration": "TTM", "Total Revenue": "8,558,874", "Cost of Revenue": "6,336,290", "Gross Profit": "2,222,584", "Operating Expense": "1,678,730", "Operating Income": "543,854", "Net Non Operating Interest Income Expense": "-135,688", "Pretax Income": "408,166", "Tax Provision": "94,629", "Net Income Common Stockholders": "313,537", "Diluted NI Available to Com Stockholders": "313,537", "Basic EPS": "-", "Diluted EPS": "-", "Basic Average Shares": "-", "Diluted Average Shares": "-", "Total Operating Income as Reported": "543,854", "Total Expenses": "8,015,020", "Net Income from Continuing & Discontinued Operation": "313,537", "Normalized Income": "313,537", "Interest Expense": "135,688", "Net Interest Income": "-135,688", "EBIT": "543,854", "EBITDA": "660,420", "Reconciled Cost of Revenue": "6,336,290", "Reconciled Depreciation": "116,566", "Net Income from Continuing Operation Net Minority Interest": "313,537", "Normalized EBITDA": "660,420", "Tax Rate for Calcs": "0", "Tax Effect of Unusual Items": "0"}, "12/31/2020": {"Duration": "12/31/2020", "Total Revenue": "8,558,874", "Cost of Revenue": "6,336,290", "Gross Profit": "2,222,584", "Operating Expense": "1,678,730", "Operating Income": "543,854", "Net Non Operating Interest Income Expense": "-135,688", "Pretax Income": "408,166", "Tax Provision": "94,629", "Net Income Common Stockholders": "313,537", "Diluted NI Available to Com Stockholders": "313,537", "Basic EPS": "-", "Diluted EPS": "-", "Basic Average Shares": "-", "Diluted Average Shares": "-", "Total Operating Income as Reported": "543,854", "Total Expenses": "8,015,020", "Net Income from Continuing & Discontinued Operation": "313,537", "Normalized Income": "313,537", "Interest Expense": "135,688", "Net Interest Income": "-135,688", "EBIT": "543,854", "EBITDA": "-", "Reconciled Cost of Revenue": "6,336,290", "Reconciled Depreciation": "116,566", "Net Income from Continuing Operation Net Minority Interest": "313,537", "Normalized EBITDA": "660,420", "Tax Rate for Calcs": "0", "Tax Effect of Unusual Items": "0"}, "12/31/2019": {"Duration": "12/31/2019", "Total Revenue": "7,280,431", "Cost of Revenue": "5,303,602", "Gross Profit": "1,976,829", "Operating Expense": "1,584,523", "Operating Income": "392,306", "Net Non Operating Interest Income Expense": "-109,551", "Pretax Income": "282,755", "Tax Provision": "60,946", "Net Income Common Stockholders": "221,809", "Diluted NI Available to Com Stockholders": "221,809", "Basic EPS": "1.92", "Diluted EPS": "1.90", "Basic Average Shares": "115,713", "Diluted Average Shares": "117,025", "Total Operating Income as Reported": "392,306", "Total Expenses": "6,888,125", "Net Income from Continuing & Discontinued Operation": "221,809", "Normalized Income": "221,809", "Interest Expense": "109,551", "Net Interest Income": "-109,551", "EBIT": "392,306", "EBITDA": "-", "Reconciled Cost of Revenue": "5,303,602", "Reconciled Depreciation": "100,038", "Net Income from Continuing Operation Net Minority Interest": "221,809", "Normalized EBITDA": "492,344", "Tax Rate for Calcs": "0", "Tax Effect of Unusual Items": "0"}, "12/31/2018": {"Duration": "12/31/2018", "Total Revenue": "7,724,771", "Cost of Revenue": "5,801,831", "Gross Profit": "1,922,940", "Operating Expense": "1,553,972", "Operating Income": "368,968", "Net Non Operating Interest Income Expense": "-108,213", "Pretax Income": "260,755", "Tax Provision": "55,564", "Net Income Common Stockholders": "205,191", "Diluted NI Available to Com Stockholders": "205,191", "Basic EPS": "1.79", "Diluted EPS": "1.76", "Basic Average Shares": "114,586", "Diluted Average Shares": "116,554", "Total Operating Income as Reported": "368,968", "Total Expenses": "7,355,803", "Net Income from Continuing & Discontinued Operation": "205,191", "Normalized Income": "205,191", "Interest Expense": "108,213", "Net Interest Income": "-108,213", "EBIT": "368,968", "EBITDA": "-", "Reconciled Cost of Revenue": "5,801,831", "Reconciled Depreciation": "97,906", "Net Income from Continuing Operation Net Minority Interest": "205,191", "Normalized EBITDA": "466,874", "Tax Rate for Calcs": "0", "Tax Effect of Unusual Items": "0"}}, "bs": {"12/31/2020": {"Duration": "12/31/2020", "Total Assets": "4,173,671", "Total Liabilities Net Minority Interest": "3,020,888", "Total Equity Gross Minority Interest": "1,152,783", "Total Capitalization": "2,749,688", "Common Stock Equity": "1,152,783", "Capital Lease Obligations": "280,864", "Net Tangible Assets": "247,596", "Working Capital": "1,148,829", "Invested Capital": "2,777,023", "Tangible Book Value": "247,596", "Total Debt": "1,905,104", "Net Debt": "1,200,434", "Share Issued": "116,829", "Ordinary Shares Number": "116,829"}, "12/31/2019": {"Duration": "12/31/2019", "Total Assets": "3,249,490", "Total Liabilities Net Minority Interest": "2,424,537", "Total Equity Gross Minority Interest": "824,953", "Total Capitalization": "2,102,351", "Common Stock Equity": "824,953", "Capital Lease Obligations": "298,601", "Net Tangible Assets": "-72,457", "Working Capital": "485,566", "Invested Capital": "2,116,226", "Tangible Book Value": "-72,457", "Total Debt": "1,589,874", "Net Debt": "1,277,177", "Share Issued": "116,052", "Ordinary Shares Number": "116,052"}, "12/31/2018": {"Duration": "12/31/2018", "Total Assets": "2,932,309", "Total Liabilities Net Minority Interest": "2,335,971", "Total Equity Gross Minority Interest": "596,338", "Total Capitalization": "2,142,067", "Common Stock Equity": "596,338", "Capital Lease Obligations": "-", "Net Tangible Assets": "-247,227", "Working Capital": "642,492", "Invested Capital": "2,157,632", "Tangible Book Value": "-247,227", "Total Debt": "1,561,294", "Net Debt": "1,551,167", "Share Issued": "115,078", "Ordinary Shares Number": "115,078"}}, "cf": {"TTM": {"Duration": "TTM", "Operating Cash Flow": "260,067", "Investing Cash Flow": "-136,225", "Financing Cash Flow": "285,868", "End Cash Position": "423,806", "Income Tax Paid Supplemental Data": "43,400", "Interest Paid Supplemental Data": "110,600", "Capital Expenditure": "-112,082", "Issuance of Capital Stock": "-", "Issuance of Debt": "1,786,625", "Repayment of Debt": "-1,461,542", "Repurchase of Capital Stock": "-4,153", "Free Cash Flow": "147,985"}, "12/31/2020": {"Duration": "12/31/2020", "Operating Cash Flow": "260,067", "Investing Cash Flow": "-136,225", "Financing Cash Flow": "285,868", "End Cash Position": "423,806", "Income Tax Paid Supplemental Data": "43,400", "Interest Paid Supplemental Data": "110,600", "Capital Expenditure": "-112,082", "Issuance of Capital Stock": "-", "Issuance of Debt": "1,786,625", "Repayment of Debt": "-1,461,542", "Repurchase of Capital Stock": "-4,153", "Free Cash Flow": "147,985"}, "12/31/2019": {"Duration": "12/31/2019", "Operating Cash Flow": "504,046", "Investing Cash Flow": "-199,180", "Financing Cash Flow": "-300,897", "End Cash Position": "14,096", "Income Tax Paid Supplemental Data": "-", "Interest Paid Supplemental Data": "-", "Capital Expenditure": "-112,870", "Issuance of Capital Stock": "-", "Issuance of Debt": "1,518,375", "Repayment of Debt": "-1,802,834", "Repurchase of Capital Stock": "-10,392", "Free Cash Flow": "391,176"}, "12/31/2018": {"Duration": "12/31/2018", "Operating Cash Flow": "282,830", "Investing Cash Flow": "-96,658", "Financing Cash Flow": "-233,578", "End Cash Position": "10,127", "Income Tax Paid Supplemental Data": "-", "Interest Paid Supplemental Data": "-", "Capital Expenditure": "-101,411", "Issuance of Capital Stock": "-", "Issuance of Debt": "1,665,818", "Repayment of Debt": "-1,898,312", "Repurchase of Capital Stock": "-4,895", "Free Cash Flow": "181,419"}}}}, {"BLD": {"quote": {"05/07/2021": {"value": "223.93", "Market Cap": "7.405B", "Beta (5Y Monthly)": "1.53", "PE Ratio (TTM)": "30.18", "EPS (TTM)": "7.42", "Earnings Date": "Aug 02, 2021 - Aug 06, 2021", "Forward Dividend & Yield": "N/A (N/A)", "Ex-Dividend Date": "N/A", "1y Target Est": "242.29"}}, "fin": {"TTM": {"Duration": "TTM", "Total Revenue": "2,718,038", "Cost of Revenue": "1,971,677", "Gross Profit": "746,361", "Operating Expense": "391,315", "Operating Income": "355,046", "Net Non Operating Interest Income Expense": "-32,456", "Other Income Expense": "500", "Pretax Income": "323,090", "Tax Provision": "76,067", "Net Income Common Stockholders": "247,023", "Diluted NI Available to Com Stockholders": "247,023", "Basic EPS": "-", "Diluted EPS": "-", "Basic Average Shares": "-", "Diluted Average Shares": "-", "Total Operating Income as Reported": "355,046", "Total Expenses": "2,362,992", "Net Income from Continuing & Discontinued Operation": "247,023", "Normalized Income": "247,201", "Interest Expense": "32,456", "Net Interest Income": "-32,456", "EBIT": "355,546", "EBITDA": "417,956", "Reconciled Cost of Revenue": "1,971,677", "Reconciled Depreciation": "62,410", "Net Income from Continuing Operation Net Minority Interest": "247,023", "Total Unusual Items Excluding Goodwill": "-233", "Total Unusual Items": "-233", "Normalized EBITDA": "418,189", "Tax Rate for Calcs": "0", "Tax Effect of Unusual Items": "-54.755"}, "12/31/2020": {"Duration": "12/31/2020", "Total Revenue": "2,718,038", "Cost of Revenue": "1,971,677", "Gross Profit": "746,361", "Operating Expense": "391,315", "Operating Income": "355,046", "Net Non Operating Interest Income Expense": "-32,456", "Other Income Expense": "500", "Pretax Income": "323,090", "Tax Provision": "76,067", "Net Income Common Stockholders": "247,023", "Diluted NI Available to Com Stockholders": "247,023", "Basic EPS": "-", "Diluted EPS": "-", "Basic Average Shares": "-", "Diluted Average Shares": "-", "Total Operating Income as Reported": "355,046", "Total Expenses": "2,362,992", "Net Income from Continuing & Discontinued Operation": "247,023", "Normalized Income": "247,201", "Interest Expense": "32,456", "Net Interest Income": "-32,456", "EBIT": "355,546", "EBITDA": "-", "Reconciled Cost of Revenue": "1,971,677", "Reconciled Depreciation": "62,410", "Net Income from Continuing Operation Net Minority Interest": "247,023", "Total Unusual Items Excluding Goodwill": "-233", "Total Unusual Items": "-233", "Normalized EBITDA": "418,189", "Tax Rate for Calcs": "0", "Tax Effect of Unusual Items": "-54.755"}, "12/31/2019": {"Duration": "12/31/2019", "Total Revenue": "2,624,121", "Cost of Revenue": "1,942,854", "Gross Profit": "681,267", "Operating Expense": "391,744", "Operating Income": "289,523", "Net Non Operating Interest Income Expense": "-37,823", "Other Income Expense": "2,078", "Pretax Income": "253,778", "Tax Provision": "62,783", "Net Income Common Stockholders": "190,995", "Diluted NI Available to Com Stockholders": "190,995", "Basic EPS": "5.65", "Diluted EPS": "5.56", "Basic Average Shares": "33,806", "Diluted Average Shares": "34,377", "Total Operating Income as Reported": "289,523", "Total Expenses": "2,334,598", "Net Income from Continuing & Discontinued Operation": "190,995", "Normalized Income": "190,995", "Interest Expense": "37,823", "Net Interest Income": "-37,823", "EBIT": "291,601", "EBITDA": "-", "Reconciled Cost of Revenue": "1,942,854", "Reconciled Depreciation": "52,700", "Net Income from Continuing Operation Net Minority Interest": "190,995", "Total Unusual Items Excluding Goodwill": "0", "Total Unusual Items": "0", "Normalized EBITDA": "344,301", "Tax Rate for Calcs": "0", "Tax Effect of Unusual Items": "0"}, "12/31/2018": {"Duration": "12/31/2018", "Total Revenue": "2,384,249", "Cost of Revenue": "1,808,097", "Gross Profit": "576,152", "Operating Expense": "367,199", "Operating Income": "208,953", "Net Non Operating Interest Income Expense": "-28,687", "Other Income Expense": "558", "Pretax Income": "180,824", "Tax Provision": "46,072", "Net Income Common Stockholders": "134,752", "Diluted NI Available to Com Stockholders": "134,752", "Basic EPS": "3.86", "Diluted EPS": "3.78", "Basic Average Shares": "34,921", "Diluted Average Shares": "35,613", "Total Operating Income as Reported": "208,953", "Total Expenses": "2,175,296", "Net Income from Continuing & Discontinued Operation": "134,752", "Normalized Income": "134,752", "Interest Expense": "28,687", "Net Interest Income": "-28,687", "EBIT": "209,511", "EBITDA": "-", "Reconciled Cost of Revenue": "1,808,097", "Reconciled Depreciation": "39,419", "Net Income from Continuing Operation Net Minority Interest": "134,752", "Total Unusual Items Excluding Goodwill": "0", "Total Unusual Items": "0", "Normalized EBITDA": "248,930", "Tax Rate for Calcs": "0", "Tax Effect of Unusual Items": "0"}}, "bs": {"12/31/2020": {"Duration": "12/31/2020", "Total Assets": "2,815,283", "Total Liabilities Net Minority Interest": "1,466,489", "Total Equity Gross Minority Interest": "1,348,794", "Total Capitalization": "2,032,190", "Common Stock Equity": "1,348,794", "Capital Lease Obligations": "87,241", "Net Tangible Assets": "-252,496", "Working Capital": "439,928", "Invested Capital": "2,055,516", "Tangible Book Value": "-252,496", "Total Debt": "793,963", "Net Debt": "376,715", "Share Issued": "39,030", "Ordinary Shares Number": "33,019", "Treasury Shares Number": "6,011"}, "12/31/2019": {"Duration": "12/31/2019", "Total Assets": "2,603,963", "Total Liabilities Net Minority Interest": "1,451,074", "Total Equity Gross Minority Interest": "1,152,889", "Total Capitalization": "1,850,844", "Common Stock Equity": "1,152,889", "Capital Lease Obligations": "90,104", "Net Tangible Assets": "-396,151", "Working Capital": "303,073", "Invested Capital": "1,885,116", "Tangible Book Value": "-396,151", "Total Debt": "822,331", "Net Debt": "547,420", "Share Issued": "38,885", "Ordinary Shares Number": "33,490", "Treasury Shares Number": "5,395"}, "12/31/2018": {"Duration": "12/31/2018", "Total Assets": "2,454,531", "Total Liabilities Net Minority Interest": "1,382,433", "Total Equity Gross Minority Interest": "1,072,098", "Total Capitalization": "1,788,720", "Common Stock Equity": "1,072,098", "Capital Lease Obligations": "-", "Net Tangible Assets": "-491,305", "Working Capital": "260,437", "Invested Capital": "1,815,572", "Tangible Book Value": "-491,305", "Total Debt": "743,474", "Net Debt": "642,545", "Share Issued": "38,677", "Ordinary Shares Number": "34,574", "Treasury Shares Number": "4,103"}}, "cf": {"TTM": {"Duration": "TTM", "Operating Cash Flow": "357,884", "Investing Cash Flow": "-121,883", "Financing Cash Flow": "-90,801", "End Cash Position": "330,007", "Income Tax Paid Supplemental Data": "77,689", "Interest Paid Supplemental Data": "30,896", "Capital Expenditure": "-40,938", "Issuance of Debt": "300,000", "Repayment of Debt": "-324,948", "Repurchase of Capital Stock": "-49,151", "Free Cash Flow": "316,946"}, "12/31/2020": {"Duration": "12/31/2020", "Operating Cash Flow": "357,884", "Investing Cash Flow": "-121,883", "Financing Cash Flow": "-90,801", "End Cash Position": "330,007", "Income Tax Paid Supplemental Data": "77,689", "Interest Paid Supplemental Data": "30,896", "Capital Expenditure": "-40,938", "Issuance of Debt": "300,000", "Repayment of Debt": "-324,948", "Repurchase of Capital Stock": "-49,151", "Free Cash Flow": "316,946"}, "12/31/2019": {"Duration": "12/31/2019", "Operating Cash Flow": "271,777", "Investing Cash Flow": "-50,142", "Financing Cash Flow": "-137,757", "End Cash Position": "184,807", "Income Tax Paid Supplemental Data": "43,310", "Interest Paid Supplemental Data": "36,244", "Capital Expenditure": "-45,536", "Issuance of Debt": "14,989", "Repayment of Debt": "-27,793", "Repurchase of Capital Stock": "-110,911", "Free Cash Flow": "226,241"}, "12/31/2018": {"Duration": "12/31/2018", "Operating Cash Flow": "167,172", "Investing Cash Flow": "-551,819", "Financing Cash Flow": "429,055", "End Cash Position": "100,929", "Income Tax Paid Supplemental Data": "39,010", "Interest Paid Supplemental Data": "23,733", "Capital Expenditure": "-52,504", "Issuance of Debt": "616,604", "Repayment of Debt": "-108,399", "Repurchase of Capital Stock": "-65,025", "Free Cash Flow": "114,668"}}}}, {"BECN": {"quote": {"05/07/2021": {"value": "60.24", "Market Cap": "4.181B", "Beta (5Y Monthly)": "N/A", "PE Ratio (TTM)": "N/A", "EPS (TTM)": "-2.68", "Earnings Date": "Aug 02, 2021 - Aug 06, 2021", "Forward Dividend & Yield": "N/A (N/A)", "Ex-Dividend Date": "N/A", "1y Target Est": "54.75"}}, "fin": {"TTM": {"Duration": "TTM", "Total Revenue": "7,105,100", "Cost of Revenue": "5,346,300", "Gross Profit": "1,758,800", "Operating Expense": "1,647,600", "Operating Income": "111,200", "Net Non Operating Interest Income Expense": "-119,700", "Other Income Expense": "-", "Pretax Income": "-8,500", "Tax Provision": "1,000", "Net Income Common Stockholders": "-302,000", "Diluted NI Available to Com Stockholders": "-302,000", "Basic EPS": "-", "Diluted EPS": "-", "Basic Average Shares": "-", "Diluted Average Shares": "-", "Total Operating Income as Reported": "111,200", "Total Expenses": "6,993,900", "Net Income from Continuing & Discontinued Operation": "-278,000", "Normalized Income": "-9,500", "Interest Expense": "119,700", "Net Interest Income": "-119,700", "EBIT": "111,200", "EBITDA": "493,800", "Reconciled Cost of Revenue": "5,349,400", "Reconciled Depreciation": "379,500", "Net Income from Continuing Operation Net Minority Interest": "-9,500", "Total Unusual Items Excluding Goodwill": "0", "Total Unusual Items": "0", "Normalized EBITDA": "493,800", "Tax Rate for Calcs": "0", "Tax Effect of Unusual Items": "0"}, "9/30/2020": {"Duration": "9/30/2020", "Total Revenue": "6,943,900", "Cost of Revenue": "5,244,700", "Gross Profit": "1,699,200", "Operating Expense": "1,664,100", "Operating Income": "35,100", "Net Non Operating Interest Income Expense": "-128,100", "Other Income Expense": "-14,700", "Pretax Income": "-107,700", "Tax Provision": "-26,800", "Net Income Common Stockholders": "-104,900", "Diluted NI Available to Com Stockholders": "-104,900", "Basic EPS": "-1.52", "Diluted EPS": "-1.52", "Basic Average Shares": "68,800", "Diluted Average Shares": "68,800", "Total Operating Income as Reported": "35,100", "Total Expenses": "6,908,800", "Net Income from Continuing & Discontinued Operation": "-80,900", "Normalized Income": "-69,860", "Interest Expense": "128,100", "Net Interest Income": "-128,100", "EBIT": "20,400", "EBITDA": "-", "Reconciled Cost of Revenue": "5,244,700", "Reconciled Depreciation": "391,100", "Net Income from Continuing Operation Net Minority Interest": "-80,900", "Total Unusual Items Excluding Goodwill": "-14,700", "Total Unusual Items": "-14,700", "Normalized EBITDA": "426,200", "Tax Rate for Calcs": "0", "Tax Effect of Unusual Items": "-3,660"}, "9/30/2019": {"Duration": "9/30/2019", "Total Revenue": "7,105,160", "Cost of Revenue": "5,368,605", "Gross Profit": "1,736,555", "Operating Expense": "1,588,803", "Operating Income": "147,752", "Net Non Operating Interest Income Expense": "-158,534", "Other Income Expense": "-", "Pretax Income": "-10,782", "Tax Provision": "-170", "Net Income Common Stockholders": "-34,612", "Diluted NI Available to Com Stockholders": "-34,612", "Basic EPS": "-0.51", "Diluted EPS": "-0.51", "Basic Average Shares": "68,424", "Diluted Average Shares": "68,424", "Total Operating Income as Reported": "147,752", "Total Expenses": "6,957,408", "Net Income from Continuing & Discontinued Operation": "-10,612", "Normalized Income": "-10,612", "Interest Expense": "158,534", "Net Interest Income": "-158,534", "EBIT": "147,752", "EBITDA": "-", "Reconciled Cost of Revenue": "5,368,604", "Reconciled Depreciation": "277,761", "Net Income from Continuing Operation Net Minority Interest": "-10,612", "Total Unusual Items Excluding Goodwill": "-", "Total Unusual Items": "-", "Normalized EBITDA": "425,513", "Tax Rate for Calcs": "0", "Tax Effect of Unusual Items": "0"}, "9/30/2018": {"Duration": "9/30/2018", "Total Revenue": "6,418,311", "Cost of Revenue": "4,824,990", "Gross Profit": "1,593,321", "Operating Expense": "1,388,695", "Operating Income": "204,626", "Net Non Operating Interest Income Expense": "-136,544", "Other Income Expense": "-", "Pretax Income": "68,082", "Tax Provision": "-30,544", "Net Income Common Stockholders": "72,884", "Diluted NI Available to Com Stockholders": "72,884", "Basic EPS": "1.07", "Diluted EPS": "1.05", "Basic Average Shares": "68,013", "Diluted Average Shares": "69,191", "Total Operating Income as Reported": "204,626", "Total Expenses": "6,213,685", "Net Income from Continuing & Discontinued Operation": "98,626", "Normalized Income": "98,626", "Interest Expense": "136,544", "Net Interest Income": "-136,544", "EBIT": "204,626", "EBITDA": "-", "Reconciled Cost of Revenue": "4,824,990", "Reconciled Depreciation": "201,503", "Net Income from Continuing Operation Net Minority Interest": "98,626", "Total Unusual Items Excluding Goodwill": "-", "Total Unusual Items": "-", "Normalized EBITDA": "406,129", "Tax Rate for Calcs": "0", "Tax Effect of Unusual Items": "0"}}, "bs": {"9/30/2020": {"Duration": "9/30/2020", "Total Assets": "6,957,500", "Total Liabilities Net Minority Interest": "4,797,400", "Total Equity Gross Minority Interest": "2,160,100", "Total Capitalization": "4,905,400", "Preferred Stock Equity": "399,200", "Common Stock Equity": "1,760,900", "Capital Lease Obligations": "443,500", "Net Tangible Assets": "-1,131,500", "Working Capital": "1,345,600", "Invested Capital": "4,515,900", "Tangible Book Value": "-1,530,700", "Total Debt": "3,198,500", "Net Debt": "2,130,400", "Share Issued": "69,000", "Ordinary Shares Number": "69,000"}, "9/30/2019": {"Duration": "9/30/2019", "Total Assets": "6,392,812", "Total Liabilities Net Minority Interest": "4,131,264", "Total Equity Gross Minority Interest": "2,261,548", "Total Capitalization": "4,841,741", "Preferred Stock Equity": "399,195", "Common Stock Equity": "1,862,353", "Capital Lease Obligations": "8,989", "Net Tangible Assets": "-1,354,582", "Working Capital": "1,073,472", "Invested Capital": "4,452,246", "Tangible Book Value": "-1,753,777", "Total Debt": "2,598,882", "Net Debt": "2,517,606", "Share Issued": "68,574", "Ordinary Shares Number": "68,574"}, "9/30/2018": {"Duration": "9/30/2018", "Total Assets": "6,508,662", "Total Liabilities Net Minority Interest": "4,225,162", "Total Equity Gross Minority Interest": "2,283,500", "Total Capitalization": "4,884,306", "Preferred Stock Equity": "399,195", "Common Stock Equity": "1,884,305", "Capital Lease Obligations": "9,961", "Net Tangible Assets": "-1,542,645", "Working Capital": "888,795", "Invested Capital": "4,494,811", "Tangible Book Value": "-1,941,840", "Total Debt": "2,620,467", "Net Debt": "2,480,579", "Share Issued": "68,136", "Ordinary Shares Number": "68,136"}}, "cf": {"TTM": {"Duration": "TTM", "Operating Cash Flow": "565,500", "Investing Cash Flow": "-44,500", "Financing Cash Flow": "-102,400", "End Cash Position": "462,300", "Income Tax Paid Supplemental Data": "-", "Interest Paid Supplemental Data": "120,000", "Capital Expenditure": "-54,300", "Issuance of Capital Stock": "3,355", "Issuance of Debt": "1,289,600", "Repayment of Debt": "-1,373,200", "Free Cash Flow": "511,200"}, "9/30/2020": {"Duration": "9/30/2020", "Operating Cash Flow": "479,300", "Investing Cash Flow": "-39,000", "Financing Cash Flow": "112,200", "End Cash Position": "624,600", "Income Tax Paid Supplemental Data": "-", "Interest Paid Supplemental Data": "130,300", "Capital Expenditure": "-48,500", "Issuance of Capital Stock": "0", "Issuance of Debt": "2,338,000", "Repayment of Debt": "-2,197,900", "Free Cash Flow": "430,800"}, "9/30/2019": {"Duration": "9/30/2019", "Operating Cash Flow": "212,653", "Investing Cash Flow": "-211,735", "Financing Cash Flow": "-58,769", "End Cash Position": "72,287", "Income Tax Paid Supplemental Data": "-", "Interest Paid Supplemental Data": "146,425", "Capital Expenditure": "-57,031", "Issuance of Capital Stock": "3,314", "Issuance of Debt": "2,100,085", "Repayment of Debt": "-2,133,683", "Free Cash Flow": "155,622"}, "9/30/2018": {"Duration": "9/30/2018", "Operating Cash Flow": "539,381", "Investing Cash Flow": "-2,784,341", "Financing Cash Flow": "2,236,051", "End Cash Position": "129,927", "Income Tax Paid Supplemental Data": "35,105", "Interest Paid Supplemental Data": "111,283", "Capital Expenditure": "-46,010", "Issuance of Capital Stock": "407,514", "Issuance of Debt": "5,077,741", "Repayment of Debt": "-3,165,184", "Free Cash Flow": "493,371"}}}}, {"VMC": {"quote": {"05/07/2021": {"value": "191.71", "Market Cap": "25.433B", "Beta (5Y Monthly)": "0.59", "PE Ratio (TTM)": "37.34", "EPS (TTM)": "5.13", "Earnings Date": "Aug 02, 2021 - Aug 06, 2021", "Forward Dividend & Yield": "1.48 (0.77%)", "Ex-Dividend Date": "Feb 26, 2021", "1y Target Est": "189.11"}}, "fin": {"TTM": {"Duration": "TTM", "Total Revenue": "4,875,928", "Cost of Revenue": "3,566,903", "Gross Profit": "1,309,025", "Operating Expense": "396,245", "Operating Income": "912,780", "Net Non Operating Interest Income Expense": "-136,738", "Other Income Expense": "117,872", "Pretax Income": "893,914", "Tax Provision": "204,247", "Net Income Common Stockholders": "684,836", "Diluted NI Available to Com Stockholders": "684,836", "Basic EPS": "-", "Diluted EPS": "-", "Basic Average Shares": "-", "Diluted Average Shares": "-", "Total Operating Income as Reported": "1,032,943", "Total Expenses": "3,963,148", "Interest Income": "-", "Interest Expense": "138,305", "Net Interest Income": "-136,738", "Net Income from Continuing & Discontinued Operation": "684,836", "Normalized Income": "596,960", "EBIT": "1,032,219", "EBITDA": "1,433,913", "Reconciled Cost of Revenue": "3,566,903", "Reconciled Depreciation": "401,694", "Net Income from Continuing Operation Net Minority Interest": "689,667", "Total Unusual Items Excluding Goodwill": "120,163", "Total Unusual Items": "120,163", "Normalized EBITDA": "1,313,750", "Tax Rate for Calcs": "0", "Tax Effect of Unusual Items": "27,456"}, "12/31/2020": {"Duration": "12/31/2020", "Total Revenue": "4,856,826", "Cost of Revenue": "3,575,345", "Gross Profit": "1,281,481", "Operating Expense": "389,747", "Operating Income": "891,734", "Net Non Operating Interest Income Expense": "-134,393", "Other Income Expense": "-13,543", "Pretax Income": "743,798", "Tax Provision": "155,803", "Net Income Common Stockholders": "584,480", "Diluted NI Available to Com Stockholders": "584,480", "Basic EPS": "-", "Diluted EPS": "-", "Basic Average Shares": "-", "Diluted Average Shares": "-", "Total Operating Income as Reported": "895,731", "Total Expenses": "3,965,092", "Interest Income": "1,567", "Interest Expense": "135,960", "Net Interest Income": "-134,393", "Net Income from Continuing & Discontinued Operation": "584,480", "Normalized Income": "584,833", "EBIT": "879,758", "EBITDA": "-", "Reconciled Cost of Revenue": "3,575,345", "Reconciled Depreciation": "396,806", "Net Income from Continuing Operation Net Minority Interest": "587,995", "Total Unusual Items Excluding Goodwill": "3,997", "Total Unusual Items": "3,997", "Normalized EBITDA": "1,272,567", "Tax Rate for Calcs": "0", "Tax Effect of Unusual Items": "835.373"}, "12/31/2019": {"Duration": "12/31/2019", "Total Revenue": "4,929,103", "Cost of Revenue": "3,673,202", "Gross Profit": "1,255,901", "Operating Expense": "402,195", "Operating Income": "853,706", "Net Non Operating Interest Income Expense": "-129,000", "Other Income Expense": "32,995", "Pretax Income": "757,701", "Tax Provision": "135,198", "Net Income Common Stockholders": "617,662", "Diluted NI Available to Com Stockholders": "617,662", "Basic EPS": "4.67", "Diluted EPS": "4.63", "Basic Average Shares": "132,300", "Diluted Average Shares": "133,385", "Total Operating Income as Reported": "877,458", "Total Expenses": "4,075,397", "Interest Income": "1,155", "Interest Expense": "130,155", "Net Interest Income": "-129,000", "Net Income from Continuing & Discontinued Operation": "617,662", "Normalized Income": "602,979", "EBIT": "887,856", "EBITDA": "-", "Reconciled Cost of Revenue": "3,673,202", "Reconciled Depreciation": "374,596", "Net Income from Continuing Operation Net Minority Interest": "622,503", "Total Unusual Items Excluding Goodwill": "23,752", "Total Unusual Items": "23,752", "Normalized EBITDA": "1,238,700", "Tax Rate for Calcs": "0", "Tax Effect of Unusual Items": "4,228"}, "12/31/2018": {"Duration": "12/31/2018", "Total Revenue": "4,382,869", "Cost of Revenue": "3,281,924", "Gross Profit": "1,100,945", "Operating Expense": "368,176", "Operating Income": "732,769", "Net Non Operating Interest Income Expense": "-137,423", "Other Income Expense": "27,944", "Pretax Income": "623,290", "Tax Provision": "105,449", "Net Income Common Stockholders": "515,805", "Diluted NI Available to Com Stockholders": "515,805", "Basic EPS": "3.90", "Diluted EPS": "3.85", "Basic Average Shares": "132,393", "Diluted Average Shares": "133,926", "Total Operating Income as Reported": "747,713", "Total Expenses": "3,650,100", "Interest Income": "554", "Interest Expense": "137,977", "Net Interest Income": "-137,423", "Net Income from Continuing & Discontinued Operation": "515,805", "Normalized Income": "505,423", "EBIT": "761,267", "EBITDA": "-", "Reconciled Cost of Revenue": "3,281,924", "Reconciled Depreciation": "346,246", "Net Income from Continuing Operation Net Minority Interest": "517,841", "Total Unusual Items Excluding Goodwill": "14,944", "Total Unusual Items": "14,944", "Normalized EBITDA": "1,092,569", "Tax Rate for Calcs": "0", "Tax Effect of Unusual Items": "2,526"}}, "bs": {"12/31/2020": {"Duration": "12/31/2020", "Total Assets": "11,686,905", "Total Liabilities Net Minority Interest": "5,659,575", "Total Equity Gross Minority Interest": "6,027,330", "Total Capitalization": "8,799,570", "Common Stock Equity": "6,027,330", "Capital Lease Obligations": "399,582", "Net Tangible Assets": "1,731,674", "Working Capital": "1,229,282", "Invested Capital": "9,315,005", "Tangible Book Value": "1,731,674", "Total Debt": "3,687,257", "Net Debt": "2,090,607", "Share Issued": "132,516", "Ordinary Shares Number": "132,516"}, "12/31/2019": {"Duration": "12/31/2019", "Total Assets": "10,648,793", "Total Liabilities Net Minority Interest": "5,026,936", "Total Equity Gross Minority Interest": "5,621,857", "Total Capitalization": "8,406,172", "Common Stock Equity": "5,621,857", "Capital Lease Obligations": "388,042", "Net Tangible Assets": "1,363,321", "Working Capital": "843,763", "Invested Capital": "8,406,197", "Tangible Book Value": "1,363,321", "Total Debt": "3,172,382", "Net Debt": "2,512,751", "Share Issued": "132,371", "Ordinary Shares Number": "132,371"}, "12/31/2018": {"Duration": "12/31/2018", "Total Assets": "9,832,130", "Total Liabilities Net Minority Interest": "4,629,227", "Total Equity Gross Minority Interest": "5,202,903", "Total Capitalization": "7,982,260", "Common Stock Equity": "5,202,903", "Capital Lease Obligations": "-", "Net Tangible Assets": "942,129", "Working Capital": "476,595", "Invested Capital": "8,115,283", "Tangible Book Value": "942,129", "Total Debt": "2,912,380", "Net Debt": "2,872,343", "Share Issued": "131,762", "Ordinary Shares Number": "131,762"}}, "cf": {"TTM": {"Duration": "TTM", "Operating Cash Flow": "1,157,146", "Investing Cash Flow": "-165,400", "Financing Cash Flow": "-221,080", "End Cash Position": "890,939", "Capital Expenditure": "-320,194", "Issuance of Debt": "-", "Repayment of Debt": "-750,025", "Repurchase of Capital Stock": "0", "Free Cash Flow": "836,952"}, "12/31/2020": {"Duration": "12/31/2020", "Operating Cash Flow": "1,070,359", "Investing Cash Flow": "-381,514", "Financing Cash Flow": "234,662", "End Cash Position": "1,198,013", "Capital Expenditure": "-362,194", "Issuance of Debt": "750,000", "Repayment of Debt": "-250,025", "Repurchase of Capital Stock": "-26,132", "Free Cash Flow": "708,165"}, "12/31/2019": {"Duration": "12/31/2019", "Operating Cash Flow": "984,122", "Investing Cash Flow": "-415,837", "Financing Cash Flow": "-338,183", "End Cash Position": "274,506", "Capital Expenditure": "-384,094", "Issuance of Debt": "366,900", "Repayment of Debt": "-499,923", "Repurchase of Capital Stock": "-2,602", "Free Cash Flow": "600,028"}, "12/31/2018": {"Duration": "12/31/2018", "Operating Cash Flow": "832,777", "Investing Cash Flow": "-669,891", "Financing Cash Flow": "-265,128", "End Cash Position": "44,404", "Capital Expenditure": "-469,088", "Issuance of Debt": "1,589,900", "Repayment of Debt": "-1,498,955", "Repurchase of Capital Stock": "-133,983", "Free Cash Flow": "363,689"}}}}, {"OC": {"quote": {"05/07/2021": {"value": "106.92", "Market Cap": "11.169B", "Beta (5Y Monthly)": "1.56", "PE Ratio (TTM)": "15.51", "EPS (TTM)": "6.89", "Earnings Date": "Jul 27, 2021 - Aug 02, 2021", "Forward Dividend & Yield": "1.04 (0.97%)", "Ex-Dividend Date": "Mar 04, 2021", "1y Target Est": "107.29"}}, "fin": {"TTM": {"Duration": "TTM", "Total Revenue": "7,369,000", "Cost of Revenue": "5,621,000", "Gross Profit": "1,748,000", "Operating Expense": "718,000", "Operating Income": "1,030,000", "Net Non Operating Interest Income Expense": "-138,000", "Other Income Expense": "13,000", "Pretax Income": "905,000", "Tax Provision": "164,000", "Earnings from Equity Interest Net of Tax": "0", "Net Income Common Stockholders": "744,000", "Diluted NI Available to Com Stockholders": "744,000", "Basic EPS": "-", "Diluted EPS": "-", "Basic Average Shares": "-", "Diluted Average Shares": "-", "Total Operating Income as Reported": "1,030,000", "Total Expenses": "6,339,000", "Net Income from Continuing & Discontinued Operation": "744,000", "Normalized Income": "744,000", "Interest Expense": "138,000", "Net Interest Income": "-138,000", "EBIT": "1,043,000", "EBITDA": "1,539,000", "Reconciled Cost of Revenue": "5,621,000", "Reconciled Depreciation": "496,000", "Net Income from Continuing Operation Net Minority Interest": "744,000", "Total Unusual Items Excluding Goodwill": "0", "Total Unusual Items": "0", "Normalized EBITDA": "1,539,000", "Tax Rate for Calcs": "0", "Tax Effect of Unusual Items": "0"}, "12/31/2020": {"Duration": "12/31/2020", "Total Revenue": "7,055,000", "Cost of Revenue": "5,445,000", "Gross Profit": "1,610,000", "Operating Expense": "804,000", "Operating Income": "806,000", "Net Non Operating Interest Income Expense": "-132,000", "Other Income Expense": "-930,000", "Pretax Income": "-256,000", "Tax Provision": "129,000", "Earnings from Equity Interest Net of Tax": "0", "Net Income Common Stockholders": "-383,000", "Diluted NI Available to Com Stockholders": "-383,000", "Basic EPS": "-3.53", "Diluted EPS": "-3.53", "Basic Average Shares": "108,600", "Diluted Average Shares": "108,600", "Total Operating Income as Reported": "-138,000", "Total Expenses": "6,249,000", "Net Income from Continuing & Discontinued Operation": "-383,000", "Normalized Income": "306,120", "Interest Expense": "132,000", "Net Interest Income": "-132,000", "EBIT": "-124,000", "EBITDA": "-", "Reconciled Cost of Revenue": "5,445,000", "Reconciled Depreciation": "493,000", "Net Income from Continuing Operation Net Minority Interest": "-383,000", "Total Unusual Items Excluding Goodwill": "-944,000", "Total Unusual Items": "-944,000", "Normalized EBITDA": "1,313,000", "Tax Rate for Calcs": "0", "Tax Effect of Unusual Items": "-254,880"}, "12/31/2019": {"Duration": "12/31/2019", "Total Revenue": "7,160,000", "Cost of Revenue": "5,551,000", "Gross Profit": "1,609,000", "Operating Expense": "822,000", "Operating Income": "787,000", "Net Non Operating Interest Income Expense": "-131,000", "Other Income Expense": "-66,000", "Pretax Income": "590,000", "Tax Provision": "186,000", "Earnings from Equity Interest Net of Tax": "1,000", "Net Income Common Stockholders": "405,000", "Diluted NI Available to Com Stockholders": "405,000", "Basic EPS": "3.71", "Diluted EPS": "3.68", "Basic Average Shares": "109,200", "Diluted Average Shares": "110,100", "Total Operating Income as Reported": "787,000", "Total Expenses": "6,373,000", "Net Income from Continuing & Discontinued Operation": "405,000", "Normalized Income": "427,080", "Interest Expense": "131,000", "Net Interest Income": "-131,000", "EBIT": "721,000", "EBITDA": "-", "Reconciled Cost of Revenue": "5,551,000", "Reconciled Depreciation": "457,000", "Net Income from Continuing Operation Net Minority Interest": "405,000", "Total Unusual Items Excluding Goodwill": "-32,000", "Total Unusual Items": "-32,000", "Normalized EBITDA": "1,210,000", "Tax Rate for Calcs": "0", "Tax Effect of Unusual Items": "-9,920"}, "12/31/2018": {"Duration": "12/31/2018", "Total Revenue": "7,057,000", "Cost of Revenue": "5,425,000", "Gross Profit": "1,632,000", "Operating Expense": "825,000", "Operating Income": "807,000", "Net Non Operating Interest Income Expense": "-117,000", "Other Income Expense": "14,000", "Pretax Income": "704,000", "Tax Provision": "156,000", "Earnings from Equity Interest Net of Tax": "-1,000", "Net Income Common Stockholders": "545,000", "Diluted NI Available to Com Stockholders": "545,000", "Basic EPS": "4.94", "Diluted EPS": "4.89", "Basic Average Shares": "110,400", "Diluted Average Shares": "111,400", "Total Operating Income as Reported": "807,000", "Total Expenses": "6,250,000", "Net Income from Continuing & Discontinued Operation": "545,000", "Normalized Income": "545,000", "Interest Expense": "117,000", "Net Interest Income": "-117,000", "EBIT": "821,000", "EBITDA": "-", "Reconciled Cost of Revenue": "5,425,000", "Reconciled Depreciation": "433,000", "Net Income from Continuing Operation Net Minority Interest": "545,000", "Total Unusual Items Excluding Goodwill": "0", "Total Unusual Items": "0", "Normalized EBITDA": "1,254,000", "Tax Rate for Calcs": "0", "Tax Effect of Unusual Items": "0"}}, "bs": {"12/31/2020": {"Duration": "12/31/2020", "Total Assets": "9,481,000", "Total Liabilities Net Minority Interest": "5,540,000", "Total Equity Gross Minority Interest": "3,941,000", "Total Capitalization": "7,027,000", "Common Stock Equity": "3,901,000", "Capital Lease Obligations": "154,000", "Net Tangible Assets": "1,245,000", "Working Capital": "1,166,000", "Invested Capital": "7,027,000", "Tangible Book Value": "1,245,000", "Total Debt": "3,280,000", "Net Debt": "2,409,000", "Share Issued": "135,500", "Ordinary Shares Number": "105,600", "Treasury Shares Number": "29,900"}, "12/31/2019": {"Duration": "12/31/2019", "Total Assets": "10,006,000", "Total Liabilities Net Minority Interest": "5,335,000", "Total Equity Gross Minority Interest": "4,671,000", "Total Capitalization": "7,617,000", "Common Stock Equity": "4,631,000", "Capital Lease Obligations": "204,000", "Net Tangible Assets": "978,000", "Working Capital": "732,000", "Invested Capital": "7,617,000", "Tangible Book Value": "978,000", "Total Debt": "3,190,000", "Net Debt": "2,814,000", "Share Issued": "135,500", "Ordinary Shares Number": "109,000", "Treasury Shares Number": "26,500"}, "12/31/2018": {"Duration": "12/31/2018", "Total Assets": "9,771,000", "Total Liabilities Net Minority Interest": "5,447,000", "Total Equity Gross Minority Interest": "4,324,000", "Total Capitalization": "7,645,000", "Common Stock Equity": "4,283,000", "Capital Lease Obligations": "-", "Net Tangible Assets": "555,000", "Working Capital": "742,000", "Invested Capital": "7,645,000", "Tangible Book Value": "555,000", "Total Debt": "3,362,000", "Net Debt": "3,284,000", "Share Issued": "135,500", "Ordinary Shares Number": "109,500", "Treasury Shares Number": "26,000"}}, "cf": {"TTM": {"Duration": "TTM", "Operating Cash Flow": "1,391,000", "Investing Cash Flow": "-265,000", "Financing Cash Flow": "-765,000", "End Cash Position": "602,000", "Income Tax Paid Supplemental Data": "-", "Interest Paid Supplemental Data": "-", "Capital Expenditure": "-299,000", "Issuance of Debt": "437,000", "Repayment of Debt": "-698,000", "Repurchase of Capital Stock": "-364,000", "Free Cash Flow": "1,092,000"}, "12/31/2020": {"Duration": "12/31/2020", "Operating Cash Flow": "1,135,000", "Investing Cash Flow": "-205,000", "Financing Cash Flow": "-358,000", "End Cash Position": "724,000", "Income Tax Paid Supplemental Data": "78,000", "Interest Paid Supplemental Data": "135,000", "Capital Expenditure": "-307,000", "Issuance of Debt": "1,173,000", "Repayment of Debt": "-1,095,000", "Repurchase of Capital Stock": "-318,000", "Free Cash Flow": "828,000"}, "12/31/2019": {"Duration": "12/31/2019", "Operating Cash Flow": "1,037,000", "Investing Cash Flow": "-394,000", "Financing Cash Flow": "-573,000", "End Cash Position": "179,000", "Income Tax Paid Supplemental Data": "58,000", "Interest Paid Supplemental Data": "131,000", "Capital Expenditure": "-447,000", "Issuance of Debt": "2,621,000", "Repayment of Debt": "-3,032,000", "Repurchase of Capital Stock": "-61,000", "Free Cash Flow": "590,000"}, "12/31/2018": {"Duration": "12/31/2018", "Operating Cash Flow": "803,000", "Investing Cash Flow": "-1,589,000", "Financing Cash Flow": "647,000", "End Cash Position": "85,000", "Income Tax Paid Supplemental Data": "91,000", "Interest Paid Supplemental Data": "158,000", "Capital Expenditure": "-537,000", "Issuance of Debt": "2,959,000", "Repayment of Debt": "-1,979,000", "Repurchase of Capital Stock": "-236,000", "Free Cash Flow": "266,000"}}}}, {"MAS": {"quote": {"05/07/2021": {"value": "66.86", "Market Cap": "16.968B", "Beta (5Y Monthly)": "1.34", "PE Ratio (TTM)": "22.35", "EPS (TTM)": "2.99", "Earnings Date": "Jul 28, 2021 - Aug 02, 2021", "Forward Dividend & Yield": "0.94 (1.42%)", "Ex-Dividend Date": "Jan 07, 2021", "1y Target Est": "70.50"}}, "fin": {"TTM": {"Duration": "TTM", "Total Revenue": "7,577,000", "Cost of Revenue": "4,837,000", "Gross Profit": "2,740,000", "Operating Expense": "1,305,000", "Operating Income": "1,435,000", "Net Non Operating Interest Income Expense": "-311,000", "Other Income Expense": "-10,000", "Pretax Income": "1,114,000", "Tax Provision": "279,000", "Net Income Common Stockholders": "777,000", "Diluted NI Available to Com Stockholders": "777,000", "Basic EPS": "-", "Diluted EPS": "-", "Basic Average Shares": "-", "Diluted Average Shares": "-", "Total Operating Income as Reported": "1,435,000", "Total Expenses": "6,142,000", "Net Income from Continuing & Discontinued Operation": "782,000", "Normalized Income": "754,506", "Interest Expense": "311,000", "Net Interest Income": "-311,000", "EBIT": "1,425,000", "EBITDA": "1,425,000", "Reconciled Cost of Revenue": "4,837,000", "Reconciled Depreciation": "-", "Net Income from Continuing Operation Net Minority Interest": "765,000", "Total Unusual Items Excluding Goodwill": "14,000", "Total Unusual Items": "14,000", "Normalized EBITDA": "1,411,000", "Tax Rate for Calcs": "0", "Tax Effect of Unusual Items": "3,506"}, "12/31/2020": {"Duration": "12/31/2020", "Total Revenue": "7,188,000", "Cost of Revenue": "4,601,000", "Gross Profit": "2,587,000", "Operating Expense": "1,292,000", "Operating Income": "1,295,000", "Net Non Operating Interest Income Expense": "-144,000", "Other Income Expense": "-20,000", "Pretax Income": "1,131,000", "Tax Provision": "269,000", "Net Income Common Stockholders": "1,215,000", "Diluted NI Available to Com Stockholders": "1,215,000", "Basic EPS": "4.74", "Diluted EPS": "4.59", "Basic Average Shares": "258,200", "Diluted Average Shares": "264,000", "Total Operating Income as Reported": "1,295,000", "Total Expenses": "5,893,000", "Net Income from Continuing & Discontinued Operation": "1,224,000", "Normalized Income": "807,720", "Interest Expense": "144,000", "Net Interest Income": "-144,000", "EBIT": "1,275,000", "EBITDA": "-", "Reconciled Cost of Revenue": "4,601,000", "Reconciled Depreciation": "133,000", "Net Income from Continuing Operation Net Minority Interest": "810,000", "Total Unusual Items Excluding Goodwill": "3,000", "Total Unusual Items": "3,000", "Normalized EBITDA": "1,405,000", "Tax Rate for Calcs": "0", "Tax Effect of Unusual Items": "720"}, "12/31/2019": {"Duration": "12/31/2019", "Total Revenue": "6,707,000", "Cost of Revenue": "4,336,000", "Gross Profit": "2,371,000", "Operating Expense": "1,274,000", "Operating Income": "1,097,000", "Net Non Operating Interest Income Expense": "-159,000", "Other Income Expense": "-24,000", "Pretax Income": "914,000", "Tax Provision": "230,000", "Net Income Common Stockholders": "929,000", "Diluted NI Available to Com Stockholders": "929,000", "Basic EPS": "3.39", "Diluted EPS": "3.22", "Basic Average Shares": "275,600", "Diluted Average Shares": "288,000", "Total Operating Income as Reported": "1,088,000", "Total Expenses": "5,610,000", "Net Income from Continuing & Discontinued Operation": "935,000", "Normalized Income": "642,000", "Interest Expense": "159,000", "Net Interest Income": "-159,000", "EBIT": "1,073,000", "EBITDA": "-", "Reconciled Cost of Revenue": "4,336,000", "Reconciled Depreciation": "159,000", "Net Income from Continuing Operation Net Minority Interest": "639,000", "Total Unusual Items Excluding Goodwill": "-4,000", "Total Unusual Items": "-4,000", "Normalized EBITDA": "1,236,000", "Tax Rate for Calcs": "0", "Tax Effect of Unusual Items": "-1,000"}, "12/31/2018": {"Duration": "12/31/2018", "Total Revenue": "8,359,000", "Cost of Revenue": "5,670,000", "Gross Profit": "2,689,000", "Operating Expense": "1,478,000", "Operating Income": "1,211,000", "Net Non Operating Interest Income Expense": "-156,000", "Other Income Expense": "-13,000", "Pretax Income": "1,042,000", "Tax Provision": "258,000", "Net Income Common Stockholders": "727,000", "Diluted NI Available to Com Stockholders": "727,000", "Basic EPS": "2.50", "Diluted EPS": "2.37", "Basic Average Shares": "293,900", "Diluted Average Shares": "307,000", "Total Operating Income as Reported": "1,211,000", "Total Expenses": "7,148,000", "Net Income from Continuing & Discontinued Operation": "734,000", "Normalized Income": "735,500", "Interest Expense": "156,000", "Net Interest Income": "-156,000", "EBIT": "1,198,000", "EBITDA": "-", "Reconciled Cost of Revenue": "5,670,000", "Reconciled Depreciation": "156,000", "Net Income from Continuing Operation Net Minority Interest": "734,000", "Total Unusual Items Excluding Goodwill": "-2,000", "Total Unusual Items": "-2,000", "Normalized EBITDA": "1,356,000", "Tax Rate for Calcs": "0", "Tax Effect of Unusual Items": "-500"}}, "bs": {"12/31/2020": {"Duration": "12/31/2020", "Total Assets": "5,777,000", "Total Liabilities Net Minority Interest": "5,356,000", "Total Equity Gross Minority Interest": "421,000", "Total Capitalization": "2,987,000", "Common Stock Equity": "195,000", "Capital Lease Obligations": "188,000", "Net Tangible Assets": "-725,000", "Working Capital": "1,555,000", "Invested Capital": "2,990,000", "Tangible Book Value": "-725,000", "Total Debt": "2,983,000", "Net Debt": "1,469,000", "Share Issued": "258,200", "Ordinary Shares Number": "258,200"}, "12/31/2019": {"Duration": "12/31/2019", "Total Assets": "5,027,000", "Total Liabilities Net Minority Interest": "5,083,000", "Total Equity Gross Minority Interest": "-56,000", "Total Capitalization": "2,536,000", "Common Stock Equity": "-235,000", "Capital Lease Obligations": "38,000", "Net Tangible Assets": "-1,003,000", "Working Capital": "1,163,000", "Invested Capital": "2,538,000", "Tangible Book Value": "-1,003,000", "Total Debt": "2,811,000", "Net Debt": "2,076,000", "Share Issued": "275,600", "Ordinary Shares Number": "275,600"}, "12/31/2018": {"Duration": "12/31/2018", "Total Assets": "5,393,000", "Total Liabilities Net Minority Interest": "5,324,000", "Total Equity Gross Minority Interest": "69,000", "Total Capitalization": "2,860,000", "Common Stock Equity": "-111,000", "Capital Lease Obligations": "-", "Net Tangible Assets": "-1,415,000", "Working Capital": "1,082,000", "Invested Capital": "2,868,000", "Tangible Book Value": "-1,415,000", "Total Debt": "2,979,000", "Net Debt": "2,420,000", "Share Issued": "293,900", "Ordinary Shares Number": "293,900"}}, "cf": {"TTM": {"Duration": "TTM", "Operating Cash Flow": "956,000", "Investing Cash Flow": "-301,000", "Financing Cash Flow": "-606,000", "End Cash Position": "816,000", "Capital Expenditure": "-120,000", "Issuance of Capital Stock": "-", "Issuance of Debt": "1,896,000", "Repayment of Debt": "-1,728,000", "Repurchase of Capital Stock": "-428,000", "Free Cash Flow": "836,000"}, "12/31/2020": {"Duration": "12/31/2020", "Operating Cash Flow": "953,000", "Investing Cash Flow": "531,000", "Financing Cash Flow": "-886,000", "End Cash Position": "1,326,000", "Capital Expenditure": "-114,000", "Issuance of Capital Stock": "-", "Issuance of Debt": "415,000", "Repayment of Debt": "-402,000", "Repurchase of Capital Stock": "-727,000", "Free Cash Flow": "839,000"}, "12/31/2019": {"Duration": "12/31/2019", "Operating Cash Flow": "833,000", "Investing Cash Flow": "582,000", "Financing Cash Flow": "-1,291,000", "End Cash Position": "697,000", "Capital Expenditure": "-162,000", "Issuance of Capital Stock": "-", "Issuance of Debt": "0", "Repayment of Debt": "-209,000", "Repurchase of Capital Stock": "-896,000", "Free Cash Flow": "671,000"}, "12/31/2018": {"Duration": "12/31/2018", "Operating Cash Flow": "1,032,000", "Investing Cash Flow": "-651,000", "Financing Cash Flow": "-1,020,000", "End Cash Position": "559,000", "Capital Expenditure": "-219,000", "Issuance of Capital Stock": "0", "Issuance of Debt": "0", "Repayment of Debt": "-115,000", "Repurchase of Capital Stock": "-654,000", "Free Cash Flow": "813,000"}}}}, {"DOOR": {"quote": {"05/07/2021": {"value": "129.92", "Market Cap": "3.188B", "Beta (5Y Monthly)": "1.76", "PE Ratio (TTM)": "37.49", "EPS (TTM)": "3.46", "Earnings Date": "Aug 02, 2021 - Aug 06, 2021", "Forward Dividend & Yield": "N/A (N/A)", "Ex-Dividend Date": "N/A", "1y Target Est": "140.33"}}, "fin": {"TTM": {"Duration": "TTM", "Total Revenue": "2,257,075", "Cost of Revenue": "1,684,571", "Gross Profit": "572,504", "Operating Expense": "366,772", "Operating Income": "205,732", "Net Non Operating Interest Income Expense": "-46,807", "Other Income Expense": "-56,625", "Pretax Income": "102,300", "Tax Provision": "28,611", "Net Income Common Stockholders": "69,037", "Diluted NI Available to Com Stockholders": "69,037", "Basic EPS": "-", "Diluted EPS": "-", "Basic Average Shares": "-", "Diluted Average Shares": "-", "Total Operating Income as Reported": "143,890", "Total Expenses": "2,051,343", "Net Income from Continuing & Discontinued Operation": "69,037", "Normalized Income": "113,583", "Net Interest Income": "-46,807", "EBIT": "205,732", "EBITDA": "297,505", "Reconciled Cost of Revenue": "1,684,571", "Reconciled Depreciation": "91,773", "Net Income from Continuing Operation Net Minority Interest": "69,037", "Total Unusual Items Excluding Goodwill": "-61,842", "Total Unusual Items": "-61,842", "Normalized EBITDA": "359,347", "Tax Rate for Calcs": "0", "Tax Effect of Unusual Items": "-17,296"}, "12/31/2020": {"Duration": "12/31/2020", "Total Revenue": "2,257,075", "Cost of Revenue": "1,684,571", "Gross Profit": "572,504", "Operating Expense": "366,772", "Operating Income": "205,732", "Net Non Operating Interest Income Expense": "-46,807", "Other Income Expense": "-56,625", "Pretax Income": "102,300", "Tax Provision": "28,611", "Net Income Common Stockholders": "69,037", "Diluted NI Available to Com Stockholders": "69,037", "Basic EPS": "-", "Diluted EPS": "-", "Basic Average Shares": "-", "Diluted Average Shares": "-", "Total Operating Income as Reported": "143,890", "Total Expenses": "2,051,343", "Net Income from Continuing & Discontinued Operation": "69,037", "Normalized Income": "113,583", "Net Interest Income": "-46,807", "EBIT": "205,732", "EBITDA": "-", "Reconciled Cost of Revenue": "1,684,571", "Reconciled Depreciation": "91,773", "Net Income from Continuing Operation Net Minority Interest": "69,037", "Total Unusual Items Excluding Goodwill": "-61,842", "Total Unusual Items": "-61,842", "Normalized EBITDA": "359,347", "Tax Rate for Calcs": "0", "Tax Effect of Unusual Items": "-17,296"}, "12/31/2019": {"Duration": "12/31/2019", "Total Revenue": "2,176,683", "Cost of Revenue": "1,699,000", "Gross Profit": "477,683", "Operating Expense": "310,567", "Operating Income": "167,116", "Net Non Operating Interest Income Expense": "-46,489", "Other Income Expense": "-54,279", "Pretax Income": "66,348", "Tax Provision": "17,309", "Net Income Common Stockholders": "44,602", "Diluted NI Available to Com Stockholders": "44,602", "Basic EPS": "1.77", "Diluted EPS": "1.75", "Basic Average Shares": "25,130", "Diluted Average Shares": "25,453", "Total Operating Income as Reported": "129,313", "Total Expenses": "2,009,567", "Net Income from Continuing & Discontinued Operation": "44,602", "Normalized Income": "83,277", "Net Interest Income": "-46,489", "EBIT": "167,116", "EBITDA": "-", "Reconciled Cost of Revenue": "1,699,000", "Reconciled Depreciation": "99,849", "Net Income from Continuing Operation Net Minority Interest": "44,602", "Total Unusual Items Excluding Goodwill": "-52,326", "Total Unusual Items": "-52,326", "Normalized EBITDA": "319,291", "Tax Rate for Calcs": "0", "Tax Effect of Unusual Items": "-13,651"}, "12/31/2018": {"Duration": "12/31/2018", "Total Revenue": "2,170,103", "Cost of Revenue": "1,734,797", "Gross Profit": "435,306", "Operating Expense": "266,193", "Operating Income": "169,113", "Net Non Operating Interest Income Expense": "-39,008", "Other Income Expense": "-9,748", "Pretax Income": "120,357", "Tax Provision": "23,813", "Net Income Common Stockholders": "92,710", "Diluted NI Available to Com Stockholders": "92,710", "Basic EPS": "3.38", "Diluted EPS": "3.33", "Basic Average Shares": "27,412", "Diluted Average Shares": "27,865", "Total Operating Income as Reported": "162,246", "Total Expenses": "2,000,990", "Net Income from Continuing & Discontinued Operation": "92,710", "Normalized Income": "102,561", "Net Interest Income": "-39,008", "EBIT": "169,113", "EBITDA": "-", "Reconciled Cost of Revenue": "1,734,797", "Reconciled Depreciation": "87,672", "Net Income from Continuing Operation Net Minority Interest": "92,710", "Total Unusual Items Excluding Goodwill": "-12,281", "Total Unusual Items": "-12,281", "Normalized EBITDA": "269,066", "Tax Rate for Calcs": "0", "Tax Effect of Unusual Items": "-2,430"}}, "bs": {"12/31/2020": {"Duration": "12/31/2020", "Total Assets": "2,137,760", "Total Liabilities Net Minority Interest": "1,442,643", "Total Equity Gross Minority Interest": "695,117", "Total Capitalization": "1,477,199", "Common Stock Equity": "684,957", "Capital Lease Obligations": "158,902", "Net Tangible Assets": "376,873", "Working Capital": "584,353", "Invested Capital": "1,477,199", "Tangible Book Value": "376,873", "Total Debt": "951,144", "Net Debt": "427,568", "Share Issued": "24,423", "Ordinary Shares Number": "24,423"}, "12/31/2019": {"Duration": "12/31/2019", "Total Assets": "1,936,584", "Total Liabilities Net Minority Interest": "1,299,722", "Total Equity Gross Minority Interest": "636,862", "Total Capitalization": "1,415,866", "Common Stock Equity": "624,882", "Capital Lease Obligations": "131,477", "Net Tangible Assets": "256,158", "Working Capital": "466,388", "Invested Capital": "1,415,866", "Tangible Book Value": "256,158", "Total Debt": "922,461", "Net Debt": "624,020", "Share Issued": "24,870", "Ordinary Shares Number": "24,870"}, "12/31/2018": {"Duration": "12/31/2018", "Total Assets": "1,778,465", "Total Liabilities Net Minority Interest": "1,156,160", "Total Equity Gross Minority Interest": "622,305", "Total Capitalization": "1,406,825", "Common Stock Equity": "610,440", "Capital Lease Obligations": "13", "Net Tangible Assets": "218,098", "Working Capital": "451,287", "Invested Capital": "1,406,825", "Tangible Book Value": "218,098", "Total Debt": "796,398", "Net Debt": "680,729", "Share Issued": "25,836", "Ordinary Shares Number": "25,836"}}, "cf": {"TTM": {"Duration": "TTM", "Operating Cash Flow": "321,180", "Investing Cash Flow": "-73,890", "Financing Cash Flow": "-54,061", "End Cash Position": "375,234", "Income Tax Paid Supplemental Data": "24,336", "Interest Paid Supplemental Data": "45,380", "Capital Expenditure": "-72,908", "Issuance of Debt": "0", "Repayment of Debt": "-57", "Repurchase of Capital Stock": "-43,724", "Free Cash Flow": "248,272"}, "12/31/2020": {"Duration": "12/31/2020", "Operating Cash Flow": "321,180", "Investing Cash Flow": "-73,890", "Financing Cash Flow": "-54,061", "End Cash Position": "375,234", "Income Tax Paid Supplemental Data": "24,336", "Interest Paid Supplemental Data": "45,380", "Capital Expenditure": "-72,908", "Issuance of Debt": "0", "Repayment of Debt": "-57", "Repurchase of Capital Stock": "-43,724", "Free Cash Flow": "248,272"}, "12/31/2019": {"Duration": "12/31/2019", "Operating Cash Flow": "221,656", "Investing Cash Flow": "-82,126", "Financing Cash Flow": "-89,407", "End Cash Position": "177,608", "Income Tax Paid Supplemental Data": "14,809", "Interest Paid Supplemental Data": "44,388", "Capital Expenditure": "-82,720", "Issuance of Debt": "500,000", "Repayment of Debt": "-500,177", "Repurchase of Capital Stock": "-59,947", "Free Cash Flow": "138,936"}, "12/31/2018": {"Duration": "12/31/2018", "Operating Cash Flow": "203,232", "Investing Cash Flow": "-254,477", "Financing Cash Flow": "-10,048", "End Cash Position": "126,141", "Income Tax Paid Supplemental Data": "10,858", "Interest Paid Supplemental Data": "35,877", "Capital Expenditure": "-82,380", "Issuance of Debt": "300,000", "Repayment of Debt": "-125,363", "Repurchase of Capital Stock": "-166,916", "Free Cash Flow": "120,852"}}}}, {"PGEM": {"quote": {"05/07/2021": {"value": "", "Net Assets": "N/A", "Beta (5Y Monthly)": "N/A", "Yield": "N/A", "5y Average Return": "N/A", "Holdings Turnover": "N/A", "Last Dividend": "N/A", "Average for Category": "N/A", "Inception Date": "N/A"}}, "fin": {}, "bs": {}, "cf": {}}}, {"MDU": {"quote": {"05/07/2021": {"value": "34.55", "Market Cap": "6.841B", "Beta (5Y Monthly)": "0.73", "PE Ratio (TTM)": "16.61", "EPS (TTM)": "2.08", "Earnings Date": "Aug 02, 2021 - Aug 06, 2021", "Forward Dividend & Yield": "0.85 (2.46%)", "Ex-Dividend Date": "Mar 10, 2021", "1y Target Est": "34.25"}}, "fin": {"TTM": {"Duration": "TTM", "Total Revenue": "5,532,750", "Cost of Revenue": "4,485,472", "Gross Profit": "1,047,278", "Operating Expense": "502,353", "Operating Income": "544,925", "Net Non Operating Interest Income Expense": "-96,519", "Other Income Expense": "26,711", "Pretax Income": "475,117", "Tax Provision": "84,590", "Net Income Common Stockholders": "390,205", "Diluted NI Available to Com Stockholders": "390,205", "Basic EPS": "-", "Diluted EPS": "-", "Basic Average Shares": "-", "Diluted Average Shares": "-", "Total Operating Income as Reported": "544,925", "Total Expenses": "4,987,825", "Interest Expense": "96,519", "Net Interest Income": "-96,519", "Net Income from Continuing & Discontinued Operation": "390,205", "Normalized Income": "390,527", "EBIT": "571,636", "EBITDA": "856,736", "Reconciled Cost of Revenue": "4,485,472", "Reconciled Depreciation": "285,100", "Net Income from Continuing Operation Net Minority Interest": "390,527", "Normalized EBITDA": "856,736", "Tax Rate for Calcs": "0", "Tax Effect of Unusual Items": "0"}, "12/31/2020": {"Duration": "12/31/2020", "Total Revenue": "5,532,750", "Cost of Revenue": "4,485,472", "Gross Profit": "1,047,278", "Operating Expense": "502,353", "Operating Income": "544,925", "Net Non Operating Interest Income Expense": "-96,519", "Other Income Expense": "26,711", "Pretax Income": "475,117", "Tax Provision": "84,590", "Net Income Common Stockholders": "390,205", "Diluted NI Available to Com Stockholders": "390,205", "Basic EPS": "-", "Diluted EPS": "-", "Basic Average Shares": "-", "Diluted Average Shares": "-", "Total Operating Income as Reported": "544,925", "Total Expenses": "4,987,825", "Interest Expense": "96,519", "Net Interest Income": "-96,519", "Net Income from Continuing & Discontinued Operation": "390,205", "Normalized Income": "390,527", "EBIT": "571,636", "EBITDA": "-", "Reconciled Cost of Revenue": "4,485,472", "Reconciled Depreciation": "285,100", "Net Income from Continuing Operation Net Minority Interest": "390,527", "Normalized EBITDA": "856,736", "Tax Rate for Calcs": "0", "Tax Effect of Unusual Items": "0"}, "12/31/2019": {"Duration": "12/31/2019", "Total Revenue": "5,336,776", "Cost of Revenue": "4,403,396", "Gross Profit": "933,380", "Operating Expense": "452,160", "Operating Income": "481,220", "Net Non Operating Interest Income Expense": "-98,587", "Other Income Expense": "15,812", "Pretax Income": "398,445", "Tax Provision": "63,279", "Net Income Common Stockholders": "335,453", "Diluted NI Available to Com Stockholders": "335,453", "Basic EPS": "1.69", "Diluted EPS": "1.69", "Basic Average Shares": "198,600", "Diluted Average Shares": "198,600", "Total Operating Income as Reported": "481,220", "Total Expenses": "4,855,556", "Interest Expense": "98,587", "Net Interest Income": "-98,587", "Net Income from Continuing & Discontinued Operation": "335,453", "Normalized Income": "335,166", "EBIT": "497,032", "EBITDA": "-", "Reconciled Cost of Revenue": "4,403,396", "Reconciled Depreciation": "256,017", "Net Income from Continuing Operation Net Minority Interest": "335,166", "Normalized EBITDA": "753,049", "Tax Rate for Calcs": "0", "Tax Effect of Unusual Items": "0"}, "12/31/2018": {"Duration": "12/31/2018", "Total Revenue": "4,531,552", "Cost of Revenue": "3,740,986", "Gross Profit": "790,566", "Operating Expense": "388,843", "Operating Income": "401,723", "Net Non Operating Interest Income Expense": "-84,614", "Other Income Expense": "-238", "Pretax Income": "316,871", "Tax Provision": "47,485", "Net Income Common Stockholders": "272,318", "Diluted NI Available to Com Stockholders": "272,318", "Basic EPS": "1.39", "Diluted EPS": "1.39", "Basic Average Shares": "195,700", "Diluted Average Shares": "196,200", "Total Operating Income as Reported": "401,723", "Total Expenses": "4,129,829", "Interest Expense": "84,614", "Net Interest Income": "-84,614", "Net Income from Continuing & Discontinued Operation": "272,318", "Normalized Income": "269,386", "EBIT": "401,485", "EBITDA": "-", "Reconciled Cost of Revenue": "3,740,986", "Reconciled Depreciation": "220,205", "Net Income from Continuing Operation Net Minority Interest": "269,386", "Normalized EBITDA": "621,690", "Tax Rate for Calcs": "0", "Tax Effect of Unusual Items": "0"}}, "bs": {"12/31/2020": {"Duration": "12/31/2020", "Total Assets": "8,053,372", "Total Liabilities Net Minority Interest": "4,974,267", "Total Equity Gross Minority Interest": "3,079,105", "Total Capitalization": "5,290,680", "Common Stock Equity": "3,079,105", "Capital Lease Obligations": "120,523", "Net Tangible Assets": "2,338,646", "Working Capital": "373,825", "Invested Capital": "5,342,235", "Tangible Book Value": "2,338,646", "Total Debt": "2,383,653", "Net Debt": "2,203,583", "Share Issued": "201,061", "Ordinary Shares Number": "200,522", "Treasury Shares Number": "538.921"}, "12/31/2019": {"Duration": "12/31/2019", "Total Assets": "7,683,059", "Total Liabilities Net Minority Interest": "4,835,813", "Total Equity Gross Minority Interest": "2,847,246", "Total Capitalization": "5,073,813", "Common Stock Equity": "2,847,246", "Capital Lease Obligations": "115,406", "Net Tangible Assets": "2,150,642", "Working Capital": "431,274", "Invested Capital": "5,090,353", "Tangible Book Value": "2,150,642", "Total Debt": "2,358,513", "Net Debt": "2,176,648", "Share Issued": "200,923", "Ordinary Shares Number": "200,384", "Treasury Shares Number": "538.921"}, "12/31/2018": {"Duration": "12/31/2018", "Total Assets": "6,988,110", "Total Liabilities Net Minority Interest": "4,421,335", "Total Equity Gross Minority Interest": "2,566,775", "Total Capitalization": "4,423,616", "Common Stock Equity": "2,566,775", "Capital Lease Obligations": "-", "Net Tangible Assets": "1,891,038", "Working Capital": "198,082", "Invested Capital": "4,675,470", "Tangible Book Value": "1,891,038", "Total Debt": "2,108,695", "Net Debt": "2,054,747", "Share Issued": "196,565", "Ordinary Shares Number": "196,026", "Treasury Shares Number": "538.921"}}, "cf": {"TTM": {"Duration": "TTM", "Operating Cash Flow": "768,374", "Investing Cash Flow": "-630,243", "Financing Cash Flow": "-145,043", "End Cash Position": "59,547", "Capital Expenditure": "-558,007", "Issuance of Capital Stock": "3,385", "Issuance of Debt": "191,973", "Repayment of Debt": "-173,634", "Repurchase of Capital Stock": "0", "Free Cash Flow": "210,367"}, "12/31/2020": {"Duration": "12/31/2020", "Operating Cash Flow": "768,374", "Investing Cash Flow": "-630,243", "Financing Cash Flow": "-145,043", "End Cash Position": "59,547", "Capital Expenditure": "-558,007", "Issuance of Capital Stock": "3,385", "Issuance of Debt": "191,973", "Repayment of Debt": "-173,634", "Repurchase of Capital Stock": "0", "Free Cash Flow": "210,367"}, "12/31/2019": {"Duration": "12/31/2019", "Operating Cash Flow": "542,280", "Investing Cash Flow": "-603,861", "Financing Cash Flow": "74,092", "End Cash Position": "66,459", "Capital Expenditure": "-576,065", "Issuance of Capital Stock": "106,848", "Issuance of Debt": "769,432", "Repayment of Debt": "-638,917", "Repurchase of Capital Stock": "0", "Free Cash Flow": "-33,785"}, "12/31/2018": {"Duration": "12/31/2018", "Operating Cash Flow": "499,881", "Investing Cash Flow": "-710,907", "Financing Cash Flow": "230,376", "End Cash Position": "53,948", "Capital Expenditure": "-568,230", "Issuance of Capital Stock": "-", "Issuance of Debt": "566,829", "Repayment of Debt": "-174,520", "Repurchase of Capital Stock": "-5,020", "Free Cash Flow": "-68,349"}}}}, {"CCOM": {"quote": {"05/07/2021": {"value": "0.8725", "Market Cap": "3.788M", "Beta (5Y Monthly)": "N/A", "PE Ratio (TTM)": "7.59", "EPS (TTM)": "0.1150", "Earnings Date": "Apr 29, 2021", "Forward Dividend & Yield": "N/A (N/A)", "Ex-Dividend Date": "N/A", "1y Target Est": "N/A"}}, "fin": {}, "bs": {}, "cf": {}}}, {"MLM": {"quote": {"05/07/2021": {"value": "378.28", "Market Cap": "23.593B", "Beta (5Y Monthly)": "0.65", "PE Ratio (TTM)": "31.08", "EPS (TTM)": "12.17", "Earnings Date": "Jul 26, 2021 - Jul 30, 2021", "Forward Dividend & Yield": "2.28 (0.61%)", "Ex-Dividend Date": "Feb 26, 2021", "1y Target Est": "373.30"}}, "fin": {"TTM": {"Duration": "TTM", "Total Revenue": "4,754,100", "Cost of Revenue": "3,469,000", "Gross Profit": "1,285,100", "Operating Expense": "236,000", "Operating Income": "1,049,100", "Net Non Operating Interest Income Expense": "-115,700", "Other Income Expense": "11,300", "Pretax Income": "944,700", "Tax Provision": "184,000", "Net Income Common Stockholders": "759,700", "Diluted NI Available to Com Stockholders": "759,700", "Basic EPS": "-", "Diluted EPS": "-", "Basic Average Shares": "-", "Diluted Average Shares": "-", "Total Operating Income as Reported": "1,046,900", "Total Expenses": "3,705,000", "Interest Expense": "115,700", "Net Interest Income": "-115,700", "Net Income from Continuing & Discontinued Operation": "760,400", "Normalized Income": "762,172", "EBIT": "1,060,400", "EBITDA": "1,457,500", "Reconciled Cost of Revenue": "3,469,000", "Reconciled Depreciation": "397,100", "Net Income from Continuing Operation Net Minority Interest": "760,400", "Total Unusual Items Excluding Goodwill": "-2,200", "Total Unusual Items": "-2,200", "Normalized EBITDA": "1,459,700", "Tax Rate for Calcs": "0", "Tax Effect of Unusual Items": "-428.4958"}, "12/31/2020": {"Duration": "12/31/2020", "Total Revenue": "4,729,900", "Cost of Revenue": "3,477,100", "Gross Profit": "1,252,800", "Operating Expense": "246,100", "Operating Income": "1,006,700", "Net Non Operating Interest Income Expense": "-118,100", "Other Income Expense": "700", "Pretax Income": "889,300", "Tax Provision": "168,200", "Net Income Common Stockholders": "720,400", "Diluted NI Available to Com Stockholders": "720,400", "Basic EPS": "-", "Diluted EPS": "-", "Basic Average Shares": "-", "Diluted Average Shares": "-", "Total Operating Income as Reported": "1,005,400", "Total Expenses": "3,723,200", "Interest Expense": "118,100", "Net Interest Income": "-118,100", "Net Income from Continuing & Discontinued Operation": "721,000", "Normalized Income": "722,054", "EBIT": "1,007,400", "EBITDA": "-", "Reconciled Cost of Revenue": "3,477,100", "Reconciled Depreciation": "393,500", "Net Income from Continuing Operation Net Minority Interest": "721,000", "Total Unusual Items Excluding Goodwill": "-1,300", "Total Unusual Items": "-1,300", "Normalized EBITDA": "1,402,200", "Tax Rate for Calcs": "0", "Tax Effect of Unusual Items": "-245.7"}, "12/31/2019": {"Duration": "12/31/2019", "Total Revenue": "4,739,100", "Cost of Revenue": "3,560,100", "Gross Profit": "1,179,000", "Operating Expense": "293,600", "Operating Income": "885,400", "Net Non Operating Interest Income Expense": "-129,300", "Other Income Expense": "-7,800", "Pretax Income": "748,300", "Tax Provision": "136,300", "Net Income Common Stockholders": "611,000", "Diluted NI Available to Com Stockholders": "611,000", "Basic EPS": "9.77", "Diluted EPS": "9.74", "Basic Average Shares": "62,528", "Diluted Average Shares": "62,710", "Total Operating Income as Reported": "884,900", "Total Expenses": "3,853,700", "Interest Expense": "129,300", "Net Interest Income": "-129,300", "Net Income from Continuing & Discontinued Operation": "611,900", "Normalized Income": "612,309", "EBIT": "877,600", "EBITDA": "-", "Reconciled Cost of Revenue": "3,560,100", "Reconciled Depreciation": "371,500", "Net Income from Continuing Operation Net Minority Interest": "611,900", "Total Unusual Items Excluding Goodwill": "-500", "Total Unusual Items": "-500", "Normalized EBITDA": "1,249,600", "Tax Rate for Calcs": "0", "Tax Effect of Unusual Items": "-91"}, "12/31/2018": {"Duration": "12/31/2018", "Total Revenue": "4,244,265", "Cost of Revenue": "3,277,688", "Gross Profit": "966,577", "Operating Expense": "262,361", "Operating Income": "704,216", "Net Non Operating Interest Income Expense": "-137,069", "Other Income Expense": "8,934", "Pretax Income": "576,081", "Tax Provision": "105,705", "Net Income Common Stockholders": "469,192", "Diluted NI Available to Com Stockholders": "469,192", "Basic EPS": "7.46", "Diluted EPS": "7.43", "Basic Average Shares": "62,895", "Diluted Average Shares": "63,147", "Total Operating Income as Reported": "690,737", "Total Expenses": "3,540,049", "Interest Expense": "137,069", "Net Interest Income": "-137,069", "Net Income from Continuing & Discontinued Operation": "469,998", "Normalized Income": "481,010", "EBIT": "713,150", "EBITDA": "-", "Reconciled Cost of Revenue": "3,277,688", "Reconciled Depreciation": "344,033", "Net Income from Continuing Operation Net Minority Interest": "469,998", "Total Unusual Items Excluding Goodwill": "-13,479", "Total Unusual Items": "-13,479", "Normalized EBITDA": "1,070,662", "Tax Rate for Calcs": "0", "Tax Effect of Unusual Items": "-2,467"}}, "bs": {"12/31/2020": {"Duration": "12/31/2020", "Total Assets": "10,580,800", "Total Liabilities Net Minority Interest": "4,687,500", "Total Equity Gross Minority Interest": "5,893,300", "Total Capitalization": "8,516,500", "Common Stock Equity": "5,890,700", "Capital Lease Obligations": "459,000", "Net Tangible Assets": "2,968,700", "Working Capital": "1,169,000", "Invested Capital": "8,516,500", "Tangible Book Value": "2,968,700", "Total Debt": "3,084,800", "Net Debt": "2,418,500", "Share Issued": "62,300", "Ordinary Shares Number": "62,300"}, "12/31/2019": {"Duration": "12/31/2019", "Total Assets": "10,131,600", "Total Liabilities Net Minority Interest": "4,778,300", "Total Equity Gross Minority Interest": "5,353,300", "Total Capitalization": "7,784,400", "Common Stock Equity": "5,350,800", "Capital Lease Obligations": "486,600", "Net Tangible Assets": "2,467,200", "Working Capital": "588,200", "Invested Capital": "8,124,400", "Tangible Book Value": "2,467,200", "Total Debt": "3,260,200", "Net Debt": "2,752,600", "Share Issued": "62,400", "Ordinary Shares Number": "62,400"}, "12/31/2018": {"Duration": "12/31/2018", "Total Assets": "9,551,419", "Total Liabilities Net Minority Interest": "4,602,007", "Total Equity Gross Minority Interest": "4,949,412", "Total Capitalization": "7,676,802", "Common Stock Equity": "4,946,363", "Capital Lease Obligations": "-", "Net Tangible Assets": "2,045,963", "Working Capital": "579,066", "Invested Capital": "8,066,844", "Tangible Book Value": "2,045,963", "Total Debt": "3,120,481", "Net Debt": "3,075,589", "Share Issued": "62,515", "Ordinary Shares Number": "62,515"}}, "cf": {"TTM": {"Duration": "TTM", "Operating Cash Flow": "1,135,300", "Investing Cash Flow": "-402,500", "Financing Cash Flow": "-802,000", "End Cash Position": "354,800", "Capital Expenditure": "-365,900", "Issuance of Debt": "10,100", "Repayment of Debt": "-655,000", "Repurchase of Capital Stock": "-17,300", "Free Cash Flow": "769,400"}, "12/31/2020": {"Duration": "12/31/2020", "Operating Cash Flow": "1,050,100", "Investing Cash Flow": "-409,700", "Financing Cash Flow": "-357,000", "End Cash Position": "304,400", "Capital Expenditure": "-359,700", "Issuance of Debt": "628,100", "Repayment of Debt": "-780,600", "Repurchase of Capital Stock": "-64,500", "Free Cash Flow": "690,400"}, "12/31/2019": {"Duration": "12/31/2019", "Operating Cash Flow": "966,100", "Investing Cash Flow": "-385,900", "Financing Cash Flow": "-604,100", "End Cash Position": "21,000", "Capital Expenditure": "-393,500", "Issuance of Debt": "625,000", "Repayment of Debt": "-986,100", "Repurchase of Capital Stock": "-126,300", "Free Cash Flow": "572,600"}, "12/31/2018": {"Duration": "12/31/2018", "Operating Cash Flow": "705,148", "Investing Cash Flow": "-1,948,206", "Financing Cash Flow": "-158,414", "End Cash Position": "44,892", "Capital Expenditure": "-375,954", "Issuance of Debt": "1,000,000", "Repayment of Debt": "-913,538", "Repurchase of Capital Stock": "-112,242", "Free Cash Flow": "329,194"}}}}, {"TGLS": {"quote": {"05/07/2021": {"value": "12.24", "Market Cap": "583.54M", "Beta (5Y Monthly)": "1.73", "PE Ratio (TTM)": "23.54", "EPS (TTM)": "0.52", "Earnings Date": "May 07, 2021", "Forward Dividend & Yield": "0.11 (0.91%)", "Ex-Dividend Date": "Mar 30, 2021", "1y Target Est": "12.40"}}, "fin": {"TTM": {"Duration": "TTM", "Total Revenue": "374,923", "Cost of Revenue": "235,669", "Gross Profit": "139,254", "Operating Expense": "72,110", "Operating Income": "67,144", "Net Non Operating Interest Income Expense": "-22,695", "Other Income Expense": "-7,263", "Pretax Income": "37,186", "Tax Provision": "13,001", "Net Income Common Stockholders": "24,210", "Diluted NI Available to Com Stockholders": "24,210", "Basic EPS": "-", "Diluted EPS": "-", "Basic Average Shares": "-", "Diluted Average Shares": "-", "Total Operating Income as Reported": "66,120", "Rent Expense Supplemental": "830", "Total Expenses": "307,779", "Net Income from Continuing & Discontinued Operation": "24,210", "Normalized Income": "29,833", "Interest Expense": "21,671", "Net Interest Income": "-22,695", "EBIT": "58,857", "EBITDA": "79,447", "Reconciled Cost of Revenue": "218,766", "Reconciled Depreciation": "20,590", "Net Income from Continuing Operation Net Minority Interest": "24,210", "Total Unusual Items Excluding Goodwill": "-8,638", "Total Unusual Items": "-8,638", "Normalized EBITDA": "88,085", "Tax Rate for Calcs": "0", "Tax Effect of Unusual Items": "-3,015"}, "12/31/2020": {"Duration": "12/31/2020", "Total Revenue": "374,923", "Cost of Revenue": "235,669", "Gross Profit": "139,254", "Operating Expense": "72,110", "Operating Income": "67,144", "Net Non Operating Interest Income Expense": "-22,695", "Other Income Expense": "-7,263", "Pretax Income": "37,186", "Tax Provision": "13,001", "Net Income Common Stockholders": "24,210", "Diluted NI Available to Com Stockholders": "24,210", "Basic EPS": "-", "Diluted EPS": "-", "Basic Average Shares": "-", "Diluted Average Shares": "-", "Total Operating Income as Reported": "66,120", "Rent Expense Supplemental": "830", "Total Expenses": "307,779", "Net Income from Continuing & Discontinued Operation": "24,210", "Normalized Income": "29,833", "Interest Expense": "21,671", "Net Interest Income": "-22,695", "EBIT": "58,857", "EBITDA": "-", "Reconciled Cost of Revenue": "218,766", "Reconciled Depreciation": "20,590", "Net Income from Continuing Operation Net Minority Interest": "24,210", "Total Unusual Items Excluding Goodwill": "-8,638", "Total Unusual Items": "-8,638", "Normalized EBITDA": "88,085", "Tax Rate for Calcs": "0", "Tax Effect of Unusual Items": "-3,015"}, "12/31/2019": {"Duration": "12/31/2019", "Total Revenue": "430,912", "Cost of Revenue": "295,103", "Gross Profit": "135,809", "Operating Expense": "75,818", "Operating Income": "59,991", "Net Non Operating Interest Income Expense": "-23,982", "Other Income Expense": "1,188", "Pretax Income": "37,197", "Tax Provision": "12,928", "Net Income Common Stockholders": "24,269", "Diluted NI Available to Com Stockholders": "24,269", "Basic EPS": "0.55", "Diluted EPS": "0.55", "Basic Average Shares": "44,464", "Diluted Average Shares": "44,464", "Total Operating Income as Reported": "58,815", "Rent Expense Supplemental": "803", "Total Expenses": "370,921", "Net Income from Continuing & Discontinued Operation": "24,535", "Normalized Income": "25,169", "Interest Expense": "22,806", "Net Interest Income": "-23,982", "EBIT": "60,003", "EBITDA": "-", "Reconciled Cost of Revenue": "276,550", "Reconciled Depreciation": "22,735", "Net Income from Continuing Operation Net Minority Interest": "24,535", "Total Unusual Items Excluding Goodwill": "-973", "Total Unusual Items": "-973", "Normalized EBITDA": "83,711", "Tax Rate for Calcs": "0", "Tax Effect of Unusual Items": "-338.604"}, "12/31/2018": {"Duration": "12/31/2018", "Total Revenue": "370,984", "Cost of Revenue": "250,767", "Gross Profit": "120,217", "Operating Expense": "71,947", "Operating Income": "48,270", "Net Non Operating Interest Income Expense": "-22,262", "Other Income Expense": "-11,546", "Pretax Income": "14,462", "Tax Provision": "5,976", "Net Income Common Stockholders": "8,486", "Diluted NI Available to Com Stockholders": "8,486", "Basic EPS": "0.23", "Diluted EPS": "0.22", "Basic Average Shares": "37,512", "Diluted Average Shares": "38,063", "Total Operating Income as Reported": "47,195", "Rent Expense Supplemental": "854", "Total Expenses": "322,714", "Net Income from Continuing & Discontinued Operation": "9,031", "Normalized Income": "19,588", "Interest Expense": "21,187", "Net Interest Income": "-22,262", "EBIT": "35,649", "EBITDA": "-", "Reconciled Cost of Revenue": "232,497", "Reconciled Depreciation": "23,157", "Net Income from Continuing Operation Net Minority Interest": "9,031", "Total Unusual Items Excluding Goodwill": "-14,461", "Total Unusual Items": "-14,461", "Normalized EBITDA": "73,267", "Tax Rate for Calcs": "0", "Tax Effect of Unusual Items": "-3,904"}}, "bs": {"12/31/2020": {"Duration": "12/31/2020", "Total Assets": "532,025", "Total Liabilities Net Minority Interest": "319,057", "Total Equity Gross Minority Interest": "212,968", "Total Capitalization": "435,104", "Common Stock Equity": "212,382", "Net Tangible Assets": "183,709", "Working Capital": "195,260", "Invested Capital": "436,868", "Tangible Book Value": "183,709", "Total Debt": "224,486", "Net Debt": "157,587", "Share Issued": "47,675", "Ordinary Shares Number": "47,675"}, "12/31/2019": {"Duration": "12/31/2019", "Total Assets": "569,668", "Total Liabilities Net Minority Interest": "382,458", "Total Equity Gross Minority Interest": "187,210", "Total Capitalization": "430,331", "Common Stock Equity": "186,604", "Net Tangible Assets": "156,340", "Working Capital": "193,838", "Invested Capital": "446,415", "Tangible Book Value": "156,340", "Total Debt": "259,811", "Net Debt": "211,949", "Share Issued": "46,118", "Ordinary Shares Number": "46,118"}, "12/31/2018": {"Duration": "12/31/2018", "Total Assets": "489,774", "Total Liabilities Net Minority Interest": "356,546", "Total Equity Gross Minority Interest": "133,228", "Total Capitalization": "353,665", "Common Stock Equity": "132,356", "Net Tangible Assets": "99,789", "Working Capital": "170,804", "Invested Capital": "375,271", "Tangible Book Value": "99,789", "Total Debt": "242,915", "Net Debt": "209,875", "Share Issued": "38,093", "Ordinary Shares Number": "38,093"}}, "cf": {"TTM": {"Duration": "TTM", "Operating Cash Flow": "71,434", "Investing Cash Flow": "-18,064", "Financing Cash Flow": "-33,536", "End Cash Position": "66,899", "Income Tax Paid Supplemental Data": "10,863", "Interest Paid Supplemental Data": "19,168", "Capital Expenditure": "-18,323", "Issuance of Capital Stock": "0", "Issuance of Debt": "41,343", "Repayment of Debt": "-64,694", "Free Cash Flow": "53,111"}, "12/31/2020": {"Duration": "12/31/2020", "Operating Cash Flow": "71,434", "Investing Cash Flow": "-18,064", "Financing Cash Flow": "-33,536", "End Cash Position": "66,899", "Income Tax Paid Supplemental Data": "10,863", "Interest Paid Supplemental Data": "19,168", "Capital Expenditure": "-18,323", "Issuance of Capital Stock": "0", "Issuance of Debt": "41,343", "Repayment of Debt": "-64,694", "Free Cash Flow": "53,111"}, "12/31/2019": {"Duration": "12/31/2019", "Operating Cash Flow": "26,739", "Investing Cash Flow": "-59,153", "Financing Cash Flow": "47,271", "End Cash Position": "47,862", "Income Tax Paid Supplemental Data": "12,296", "Interest Paid Supplemental Data": "19,660", "Capital Expenditure": "-24,952", "Issuance of Capital Stock": "36,478", "Issuance of Debt": "45,527", "Repayment of Debt": "-29,507", "Free Cash Flow": "1,787"}, "12/31/2018": {"Duration": "12/31/2018", "Operating Cash Flow": "-5,031", "Investing Cash Flow": "-18,726", "Financing Cash Flow": "17,026", "End Cash Position": "33,040", "Income Tax Paid Supplemental Data": "8,399", "Interest Paid Supplemental Data": "18,223", "Capital Expenditure": "-13,117", "Issuance of Capital Stock": "-", "Issuance of Debt": "28,600", "Repayment of Debt": "-8,860", "Free Cash Flow": "-18,148"}}}}, {"USLM": {"quote": {"05/07/2021": {"value": "142.76", "Market Cap": "807.353M", "Beta (5Y Monthly)": "0.61", "PE Ratio (TTM)": "27.15", "EPS (TTM)": "5.26", "Earnings Date": "Jul 27, 2021 - Aug 02, 2021", "Forward Dividend & Yield": "0.64 (0.45%)", "Ex-Dividend Date": "May 20, 2021", "1y Target Est": "N/A"}}, "fin": {"TTM": {"Duration": "TTM", "Total Revenue": "163,938", "Cost of Revenue": "114,423", "Gross Profit": "49,515", "Operating Expense": "12,016", "Operating Income": "37,499", "Net Non Operating Interest Income Expense": "-10", "Other Income Expense": "-", "Pretax Income": "35,939", "Tax Provision": "6,229", "Net Income Common Stockholders": "29,710", "Diluted NI Available to Com Stockholders": "29,710", "Basic EPS": "-", "Diluted EPS": "-", "Basic Average Shares": "-", "Diluted Average Shares": "-", "Total Operating Income as Reported": "35,949", "Total Expenses": "126,439", "Interest Income": "238", "Interest Expense": "248", "Net Interest Income": "-10", "Net Income from Continuing & Discontinued Operation": "29,710", "Normalized Income": "30,991", "EBIT": "36,187", "EBITDA": "56,484", "Reconciled Cost of Revenue": "114,423", "Reconciled Depreciation": "20,297", "Net Income from Continuing Operation Net Minority Interest": "29,710", "Total Unusual Items Excluding Goodwill": "-1,550", "Total Unusual Items": "-1,550", "Normalized EBITDA": "58,034", "Tax Rate for Calcs": "0", "Tax Effect of Unusual Items": "-268.6483"}, "12/31/2020": {"Duration": "12/31/2020", "Total Revenue": "160,704", "Cost of Revenue": "113,117", "Gross Profit": "47,587", "Operating Expense": "12,168", "Operating Income": "35,419", "Net Non Operating Interest Income Expense": "203", "Other Income Expense": "-1,550", "Pretax Income": "34,072", "Tax Provision": "5,849", "Net Income Common Stockholders": "28,223", "Diluted NI Available to Com Stockholders": "28,223", "Basic EPS": "5.01", "Diluted EPS": "5.00", "Basic Average Shares": "5,629", "Diluted Average Shares": "5,640", "Total Operating Income as Reported": "33,869", "Total Expenses": "125,285", "Interest Income": "451", "Interest Expense": "248", "Net Interest Income": "203", "Net Income from Continuing & Discontinued Operation": "28,223", "Normalized Income": "29,506", "EBIT": "34,320", "EBITDA": "-", "Reconciled Cost of Revenue": "113,117", "Reconciled Depreciation": "19,611", "Net Income from Continuing Operation Net Minority Interest": "28,223", "Total Unusual Items Excluding Goodwill": "-1,550", "Total Unusual Items": "-1,550", "Normalized EBITDA": "55,481", "Tax Rate for Calcs": "0", "Tax Effect of Unusual Items": "-266.6"}, "12/31/2019": {"Duration": "12/31/2019", "Total Revenue": "158,277", "Cost of Revenue": "116,601", "Gross Profit": "41,676", "Operating Expense": "11,500", "Operating Income": "30,176", "Net Non Operating Interest Income Expense": "1,654", "Other Income Expense": "-930", "Pretax Income": "30,900", "Tax Provision": "4,844", "Net Income Common Stockholders": "26,056", "Diluted NI Available to Com Stockholders": "26,056", "Basic EPS": "4.64", "Diluted EPS": "4.64", "Basic Average Shares": "5,612", "Diluted Average Shares": "5,621", "Total Operating Income as Reported": "29,246", "Total Expenses": "128,101", "Interest Income": "1,898", "Interest Expense": "244", "Net Interest Income": "1,654", "Net Income from Continuing & Discontinued Operation": "26,056", "Normalized Income": "26,840", "EBIT": "31,144", "EBITDA": "-", "Reconciled Cost of Revenue": "116,601", "Reconciled Depreciation": "17,617", "Net Income from Continuing Operation Net Minority Interest": "26,056", "Total Unusual Items Excluding Goodwill": "-930", "Total Unusual Items": "-930", "Normalized EBITDA": "49,691", "Tax Rate for Calcs": "0", "Tax Effect of Unusual Items": "-146.01"}, "12/31/2018": {"Duration": "12/31/2018", "Total Revenue": "144,435", "Cost of Revenue": "113,949", "Gross Profit": "30,486", "Operating Expense": "10,484", "Operating Income": "20,002", "Net Non Operating Interest Income Expense": "1,566", "Other Income Expense": "-", "Pretax Income": "21,568", "Tax Provision": "1,883", "Net Income Common Stockholders": "19,685", "Diluted NI Available to Com Stockholders": "19,685", "Basic EPS": "3.52", "Diluted EPS": "3.51", "Basic Average Shares": "5,595", "Diluted Average Shares": "5,602", "Total Operating Income as Reported": "20,002", "Total Expenses": "124,433", "Interest Income": "1,809", "Interest Expense": "243", "Net Interest Income": "1,566", "Net Income from Continuing & Discontinued Operation": "19,685", "Normalized Income": "19,685", "EBIT": "21,811", "EBITDA": "-", "Reconciled Cost of Revenue": "113,949", "Reconciled Depreciation": "17,603", "Net Income from Continuing Operation Net Minority Interest": "19,685", "Total Unusual Items Excluding Goodwill": "-", "Total Unusual Items": "-", "Normalized EBITDA": "39,414", "Tax Rate for Calcs": "0", "Tax Effect of Unusual Items": "0"}}, "bs": {"12/31/2020": {"Duration": "12/31/2020", "Total Assets": "279,098", "Total Liabilities Net Minority Interest": "35,906", "Total Equity Gross Minority Interest": "243,192", "Total Capitalization": "243,192", "Common Stock Equity": "243,192", "Capital Lease Obligations": "2,217", "Net Tangible Assets": "243,192", "Working Capital": "112,408", "Invested Capital": "243,192", "Tangible Book Value": "243,192", "Total Debt": "2,217", "Share Issued": "6,658", "Ordinary Shares Number": "5,648", "Treasury Shares Number": "1,010"}, "12/31/2019": {"Duration": "12/31/2019", "Total Assets": "247,037", "Total Liabilities Net Minority Interest": "29,905", "Total Equity Gross Minority Interest": "217,132", "Total Capitalization": "217,132", "Common Stock Equity": "217,132", "Capital Lease Obligations": "3,160", "Net Tangible Assets": "217,132", "Working Capital": "83,276", "Invested Capital": "217,132", "Tangible Book Value": "217,132", "Total Debt": "3,160", "Share Issued": "5,623", "Ordinary Shares Number": "5,623", "Treasury Shares Number": "-"}, "12/31/2018": {"Duration": "12/31/2018", "Total Assets": "244,671", "Total Liabilities Net Minority Interest": "21,704", "Total Equity Gross Minority Interest": "222,967", "Total Capitalization": "222,967", "Common Stock Equity": "222,967", "Capital Lease Obligations": "-", "Net Tangible Assets": "222,967", "Working Capital": "93,395", "Invested Capital": "222,967", "Tangible Book Value": "222,967", "Total Debt": "-", "Share Issued": "6,606", "Ordinary Shares Number": "5,607", "Treasury Shares Number": "998.699"}}, "cf": {"TTM": {"Duration": "TTM", "Operating Cash Flow": "58,689", "Investing Cash Flow": "-23,637", "Financing Cash Flow": "-4,197", "End Cash Position": "89,651", "Capital Expenditure": "-15,570", "Repayment of Debt": "-", "Repurchase of Capital Stock": "-588", "Free Cash Flow": "43,119"}, "12/31/2020": {"Duration": "12/31/2020", "Operating Cash Flow": "58,575", "Investing Cash Flow": "-25,194", "Financing Cash Flow": "-4,079", "End Cash Position": "83,562", "Capital Expenditure": "-17,133", "Repayment of Debt": "-", "Repurchase of Capital Stock": "-557", "Free Cash Flow": "41,442"}, "12/31/2019": {"Duration": "12/31/2019", "Operating Cash Flow": "47,011", "Investing Cash Flow": "-26,542", "Financing Cash Flow": "-33,427", "End Cash Position": "54,260", "Capital Expenditure": "-27,100", "Repayment of Debt": "-", "Repurchase of Capital Stock": "-444", "Free Cash Flow": "19,911"}, "12/31/2018": {"Duration": "12/31/2018", "Operating Cash Flow": "38,735", "Investing Cash Flow": "-53,157", "Financing Cash Flow": "-3,360", "End Cash Position": "67,218", "Capital Expenditure": "-53,762", "Repayment of Debt": "-", "Repurchase of Capital Stock": "-411", "Free Cash Flow": "-15,027"}}}}, {"SUM": {"quote": {"05/07/2021": {"value": "30.95", "Market Cap": "3.609B", "Beta (5Y Monthly)": "1.34", "PE Ratio (TTM)": "25.79", "EPS (TTM)": "1.20", "Earnings Date": "May 10, 2021", "Forward Dividend & Yield": "N/A (N/A)", "Ex-Dividend Date": "N/A", "1y Target Est": "31.13"}}, "fin": {"TTM": {"Duration": "TTM", "Total Revenue": "2,332,451", "Cost of Revenue": "1,583,996", "Gross Profit": "748,455", "Operating Expense": "530,851", "Operating Income": "217,604", "Net Non Operating Interest Income Expense": "-107,659", "Other Income Expense": "19,110", "Pretax Income": "129,055", "Tax Provision": "-12,185", "Net Income Common Stockholders": "137,967", "Diluted NI Available to Com Stockholders": "137,967", "Basic EPS": "-", "Diluted EPS": "-", "Basic Average Shares": "-", "Diluted Average Shares": "-", "Total Operating Income as Reported": "225,173", "Total Expenses": "2,114,847", "Net Income from Continuing & Discontinued Operation": "137,967", "Normalized Income": "133,426", "Interest Expense": "103,595", "Net Interest Income": "-107,659", "EBIT": "232,650", "EBITDA": "460,467", "Reconciled Cost of Revenue": "1,577,499", "Reconciled Depreciation": "227,817", "Net Income from Continuing Operation Net Minority Interest": "137,967", "Total Unusual Items Excluding Goodwill": "7,569", "Total Unusual Items": "7,569", "Normalized EBITDA": "452,898", "Tax Rate for Calcs": "0", "Tax Effect of Unusual Items": "3,028"}, "12/31/2020": {"Duration": "12/31/2020", "Total Revenue": "2,332,451", "Cost of Revenue": "1,583,996", "Gross Profit": "748,455", "Operating Expense": "530,851", "Operating Income": "217,604", "Net Non Operating Interest Income Expense": "-107,659", "Other Income Expense": "19,110", "Pretax Income": "129,055", "Tax Provision": "-12,185", "Net Income Common Stockholders": "137,967", "Diluted NI Available to Com Stockholders": "137,967", "Basic EPS": "1.21", "Diluted EPS": "1.20", "Basic Average Shares": "114,227", "Diluted Average Shares": "114,632", "Total Operating Income as Reported": "225,173", "Total Expenses": "2,114,847", "Net Income from Continuing & Discontinued Operation": "137,967", "Normalized Income": "133,426", "Interest Expense": "103,595", "Net Interest Income": "-107,659", "EBIT": "232,650", "EBITDA": "-", "Reconciled Cost of Revenue": "1,577,499", "Reconciled Depreciation": "227,817", "Net Income from Continuing Operation Net Minority Interest": "137,967", "Total Unusual Items Excluding Goodwill": "7,569", "Total Unusual Items": "7,569", "Normalized EBITDA": "452,898", "Tax Rate for Calcs": "0", "Tax Effect of Unusual Items": "3,028"}, "12/31/2019": {"Duration": "12/31/2019", "Total Revenue": "2,222,140", "Cost of Revenue": "1,526,332", "Gross Profit": "695,808", "Operating Expense": "482,250", "Operating Income": "213,558", "Net Non Operating Interest Income Expense": "-131,074", "Other Income Expense": "-4,260", "Pretax Income": "78,224", "Tax Provision": "17,101", "Net Income Common Stockholders": "59,066", "Diluted NI Available to Com Stockholders": "59,066", "Basic EPS": "0.53", "Diluted EPS": "0.52", "Basic Average Shares": "112,204", "Diluted Average Shares": "112,685", "Total Operating Income as Reported": "213,558", "Total Expenses": "2,008,582", "Net Income from Continuing & Discontinued Operation": "59,066", "Normalized Income": "59,066", "Interest Expense": "116,509", "Net Interest Income": "-131,074", "EBIT": "194,733", "EBITDA": "-", "Reconciled Cost of Revenue": "1,520,572", "Reconciled Depreciation": "222,862", "Net Income from Continuing Operation Net Minority Interest": "59,066", "Total Unusual Items Excluding Goodwill": "0", "Total Unusual Items": "0", "Normalized EBITDA": "417,595", "Tax Rate for Calcs": "0", "Tax Effect of Unusual Items": "0"}, "12/31/2018": {"Duration": "12/31/2018", "Total Revenue": "2,101,002", "Cost of Revenue": "1,475,779", "Gross Profit": "625,223", "Operating Expense": "462,757", "Operating Income": "162,466", "Net Non Operating Interest Income Expense": "-116,697", "Other Income Expense": "50,308", "Pretax Income": "96,077", "Tax Provision": "59,747", "Net Income Common Stockholders": "33,906", "Diluted NI Available to Com Stockholders": "33,906", "Basic EPS": "0.30", "Diluted EPS": "0.30", "Basic Average Shares": "111,380", "Diluted Average Shares": "112,317", "Total Operating Income as Reported": "162,466", "Total Expenses": "1,938,536", "Net Income from Continuing & Discontinued Operation": "33,906", "Normalized Income": "25,067", "Interest Expense": "116,548", "Net Interest Income": "-116,697", "EBIT": "212,625", "EBITDA": "-", "Reconciled Cost of Revenue": "1,471,917", "Reconciled Depreciation": "208,772", "Net Income from Continuing Operation Net Minority Interest": "33,906", "Total Unusual Items Excluding Goodwill": "12,108", "Total Unusual Items": "12,108", "Normalized EBITDA": "409,289", "Tax Rate for Calcs": "0", "Tax Effect of Unusual Items": "3,269"}}, "bs": {"12/31/2020": {"Duration": "12/31/2020", "Total Assets": "4,308,011", "Total Liabilities Net Minority Interest": "2,691,743", "Total Equity Gross Minority Interest": "1,616,268", "Total Capitalization": "3,490,148", "Common Stock Equity": "1,597,801", "Capital Lease Obligations": "54,289", "Net Tangible Assets": "348,658", "Working Capital": "570,590", "Invested Capital": "3,496,502", "Tangible Book Value": "348,658", "Total Debt": "1,952,990", "Net Debt": "1,480,520", "Share Issued": "114,391", "Ordinary Shares Number": "114,391"}, "12/31/2019": {"Duration": "12/31/2019", "Total Assets": "4,067,556", "Total Liabilities Net Minority Interest": "2,622,783", "Total Equity Gross Minority Interest": "1,444,773", "Total Capitalization": "3,278,464", "Common Stock Equity": "1,427,407", "Capital Lease Obligations": "49,815", "Net Tangible Assets": "204,210", "Working Capital": "496,984", "Invested Capital": "3,286,406", "Tangible Book Value": "204,210", "Total Debt": "1,908,814", "Net Debt": "1,547,680", "Share Issued": "113,309", "Ordinary Shares Number": "113,309"}, "12/31/2018": {"Duration": "12/31/2018", "Total Assets": "3,857,641", "Total Liabilities Net Minority Interest": "2,515,496", "Total Equity Gross Minority Interest": "1,342,145", "Total Capitalization": "3,135,243", "Common Stock Equity": "1,327,741", "Capital Lease Obligations": "15,557", "Net Tangible Assets": "117,253", "Working Capital": "330,883", "Invested Capital": "3,141,597", "Tangible Book Value": "117,253", "Total Debt": "1,829,413", "Net Debt": "1,685,348", "Share Issued": "111,659", "Ordinary Shares Number": "111,659"}}, "cf": {"TTM": {"Duration": "TTM", "Operating Cash Flow": "408,869", "Investing Cash Flow": "-285,587", "Financing Cash Flow": "-16,771", "End Cash Position": "418,181", "Capital Expenditure": "-177,249", "Issuance of Capital Stock": "-", "Issuance of Debt": "700,000", "Repayment of Debt": "-674,045", "Free Cash Flow": "231,620"}, "12/31/2020": {"Duration": "12/31/2020", "Operating Cash Flow": "408,869", "Investing Cash Flow": "-285,587", "Financing Cash Flow": "-16,771", "End Cash Position": "418,181", "Capital Expenditure": "-177,249", "Issuance of Capital Stock": "-", "Issuance of Debt": "700,000", "Repayment of Debt": "-674,045", "Free Cash Flow": "231,620"}, "12/31/2019": {"Duration": "12/31/2019", "Operating Cash Flow": "337,184", "Investing Cash Flow": "-162,809", "Financing Cash Flow": "8,150", "End Cash Position": "311,319", "Capital Expenditure": "-177,495", "Issuance of Capital Stock": "0", "Issuance of Debt": "300,000", "Repayment of Debt": "-270,229", "Free Cash Flow": "159,689"}, "12/31/2018": {"Duration": "12/31/2018", "Operating Cash Flow": "209,368", "Investing Cash Flow": "-419,699", "Financing Cash Flow": "-43,993", "End Cash Position": "128,508", "Capital Expenditure": "-220,685", "Issuance of Capital Stock": "0", "Issuance of Debt": "64,500", "Repayment of Debt": "-85,042", "Free Cash Flow": "-11,317"}}}}, {"PGTI": {"quote": {"05/07/2021": {"value": "27.70", "Market Cap": "1.675B", "Beta (5Y Monthly)": "1.50", "PE Ratio (TTM)": "36.45", "EPS (TTM)": "0.76", "Earnings Date": "May 13, 2021", "Forward Dividend & Yield": "N/A (N/A)", "Ex-Dividend Date": "N/A", "1y Target Est": "30.50"}}, "fin": {"TTM": {"Duration": "TTM", "Total Revenue": "882,621", "Cost of Revenue": "561,297", "Gross Profit": "321,324", "Operating Expense": "224,386", "Operating Income": "96,938", "Net Non Operating Interest Income Expense": "-27,719", "Other Income Expense": "-12,227", "Pretax Income": "56,992", "Tax Provision": "11,884", "Net Income Common Stockholders": "45,108", "Diluted NI Available to Com Stockholders": "45,108", "Basic EPS": "-", "Diluted EPS": "-", "Basic Average Shares": "-", "Diluted Average Shares": "-", "Total Operating Income as Reported": "84,711", "Total Expenses": "785,683", "Net Income from Continuing & Discontinued Operation": "45,108", "Normalized Income": "54,780", "Interest Income": "120", "Interest Expense": "26,633", "Net Interest Income": "-27,719", "EBIT": "83,625", "EBITDA": "126,464", "Reconciled Cost of Revenue": "561,297", "Reconciled Depreciation": "42,839", "Net Income from Continuing Operation Net Minority Interest": "45,108", "Total Unusual Items Excluding Goodwill": "-12,227", "Total Unusual Items": "-12,227", "Normalized EBITDA": "138,691", "Tax Rate for Calcs": "0", "Tax Effect of Unusual Items": "-2,555"}, "12/31/2020": {"Duration": "12/31/2020", "Total Revenue": "882,621", "Cost of Revenue": "561,297", "Gross Profit": "321,324", "Operating Expense": "224,386", "Operating Income": "96,938", "Net Non Operating Interest Income Expense": "-27,719", "Other Income Expense": "-12,227", "Pretax Income": "56,992", "Tax Provision": "11,884", "Net Income Common Stockholders": "45,108", "Diluted NI Available to Com Stockholders": "45,108", "Basic EPS": "-", "Diluted EPS": "-", "Basic Average Shares": "-", "Diluted Average Shares": "-", "Total Operating Income as Reported": "84,711", "Total Expenses": "785,683", "Net Income from Continuing & Discontinued Operation": "45,108", "Normalized Income": "54,780", "Interest Income": "120", "Interest Expense": "26,633", "Net Interest Income": "-27,719", "EBIT": "83,625", "EBITDA": "-", "Reconciled Cost of Revenue": "561,297", "Reconciled Depreciation": "42,839", "Net Income from Continuing Operation Net Minority Interest": "45,108", "Total Unusual Items Excluding Goodwill": "-12,227", "Total Unusual Items": "-12,227", "Normalized EBITDA": "138,691", "Tax Rate for Calcs": "0", "Tax Effect of Unusual Items": "-2,555"}, "12/31/2019": {"Duration": "12/31/2019", "Total Revenue": "744,956", "Cost of Revenue": "484,588", "Gross Profit": "260,368", "Operating Expense": "176,312", "Operating Income": "84,056", "Net Non Operating Interest Income Expense": "-26,417", "Other Income Expense": "-1,512", "Pretax Income": "56,127", "Tax Provision": "12,439", "Net Income Common Stockholders": "43,688", "Diluted NI Available to Com Stockholders": "43,688", "Basic EPS": "0.75", "Diluted EPS": "0.74", "Basic Average Shares": "58,346", "Diluted Average Shares": "59,150", "Total Operating Income as Reported": "84,056", "Total Expenses": "660,900", "Net Income from Continuing & Discontinued Operation": "43,688", "Normalized Income": "44,864", "Interest Income": "339", "Interest Expense": "25,082", "Net Interest Income": "-26,417", "EBIT": "81,209", "EBITDA": "-", "Reconciled Cost of Revenue": "484,588", "Reconciled Depreciation": "34,732", "Net Income from Continuing Operation Net Minority Interest": "43,688", "Total Unusual Items Excluding Goodwill": "-1,512", "Total Unusual Items": "-1,512", "Normalized EBITDA": "117,453", "Tax Rate for Calcs": "0", "Tax Effect of Unusual Items": "-335.664"}, "12/31/2018": {"Duration": "12/31/2018", "Total Revenue": "698,493", "Cost of Revenue": "455,025", "Gross Profit": "243,468", "Operating Expense": "150,910", "Operating Income": "92,558", "Net Non Operating Interest Income Expense": "-26,529", "Other Income Expense": "-824", "Pretax Income": "65,205", "Tax Provision": "11,272", "Net Income Common Stockholders": "53,933", "Diluted NI Available to Com Stockholders": "53,933", "Basic EPS": "1.03", "Diluted EPS": "1.00", "Basic Average Shares": "52,461", "Diluted Average Shares": "54,106", "Total Operating Income as Reported": "95,109", "Total Expenses": "605,935", "Net Income from Continuing & Discontinued Operation": "53,933", "Normalized Income": "54,614", "Interest Income": "389", "Interest Expense": "19,128", "Net Interest Income": "-26,529", "EBIT": "84,333", "EBITDA": "-", "Reconciled Cost of Revenue": "455,025", "Reconciled Depreciation": "24,450", "Net Income from Continuing Operation Net Minority Interest": "53,933", "Total Unusual Items Excluding Goodwill": "-824", "Total Unusual Items": "-824", "Normalized EBITDA": "109,607", "Tax Rate for Calcs": "0", "Tax Effect of Unusual Items": "-142.552"}}, "bs": {"12/31/2020": {"Duration": "12/31/2020", "Total Assets": "1,062,521", "Total Liabilities Net Minority Interest": "577,387", "Total Equity Gross Minority Interest": "485,134", "Total Capitalization": "897,232", "Common Stock Equity": "485,134", "Capital Lease Obligations": "41,262", "Net Tangible Assets": "-101,068", "Working Capital": "211,196", "Invested Capital": "897,232", "Tangible Book Value": "-101,068", "Total Debt": "453,360", "Net Debt": "311,778", "Share Issued": "62,542", "Ordinary Shares Number": "58,999", "Treasury Shares Number": "3,543"}, "12/31/2019": {"Duration": "12/31/2019", "Total Assets": "922,733", "Total Liabilities Net Minority Interest": "491,185", "Total Equity Gross Minority Interest": "431,548", "Total Capitalization": "800,519", "Common Stock Equity": "431,548", "Capital Lease Obligations": "28,743", "Net Tangible Assets": "-102,014", "Working Capital": "177,513", "Invested Capital": "800,519", "Tangible Book Value": "-102,014", "Total Debt": "397,714", "Net Debt": "271,728", "Share Issued": "61,921", "Ordinary Shares Number": "58,505", "Treasury Shares Number": "3,416"}, "12/31/2018": {"Duration": "12/31/2018", "Total Assets": "862,153", "Total Liabilities Net Minority Interest": "476,609", "Total Equity Gross Minority Interest": "385,544", "Total Capitalization": "752,158", "Common Stock Equity": "385,544", "Capital Lease Obligations": "-", "Net Tangible Assets": "-164,101", "Working Capital": "126,841", "Invested Capital": "752,321", "Tangible Book Value": "-164,101", "Total Debt": "366,777", "Net Debt": "314,127", "Share Issued": "60,729", "Ordinary Shares Number": "58,082", "Treasury Shares Number": "2,647"}}, "cf": {"TTM": {"Duration": "TTM", "Operating Cash Flow": "75,495", "Investing Cash Flow": "-114,402", "Financing Cash Flow": "41,984", "End Cash Position": "100,320", "Income Tax Paid Supplemental Data": "-", "Interest Paid Supplemental Data": "-", "Capital Expenditure": "-24,800", "Issuance of Capital Stock": "0", "Issuance of Debt": "53,188", "Repayment of Debt": "-10,000", "Repurchase of Capital Stock": "-815", "Free Cash Flow": "50,695"}, "12/31/2020": {"Duration": "12/31/2020", "Operating Cash Flow": "75,495", "Investing Cash Flow": "-114,402", "Financing Cash Flow": "41,984", "End Cash Position": "100,320", "Income Tax Paid Supplemental Data": "-", "Interest Paid Supplemental Data": "-", "Capital Expenditure": "-24,800", "Issuance of Capital Stock": "0", "Issuance of Debt": "53,188", "Repayment of Debt": "-10,000", "Repurchase of Capital Stock": "-815", "Free Cash Flow": "50,695"}, "12/31/2019": {"Duration": "12/31/2019", "Operating Cash Flow": "81,216", "Investing Cash Flow": "-31,197", "Financing Cash Flow": "-5,426", "End Cash Position": "97,243", "Income Tax Paid Supplemental Data": "11,862", "Interest Paid Supplemental Data": "24,455", "Capital Expenditure": "-31,268", "Issuance of Capital Stock": "0", "Issuance of Debt": "64,000", "Repayment of Debt": "-64,138", "Repurchase of Capital Stock": "-5,550", "Free Cash Flow": "49,948"}, "12/31/2018": {"Duration": "12/31/2018", "Operating Cash Flow": "100,306", "Investing Cash Flow": "-378,396", "Financing Cash Flow": "296,711", "End Cash Position": "52,650", "Income Tax Paid Supplemental Data": "-", "Interest Paid Supplemental Data": "11,145", "Capital Expenditure": "-29,769", "Issuance of Capital Stock": "152,503", "Issuance of Debt": "315,000", "Repayment of Debt": "-160,294", "Repurchase of Capital Stock": "-687", "Free Cash Flow": "70,537"}}}}, {"CLEV": {"quote": {"05/07/2021": {"value": "2.1300", "Market Cap": "29.879M", "Beta (5Y Monthly)": "0.64", "PE Ratio (TTM)": "N/A", "EPS (TTM)": "-0.0070", "Earnings Date": "N/A", "Forward Dividend & Yield": "N/A (N/A)", "Ex-Dividend Date": "N/A", "1y Target Est": "N/A"}}, "fin": {"TTM": {"Duration": "TTM", "Total Revenue": "0.915", "Cost of Revenue": "0.303", "Gross Profit": "0.612", "Operating Expense": "43.108", "Operating Income": "-42.496", "Net Non Operating Interest Income Expense": "-1.72", "Pretax Income": "-44.216", "Tax Provision": "0", "Net Income Common Stockholders": "-44.216", "Diluted NI Available to Com Stockholders": "-44.216", "Basic EPS": "-", "Diluted EPS": "-", "Basic Average Shares": "-", "Diluted Average Shares": "-", "Total Operating Income as Reported": "-42.496", "Total Expenses": "43.411", "Net Income from Continuing & Discontinued Operation": "-44.216", "Normalized Income": "-44.216", "Interest Income": "-", "Interest Expense": "1.72", "Net Interest Income": "-1.72", "EBIT": "-42.496", "EBITDA": "-42.496", "Reconciled Cost of Revenue": "0.303", "Net Income from Continuing Operation Net Minority Interest": "-44.216", "Normalized EBITDA": "-42.496", "Tax Rate for Calcs": "0", "Tax Effect of Unusual Items": "0"}, "7/31/2020": {"Duration": "7/31/2020", "Total Revenue": "0.715", "Cost of Revenue": "0.23", "Gross Profit": "0.485", "Operating Expense": "39.499", "Operating Income": "-39.014", "Net Non Operating Interest Income Expense": "-1.043", "Pretax Income": "-40.057", "Tax Provision": "0", "Net Income Common Stockholders": "-40.057", "Diluted NI Available to Com Stockholders": "-40.057", "Basic EPS": "-0.01", "Diluted EPS": "-0.01", "Basic Average Shares": "6,395", "Diluted Average Shares": "6,395", "Total Operating Income as Reported": "-39.014", "Total Expenses": "39.729", "Net Income from Continuing & Discontinued Operation": "-40.057", "Normalized Income": "-40.057", "Interest Income": "-", "Interest Expense": "1.043", "Net Interest Income": "-1.043", "EBIT": "-39.014", "EBITDA": "-", "Reconciled Cost of Revenue": "0.23", "Net Income from Continuing Operation Net Minority Interest": "-40.057", "Normalized EBITDA": "-39.014", "Tax Rate for Calcs": "0", "Tax Effect of Unusual Items": "0"}, "7/31/2019": {"Duration": "7/31/2019", "Total Revenue": "1.435", "Cost of Revenue": "0.402", "Gross Profit": "1.033", "Operating Expense": "39.43", "Operating Income": "-38.397", "Net Non Operating Interest Income Expense": "-1.047", "Pretax Income": "-39.444", "Tax Provision": "0", "Net Income Common Stockholders": "-39.444", "Diluted NI Available to Com Stockholders": "-39.444", "Basic EPS": "-0.01", "Diluted EPS": "-0.01", "Basic Average Shares": "6,395", "Diluted Average Shares": "6,395", "Total Operating Income as Reported": "-38.397", "Total Expenses": "39.832", "Net Income from Continuing & Discontinued Operation": "-39.444", "Normalized Income": "-39.444", "Interest Income": "0", "Interest Expense": "1.047", "Net Interest Income": "-1.047", "EBIT": "-38.397", "EBITDA": "-", "Reconciled Cost of Revenue": "0.402", "Net Income from Continuing Operation Net Minority Interest": "-39.444", "Normalized EBITDA": "-38.397", "Tax Rate for Calcs": "0", "Tax Effect of Unusual Items": "0"}, "7/31/2018": {"Duration": "7/31/2018", "Total Revenue": "2.84", "Cost of Revenue": "1.821", "Gross Profit": "1.019", "Operating Expense": "37.549", "Operating Income": "-36.53", "Net Non Operating Interest Income Expense": "-0.311", "Pretax Income": "-36.841", "Tax Provision": "0", "Net Income Common Stockholders": "-36.841", "Diluted NI Available to Com Stockholders": "-36.841", "Basic EPS": "-0.01", "Diluted EPS": "-0.01", "Basic Average Shares": "6,395", "Diluted Average Shares": "6,395", "Total Operating Income as Reported": "-36.53", "Total Expenses": "39.37", "Net Income from Continuing & Discontinued Operation": "-36.841", "Normalized Income": "-36.841", "Interest Income": "0.723", "Interest Expense": "1.034", "Net Interest Income": "-0.311", "EBIT": "-35.807", "EBITDA": "-", "Reconciled Cost of Revenue": "1.821", "Net Income from Continuing Operation Net Minority Interest": "-36.841", "Normalized EBITDA": "-35.807", "Tax Rate for Calcs": "0", "Tax Effect of Unusual Items": "0"}}, "bs": {"7/31/2020": {"Duration": "7/31/2020", "Total Assets": "26.937", "Total Liabilities Net Minority Interest": "372.699", "Total Equity Gross Minority Interest": "-345.762", "Total Capitalization": "-345.762", "Common Stock Equity": "-345.762", "Net Tangible Assets": "-345.762", "Working Capital": "-345.762", "Invested Capital": "-283.012", "Tangible Book Value": "-345.762", "Total Debt": "62.75", "Net Debt": "61.701", "Share Issued": "14,028", "Ordinary Shares Number": "14,028"}, "7/31/2019": {"Duration": "7/31/2019", "Total Assets": "24.696", "Total Liabilities Net Minority Interest": "330.401", "Total Equity Gross Minority Interest": "-305.705", "Total Capitalization": "-305.705", "Common Stock Equity": "-305.705", "Net Tangible Assets": "-305.705", "Working Capital": "-305.705", "Invested Capital": "-242.955", "Tangible Book Value": "-305.705", "Total Debt": "62.75", "Net Debt": "62.702", "Share Issued": "14,028", "Ordinary Shares Number": "14,028"}, "7/31/2018": {"Duration": "7/31/2018", "Total Assets": "23.954", "Total Liabilities Net Minority Interest": "290.215", "Total Equity Gross Minority Interest": "-266.261", "Total Capitalization": "-266.261", "Common Stock Equity": "-266.261", "Net Tangible Assets": "-266.261", "Working Capital": "-266.261", "Invested Capital": "-203.511", "Tangible Book Value": "-266.261", "Total Debt": "62.75", "Net Debt": "62.407", "Share Issued": "14,028", "Ordinary Shares Number": "14,028"}}, "cf": {"TTM": {"Duration": "TTM", "Operating Cash Flow": "-44.575", "Investing Cash Flow": "-", "Financing Cash Flow": "44.436", "End Cash Position": "0.102", "Income Tax Paid Supplemental Data": "0", "Interest Paid Supplemental Data": "0.738", "Free Cash Flow": "-44.575"}, "7/31/2020": {"Duration": "7/31/2020", "Operating Cash Flow": "-40.622", "Investing Cash Flow": "-", "Financing Cash Flow": "41.623", "End Cash Position": "1.049", "Income Tax Paid Supplemental Data": "0", "Interest Paid Supplemental Data": "1.043", "Free Cash Flow": "-40.622"}, "7/31/2019": {"Duration": "7/31/2019", "Operating Cash Flow": "-40.474", "Investing Cash Flow": "-", "Financing Cash Flow": "40.179", "End Cash Position": "0.048", "Income Tax Paid Supplemental Data": "0", "Interest Paid Supplemental Data": "1.047", "Free Cash Flow": "-40.474"}, "7/31/2018": {"Duration": "7/31/2018", "Operating Cash Flow": "-69.669", "Investing Cash Flow": "0", "Financing Cash Flow": "70.032", "End Cash Position": "0.343", "Income Tax Paid Supplemental Data": "0", "Interest Paid Supplemental Data": "1.034", "Free Cash Flow": "-69.669"}}}}, {"CADC": {"fin": {}, "bs": {}, "cf": {}}}, {"NCS": {"fin": {}, "bs": {}, "cf": {}}}, {"CBPX": {"fin": {}, "bs": {}, "cf": {}}}, {"RGSE": {"fin": {}, "bs": {}, "cf": {}}}]