[{"ARLP": {"quote": {"05/07/2021": {"value": "5.84", "Market Cap": "742.819M", "Beta (5Y Monthly)": "1.85", "PE Ratio (TTM)": "18.42", "EPS (TTM)": "0.32", "Earnings Date": "Jul 26, 2021 - Jul 30, 2021", "Forward Dividend & Yield": "0.10 (1.69%)", "Ex-Dividend Date": "May 06, 2021", "1y Target Est": "6.50"}}, "fin": {"TTM": {"Duration": "TTM", "Total Revenue": "1,295,988", "Cost of Revenue": "849,292", "Gross Profit": "446,696", "Operating Expense": "360,540", "Operating Income": "86,156", "Net Non Operating Interest Income Expense": "-43,630", "Other Income Expense": "-1,916", "Pretax Income": "40,610", "Tax Provision": "128", "Net Income Common Stockholders": "40,311", "Diluted NI Available to Com Stockholders": "40,311", "Basic EPS": "-", "Diluted EPS": "-", "Basic Average Shares": "-", "Diluted Average Shares": "-", "Total Operating Income as Reported": "86,156", "Total Expenses": "1,209,832", "Interest Income": "100", "Interest Expense": "43,730", "Net Interest Income": "-43,630", "Net Income from Continuing & Discontinued Operation": "40,311", "Normalized Income": "40,311", "EBIT": "84,340", "EBITDA": "383,008", "Reconciled Cost of Revenue": "849,292", "Reconciled Depreciation": "-", "Net Income from Continuing Operation Net Minority Interest": "40,311", "Total Unusual Items Excluding Goodwill": "0", "Total Unusual Items": "0", "Normalized EBITDA": "383,008", "Tax Rate for Calcs": "0", "Tax Effect of Unusual Items": "0"}, "12/31/2020": {"Duration": "12/31/2020", "Total Revenue": "1,328,129", "Cost of Revenue": "880,785", "Gross Profit": "447,344", "Operating Expense": "373,193", "Operating Income": "74,151", "Net Non Operating Interest Income Expense": "-45,478", "Other Income Expense": "-157,689", "Pretax Income": "-129,016", "Tax Provision": "35", "Net Income Common Stockholders": "-129,220", "Diluted NI Available to Com Stockholders": "-129,220", "Basic EPS": "-1.02", "Diluted EPS": "-1.02", "Basic Average Shares": "127,165", "Diluted Average Shares": "127,165", "Total Operating Income as Reported": "-82,852", "Total Expenses": "1,253,978", "Interest Income": "135", "Interest Expense": "45,613", "Net Interest Income": "-45,478", "Net Income from Continuing & Discontinued Operation": "-129,220", "Normalized Income": "-14,608", "EBIT": "-83,403", "EBITDA": "-", "Reconciled Cost of Revenue": "880,785", "Reconciled Depreciation": "313,387", "Net Income from Continuing Operation Net Minority Interest": "-129,220", "Total Unusual Items Excluding Goodwill": "-157,003", "Total Unusual Items": "-157,003", "Normalized EBITDA": "386,987", "Tax Rate for Calcs": "0", "Tax Effect of Unusual Items": "-42,391"}, "12/31/2019": {"Duration": "12/31/2019", "Total Revenue": "1,961,720", "Cost of Revenue": "1,304,960", "Gross Profit": "656,760", "Operating Expense": "382,072", "Operating Income": "274,688", "Net Non Operating Interest Income Expense": "-45,496", "Other Income Expense": "177,523", "Pretax Income": "406,715", "Tax Provision": "-211", "Net Income Common Stockholders": "392,923", "Diluted NI Available to Com Stockholders": "392,923", "Basic EPS": "3.07", "Diluted EPS": "3.07", "Basic Average Shares": "128,117", "Diluted Average Shares": "128,117", "Total Operating Income as Reported": "259,498", "Total Expenses": "1,687,032", "Interest Income": "379", "Interest Expense": "45,875", "Net Interest Income": "-45,496", "Net Income from Continuing & Discontinued Operation": "399,414", "Normalized Income": "271,840", "EBIT": "452,590", "EBITDA": "-", "Reconciled Cost of Revenue": "1,304,960", "Reconciled Depreciation": "309,075", "Net Income from Continuing Operation Net Minority Interest": "399,414", "Total Unusual Items Excluding Goodwill": "174,759", "Total Unusual Items": "174,759", "Normalized EBITDA": "586,906", "Tax Rate for Calcs": "0", "Tax Effect of Unusual Items": "47,185"}, "12/31/2018": {"Duration": "12/31/2018", "Total Revenue": "2,002,857", "Cost of Revenue": "1,321,564", "Gross Profit": "681,293", "Operating Expense": "348,523", "Operating Income": "332,770", "Net Non Operating Interest Income Expense": "-40,059", "Other Income Expense": "74,781", "Pretax Income": "367,492", "Tax Provision": "22", "Net Income Common Stockholders": "358,289", "Diluted NI Available to Com Stockholders": "358,289", "Basic EPS": "2.74", "Diluted EPS": "2.74", "Basic Average Shares": "130,758", "Diluted Average Shares": "130,758", "Total Operating Income as Reported": "372,287", "Total Expenses": "1,670,087", "Interest Income": "159", "Interest Expense": "40,218", "Net Interest Income": "-40,059", "Net Income from Continuing & Discontinued Operation": "366,604", "Normalized Income": "311,394", "EBIT": "407,710", "EBITDA": "-", "Reconciled Cost of Revenue": "1,321,564", "Reconciled Depreciation": "280,225", "Net Income from Continuing Operation Net Minority Interest": "366,604", "Total Unusual Items Excluding Goodwill": "55,213", "Total Unusual Items": "55,213", "Normalized EBITDA": "632,722", "Tax Rate for Calcs": "0", "Tax Effect of Unusual Items": "3.3053"}}, "bs": {"12/31/2020": {"Duration": "12/31/2020", "Total Assets": "2,166,016", "Total Liabilities Net Minority Interest": "1,093,749", "Total Equity Gross Minority Interest": "1,072,267", "Total Capitalization": "1,580,312", "Common Stock Equity": "1,060,891", "Capital Lease Obligations": "17,156", "Net Tangible Assets": "-4,373", "Working Capital": "31,169", "Invested Capital": "1,653,511", "Tangible Book Value": "1,056,518", "Total Debt": "609,776", "Net Debt": "537,046", "Share Issued": "127,195", "Ordinary Shares Number": "127,195"}, "12/31/2019": {"Duration": "12/31/2019", "Total Assets": "2,586,694", "Total Liabilities Net Minority Interest": "1,321,270", "Total Equity Gross Minority Interest": "1,265,424", "Total Capitalization": "2,021,683", "Common Stock Equity": "1,253,489", "Capital Lease Obligations": "28,159", "Net Tangible Assets": "-136,399", "Working Capital": "123,999", "Invested Capital": "2,034,840", "Tangible Book Value": "1,117,090", "Total Debt": "809,510", "Net Debt": "744,869", "Share Issued": "126,916", "Ordinary Shares Number": "126,916"}, "12/31/2018": {"Duration": "12/31/2018", "Total Assets": "2,394,748", "Total Liabilities Net Minority Interest": "1,207,061", "Total Equity Gross Minority Interest": "1,187,687", "Total Capitalization": "1,746,401", "Common Stock Equity": "1,182,397", "Capital Lease Obligations": "57,317", "Net Tangible Assets": "-136,399", "Working Capital": "169,815", "Invested Capital": "1,838,401", "Tangible Book Value": "1,045,998", "Total Debt": "713,321", "Net Debt": "411,854", "Share Issued": "128,096", "Ordinary Shares Number": "128,096"}}, "cf": {"TTM": {"Duration": "TTM", "Operating Cash Flow": "376,573", "Investing Cash Flow": "-96,527", "Financing Cash Flow": "-275,226", "End Cash Position": "34,443", "Capital Expenditure": "-102,174", "Issuance of Capital Stock": "-", "Issuance of Debt": "59,835", "Repayment of Debt": "-331,462", "Repurchase of Capital Stock": "-", "Free Cash Flow": "274,399"}, "12/31/2020": {"Duration": "12/31/2020", "Operating Cash Flow": "400,645", "Investing Cash Flow": "-125,124", "Financing Cash Flow": "-256,429", "End Cash Position": "55,574", "Capital Expenditure": "-121,101", "Issuance of Capital Stock": "0", "Issuance of Debt": "130,805", "Repayment of Debt": "-324,673", "Repurchase of Capital Stock": "0", "Free Cash Flow": "279,544"}, "12/31/2019": {"Duration": "12/31/2019", "Operating Cash Flow": "514,895", "Investing Cash Flow": "-488,116", "Financing Cash Flow": "-234,447", "End Cash Position": "36,482", "Capital Expenditure": "-305,858", "Issuance of Capital Stock": "0", "Issuance of Debt": "647,586", "Repayment of Debt": "-572,032", "Repurchase of Capital Stock": "-22,892", "Free Cash Flow": "209,037"}, "12/31/2018": {"Duration": "12/31/2018", "Operating Cash Flow": "694,345", "Investing Cash Flow": "-245,249", "Financing Cash Flow": "-211,702", "End Cash Position": "244,150", "Capital Expenditure": "-233,480", "Issuance of Capital Stock": "2,183", "Issuance of Debt": "549,600", "Repayment of Debt": "-414,353", "Repurchase of Capital Stock": "-70,604", "Free Cash Flow": "460,865"}}}}, {"ASM": {"quote": {"05/07/2021": {"value": "1.4000", "Market Cap": "138.864M", "Beta (5Y Monthly)": "1.03", "PE Ratio (TTM)": "N/A", "EPS (TTM)": "-0.0920", "Earnings Date": "May 12, 2021", "Forward Dividend & Yield": "N/A (N/A)", "Ex-Dividend Date": "N/A", "1y Target Est": "3.00"}}, "fin": {"TTM": {"Duration": "TTM", "Total Revenue": "16,022", "Cost of Revenue": "15,832", "Gross Profit": "190", "Operating Expense": "4,858", "Operating Income": "-4,668", "Net Non Operating Interest Income Expense": "96", "Other Income Expense": "-4,318", "Pretax Income": "-8,890", "Tax Provision": "-1,408", "Net Income Common Stockholders": "-7,651", "Diluted NI Available to Com Stockholders": "-7,651", "Basic EPS": "-", "Diluted EPS": "-", "Basic Average Shares": "-", "Diluted Average Shares": "-", "Total Operating Income as Reported": "-", "Total Expenses": "20,690", "Interest Income": "332", "Interest Expense": "25", "Net Interest Income": "96", "Net Income from Continuing & Discontinued Operation": "-7,651", "Normalized Income": "-3,848", "EBIT": "-8,865", "EBITDA": "-6,948", "Reconciled Cost of Revenue": "14,031", "Reconciled Depreciation": "1,917", "Net Income from Continuing Operation Net Minority Interest": "-7,482", "Total Unusual Items Excluding Goodwill": "-4,318", "Total Unusual Items": "-4,318", "Normalized EBITDA": "-2,630", "Tax Rate for Calcs": "0", "Tax Effect of Unusual Items": "-683.8857"}, "12/31/2020": {"Duration": "12/31/2020", "Total Revenue": "16,022", "Cost of Revenue": "15,832", "Gross Profit": "190", "Operating Expense": "4,858", "Operating Income": "-4,668", "Net Non Operating Interest Income Expense": "96", "Other Income Expense": "-4,318", "Pretax Income": "-8,890", "Tax Provision": "-1,408", "Net Income Common Stockholders": "-7,651", "Diluted NI Available to Com Stockholders": "-7,651", "Basic EPS": "-", "Diluted EPS": "-", "Basic Average Shares": "-", "Diluted Average Shares": "-", "Total Operating Income as Reported": "-", "Total Expenses": "20,690", "Interest Income": "332", "Interest Expense": "25", "Net Interest Income": "96", "Net Income from Continuing & Discontinued Operation": "-7,651", "Normalized Income": "-3,848", "EBIT": "-8,865", "EBITDA": "-", "Reconciled Cost of Revenue": "14,031", "Reconciled Depreciation": "1,917", "Net Income from Continuing Operation Net Minority Interest": "-7,482", "Total Unusual Items Excluding Goodwill": "-4,318", "Total Unusual Items": "-4,318", "Normalized EBITDA": "-2,630", "Tax Rate for Calcs": "0", "Tax Effect of Unusual Items": "-683.8857"}, "12/31/2019": {"Duration": "12/31/2019", "Total Revenue": "31,746", "Cost of Revenue": "32,016", "Gross Profit": "-270", "Operating Expense": "4,234", "Operating Income": "-4,504", "Net Non Operating Interest Income Expense": "397", "Other Income Expense": "1,139", "Pretax Income": "-2,968", "Tax Provision": "-633", "Net Income Common Stockholders": "-31,461", "Diluted NI Available to Com Stockholders": "-31,461", "Basic EPS": "-0.45", "Diluted EPS": "-0.45", "Basic Average Shares": "69,980", "Diluted Average Shares": "69,980", "Total Operating Income as Reported": "-", "Total Expenses": "36,250", "Interest Income": "545", "Interest Expense": "148", "Net Interest Income": "397", "Net Income from Continuing & Discontinued Operation": "-31,461", "Normalized Income": "-3,231", "EBIT": "-2,820", "EBITDA": "-", "Reconciled Cost of Revenue": "28,336", "Reconciled Depreciation": "3,723", "Net Income from Continuing Operation Net Minority Interest": "-2,335", "Total Unusual Items Excluding Goodwill": "1,139", "Total Unusual Items": "1,139", "Normalized EBITDA": "-236", "Tax Rate for Calcs": "0", "Tax Effect of Unusual Items": "242.9201"}, "12/31/2018": {"Duration": "12/31/2018", "Total Revenue": "34,116", "Cost of Revenue": "27,850", "Gross Profit": "6,266", "Operating Expense": "4,573", "Operating Income": "1,693", "Net Non Operating Interest Income Expense": "-332", "Other Income Expense": "672", "Pretax Income": "2,033", "Tax Provision": "407", "Net Income Common Stockholders": "1,626", "Diluted NI Available to Com Stockholders": "1,626", "Basic EPS": "0.03", "Diluted EPS": "0.03", "Basic Average Shares": "56,852", "Diluted Average Shares": "60,001", "Total Operating Income as Reported": "-", "Total Expenses": "32,423", "Interest Income": "221", "Interest Expense": "553", "Net Interest Income": "-332", "Net Income from Continuing & Discontinued Operation": "1,626", "Normalized Income": "1,089", "EBIT": "2,586", "EBITDA": "-", "Reconciled Cost of Revenue": "24,619", "Reconciled Depreciation": "3,256", "Net Income from Continuing Operation Net Minority Interest": "1,626", "Total Unusual Items Excluding Goodwill": "672", "Total Unusual Items": "672", "Normalized EBITDA": "5,170", "Tax Rate for Calcs": "0", "Tax Effect of Unusual Items": "134.5322"}}, "bs": {"12/31/2020": {"Duration": "12/31/2020", "Total Assets": "68,780", "Total Liabilities Net Minority Interest": "9,772", "Total Equity Gross Minority Interest": "59,008", "Total Capitalization": "59,008", "Common Stock Equity": "59,008", "Capital Lease Obligations": "486", "Net Tangible Assets": "59,008", "Working Capital": "14,680", "Invested Capital": "59,080", "Tangible Book Value": "59,008", "Total Debt": "3,071", "Net Debt": "-", "Share Issued": "89,583", "Ordinary Shares Number": "89,569", "Treasury Shares Number": "14.18"}, "12/31/2019": {"Duration": "12/31/2019", "Total Assets": "72,571", "Total Liabilities Net Minority Interest": "18,648", "Total Equity Gross Minority Interest": "53,923", "Total Capitalization": "56,526", "Common Stock Equity": "53,923", "Capital Lease Obligations": "1,134", "Net Tangible Assets": "53,923", "Working Capital": "13,209", "Invested Capital": "56,725", "Tangible Book Value": "53,923", "Total Debt": "7,320", "Net Debt": "-", "Share Issued": "76,592", "Ordinary Shares Number": "76,592", "Treasury Shares Number": "-"}, "12/31/2018": {"Duration": "12/31/2018", "Total Assets": "108,588", "Total Liabilities Net Minority Interest": "33,420", "Total Equity Gross Minority Interest": "75,168", "Total Capitalization": "81,463", "Common Stock Equity": "75,168", "Capital Lease Obligations": "1,819", "Net Tangible Assets": "75,168", "Working Capital": "13,106", "Invested Capital": "81,980", "Tangible Book Value": "75,168", "Total Debt": "9,648", "Net Debt": "3,560", "Share Issued": "63,338", "Ordinary Shares Number": "63,324", "Treasury Shares Number": "14.18"}}, "cf": {"TTM": {"Duration": "TTM", "Operating Cash Flow": "72", "Investing Cash Flow": "-2,167", "Financing Cash Flow": "4,203", "End Cash Position": "11,713", "Income Tax Paid Supplemental Data": "279", "Interest Paid Supplemental Data": "264", "Capital Expenditure": "-2,014", "Issuance of Capital Stock": "8,393", "Repayment of Debt": "-4,190", "Free Cash Flow": "-1,942"}, "12/31/2020": {"Duration": "12/31/2020", "Operating Cash Flow": "72", "Investing Cash Flow": "-2,167", "Financing Cash Flow": "4,203", "End Cash Position": "11,713", "Income Tax Paid Supplemental Data": "279", "Interest Paid Supplemental Data": "264", "Capital Expenditure": "-2,014", "Issuance of Capital Stock": "8,393", "Repayment of Debt": "-4,190", "Free Cash Flow": "-1,942"}, "12/31/2019": {"Duration": "12/31/2019", "Operating Cash Flow": "5,507", "Investing Cash Flow": "-3,734", "Financing Cash Flow": "4,970", "End Cash Position": "9,625", "Income Tax Paid Supplemental Data": "2,373", "Interest Paid Supplemental Data": "618", "Capital Expenditure": "-3,276", "Issuance of Capital Stock": "7,283", "Repayment of Debt": "-2,313", "Free Cash Flow": "2,231"}, "12/31/2018": {"Duration": "12/31/2018", "Operating Cash Flow": "9,224", "Investing Cash Flow": "-13,229", "Financing Cash Flow": "3,855", "End Cash Position": "3,252", "Income Tax Paid Supplemental Data": "4,991", "Interest Paid Supplemental Data": "959", "Capital Expenditure": "-9,416", "Issuance of Capital Stock": "8,466", "Repayment of Debt": "-4,611", "Free Cash Flow": "-192"}}}}, {"UAMY": {"quote": {"05/07/2021": {"value": "0.8738", "Market Cap": "89.827M", "Beta (5Y Monthly)": "0.82", "PE Ratio (TTM)": "N/A", "EPS (TTM)": "-0.0460", "Earnings Date": "N/A", "Forward Dividend & Yield": "N/A (N/A)", "Ex-Dividend Date": "N/A", "1y Target Est": "3.00"}}, "fin": {"TTM": {"Duration": "TTM", "Total Revenue": "5,236", "Cost of Revenue": "5,030", "Gross Profit": "205.698", "Operating Expense": "3,192", "Operating Income": "-2,986", "Net Non Operating Interest Income Expense": "-17.991", "Other Income Expense": "-282.573", "Pretax Income": "-3,287", "Tax Provision": "-", "Net Income Common Stockholders": "-3,335", "Diluted NI Available to Com Stockholders": "-3,335", "Basic EPS": "-", "Diluted EPS": "-", "Basic Average Shares": "-", "Diluted Average Shares": "-", "Total Operating Income as Reported": "-3,305", "Total Expenses": "8,222", "Interest Income": "-", "Interest Expense": "17.991", "Net Interest Income": "-17.991", "Net Income from Continuing & Discontinued Operation": "-3,287", "Normalized Income": "-2,968", "EBIT": "-3,269", "EBITDA": "-2,383", "Reconciled Cost of Revenue": "5,030", "Reconciled Depreciation": "885.843", "Net Income from Continuing Operation Net Minority Interest": "-3,287", "Total Unusual Items Excluding Goodwill": "-318.502", "Total Unusual Items": "-318.502", "Normalized EBITDA": "-2,064", "Tax Rate for Calcs": "0", "Tax Effect of Unusual Items": "0"}, "12/31/2020": {"Duration": "12/31/2020", "Total Revenue": "5,236", "Cost of Revenue": "5,030", "Gross Profit": "205.698", "Operating Expense": "3,192", "Operating Income": "-2,986", "Net Non Operating Interest Income Expense": "-17.991", "Other Income Expense": "-282.573", "Pretax Income": "-3,287", "Tax Provision": "-", "Net Income Common Stockholders": "-3,335", "Diluted NI Available to Com Stockholders": "-3,335", "Basic EPS": "-", "Diluted EPS": "-", "Basic Average Shares": "-", "Diluted Average Shares": "-", "Total Operating Income as Reported": "-3,305", "Total Expenses": "8,222", "Interest Income": "-", "Interest Expense": "17.991", "Net Interest Income": "-17.991", "Net Income from Continuing & Discontinued Operation": "-3,287", "Normalized Income": "-2,968", "EBIT": "-3,269", "EBITDA": "-", "Reconciled Cost of Revenue": "5,030", "Reconciled Depreciation": "885.843", "Net Income from Continuing Operation Net Minority Interest": "-3,287", "Total Unusual Items Excluding Goodwill": "-318.502", "Total Unusual Items": "-318.502", "Normalized EBITDA": "-2,064", "Tax Rate for Calcs": "0", "Tax Effect of Unusual Items": "0"}, "12/31/2019": {"Duration": "12/31/2019", "Total Revenue": "8,268", "Cost of Revenue": "9,084", "Gross Profit": "-816.251", "Operating Expense": "1,518", "Operating Income": "-2,334", "Net Non Operating Interest Income Expense": "-78.344", "Other Income Expense": "-1,260", "Pretax Income": "-3,673", "Tax Provision": "0", "Net Income Common Stockholders": "-3,722", "Diluted NI Available to Com Stockholders": "-3,722", "Basic EPS": "-0.05", "Diluted EPS": "-0.05", "Basic Average Shares": "69,005", "Diluted Average Shares": "69,005", "Total Operating Income as Reported": "-3,745", "Total Expenses": "10,602", "Interest Income": "-", "Interest Expense": "78.344", "Net Interest Income": "-78.344", "Net Income from Continuing & Discontinued Operation": "-3,673", "Normalized Income": "-2,262", "EBIT": "-3,595", "EBITDA": "-", "Reconciled Cost of Revenue": "9,084", "Reconciled Depreciation": "895.99", "Net Income from Continuing Operation Net Minority Interest": "-3,673", "Total Unusual Items Excluding Goodwill": "-1,411", "Total Unusual Items": "-1,411", "Normalized EBITDA": "-1,288", "Tax Rate for Calcs": "0", "Tax Effect of Unusual Items": "0"}, "12/31/2018": {"Duration": "12/31/2018", "Total Revenue": "9,034", "Cost of Revenue": "9,033", "Gross Profit": "1.543", "Operating Expense": "1,655", "Operating Income": "-1,653", "Net Non Operating Interest Income Expense": "-99.106", "Other Income Expense": "2,293", "Pretax Income": "540.893", "Tax Provision": "-332.332", "Net Income Common Stockholders": "824.576", "Diluted NI Available to Com Stockholders": "824.576", "Basic EPS": "0.01", "Diluted EPS": "0.01", "Basic Average Shares": "67,978", "Diluted Average Shares": "68,098", "Total Operating Income as Reported": "547.036", "Total Expenses": "10,687", "Interest Income": "0.864", "Interest Expense": "99.97", "Net Interest Income": "-99.106", "Net Income from Continuing & Discontinued Operation": "873.225", "Normalized Income": "-723.3974", "EBIT": "640.863", "EBITDA": "-", "Reconciled Cost of Revenue": "9,033", "Reconciled Depreciation": "904.844", "Net Income from Continuing Operation Net Minority Interest": "873.225", "Total Unusual Items Excluding Goodwill": "2,187", "Total Unusual Items": "2,187", "Normalized EBITDA": "-641.447", "Tax Rate for Calcs": "0", "Tax Effect of Unusual Items": "590.5316"}}, "bs": {"12/31/2020": {"Duration": "12/31/2020", "Total Assets": "13,300", "Total Liabilities Net Minority Interest": "6,113", "Total Equity Gross Minority Interest": "7,186", "Total Capitalization": "7,221", "Preferred Stock Equity": "26.788", "Common Stock Equity": "7,160", "Net Tangible Assets": "7,186", "Working Capital": "-2,669", "Invested Capital": "7,346", "Tangible Book Value": "7,160", "Total Debt": "186.426", "Net Debt": "-", "Share Issued": "75,950", "Ordinary Shares Number": "75,950", "Preferred Shares Number": "2,679"}, "12/31/2019": {"Duration": "12/31/2019", "Total Assets": "13,694", "Total Liabilities Net Minority Interest": "5,227", "Total Equity Gross Minority Interest": "8,467", "Total Capitalization": "8,544", "Preferred Stock Equity": "26.788", "Common Stock Equity": "8,440", "Net Tangible Assets": "8,467", "Working Capital": "-2,696", "Invested Capital": "8,771", "Tangible Book Value": "8,440", "Total Debt": "330.162", "Net Debt": "214.656", "Share Issued": "69,661", "Ordinary Shares Number": "69,661", "Preferred Shares Number": "2,679"}, "12/31/2018": {"Duration": "12/31/2018", "Total Assets": "17,557", "Total Liabilities Net Minority Interest": "6,132", "Total Equity Gross Minority Interest": "11,425", "Total Capitalization": "12,453", "Preferred Stock Equity": "26.788", "Common Stock Equity": "11,398", "Net Tangible Assets": "11,425", "Working Capital": "-1,614", "Invested Capital": "13,315", "Tangible Book Value": "11,398", "Total Debt": "1,917", "Net Debt": "1,860", "Share Issued": "68,227", "Ordinary Shares Number": "68,227", "Preferred Shares Number": "2,679"}}, "cf": {"TTM": {"Duration": "TTM", "Operating Cash Flow": "-1,306", "Investing Cash Flow": "-243.091", "Financing Cash Flow": "2,098", "End Cash Position": "722.377", "Income Tax Paid Supplemental Data": "-", "Interest Paid Supplemental Data": "17.991", "Capital Expenditure": "-243.091", "Issuance of Capital Stock": "1,813", "Issuance of Debt": "443.4", "Repayment of Debt": "-143.736", "Free Cash Flow": "-1,549"}, "12/31/2020": {"Duration": "12/31/2020", "Operating Cash Flow": "-1,306", "Investing Cash Flow": "-243.091", "Financing Cash Flow": "2,098", "End Cash Position": "722.377", "Income Tax Paid Supplemental Data": "-", "Interest Paid Supplemental Data": "17.991", "Capital Expenditure": "-243.091", "Issuance of Capital Stock": "1,813", "Issuance of Debt": "443.4", "Repayment of Debt": "-143.736", "Free Cash Flow": "-1,549"}, "12/31/2019": {"Duration": "12/31/2019", "Operating Cash Flow": "-5.711", "Investing Cash Flow": "-392.925", "Financing Cash Flow": "457.506", "End Cash Position": "172.767", "Income Tax Paid Supplemental Data": "-", "Interest Paid Supplemental Data": "24.233", "Capital Expenditure": "-792.925", "Issuance of Capital Stock": "404.199", "Issuance of Debt": "13.149", "Repayment of Debt": "-127.683", "Free Cash Flow": "-798.636"}, "12/31/2018": {"Duration": "12/31/2018", "Operating Cash Flow": "-656.631", "Investing Cash Flow": "900.881", "Financing Cash Flow": "-221.685", "End Cash Position": "113.897", "Income Tax Paid Supplemental Data": "-", "Interest Paid Supplemental Data": "15.928", "Capital Expenditure": "-899.119", "Issuance of Capital Stock": "-", "Issuance of Debt": "-", "Repayment of Debt": "-245.563", "Free Cash Flow": "-1,556"}}}}, {"AXU": {"quote": {"05/07/2021": {"value": "2.9300", "Market Cap": "413.731M", "Beta (5Y Monthly)": "0.94", "PE Ratio (TTM)": "N/A", "EPS (TTM)": "-0.1960", "Earnings Date": "May 12, 2021", "Forward Dividend & Yield": "N/A (N/A)", "Ex-Dividend Date": "N/A", "1y Target Est": "3.49"}}, "fin": {"TTM": {"Duration": "TTM", "Total Revenue": "2,866", "Cost of Revenue": "3,300", "Gross Profit": "-434", "Operating Expense": "19,126", "Operating Income": "-19,560", "Net Non Operating Interest Income Expense": "109", "Other Income Expense": "-24,636", "Pretax Income": "-44,087", "Tax Provision": "-5,517", "Net Income Common Stockholders": "-31,234", "Diluted NI Available to Com Stockholders": "-31,234", "Basic EPS": "-", "Diluted EPS": "-", "Basic Average Shares": "-", "Diluted Average Shares": "-", "Total Operating Income as Reported": "-22,333", "Total Expenses": "22,426", "Interest Income": "209", "Interest Expense": "100", "Net Interest Income": "109", "Net Income from Continuing & Discontinued Operation": "-31,234", "Normalized Income": "-17,300", "EBIT": "-43,987", "EBITDA": "-42,268", "Reconciled Cost of Revenue": "3,453", "Reconciled Depreciation": "1,566", "Net Income from Continuing Operation Net Minority Interest": "-38,570", "Total Unusual Items Excluding Goodwill": "-24,313", "Total Unusual Items": "-24,313", "Normalized EBITDA": "-17,955", "Tax Rate for Calcs": "0", "Tax Effect of Unusual Items": "-3,043"}, "12/31/2020": {"Duration": "12/31/2020", "Total Revenue": "2,866", "Cost of Revenue": "3,300", "Gross Profit": "-434", "Operating Expense": "19,126", "Operating Income": "-19,560", "Net Non Operating Interest Income Expense": "109", "Other Income Expense": "-24,636", "Pretax Income": "-44,087", "Tax Provision": "-5,517", "Net Income Common Stockholders": "-31,234", "Diluted NI Available to Com Stockholders": "-31,234", "Basic EPS": "-0.24", "Diluted EPS": "-0.24", "Basic Average Shares": "129,552", "Diluted Average Shares": "129,552", "Total Operating Income as Reported": "-22,333", "Total Expenses": "22,426", "Interest Income": "209", "Interest Expense": "100", "Net Interest Income": "109", "Net Income from Continuing & Discontinued Operation": "-31,234", "Normalized Income": "-17,300", "EBIT": "-43,987", "EBITDA": "-", "Reconciled Cost of Revenue": "3,453", "Reconciled Depreciation": "1,566", "Net Income from Continuing Operation Net Minority Interest": "-38,570", "Total Unusual Items Excluding Goodwill": "-24,313", "Total Unusual Items": "-24,313", "Normalized EBITDA": "-17,955", "Tax Rate for Calcs": "0", "Tax Effect of Unusual Items": "-3,043"}, "12/31/2019": {"Duration": "12/31/2019", "Total Revenue": "29,206", "Cost of Revenue": "23,130", "Gross Profit": "6,076", "Operating Expense": "19,146", "Operating Income": "-13,070", "Net Non Operating Interest Income Expense": "2", "Other Income Expense": "4,973", "Pretax Income": "-8,095", "Tax Provision": "820", "Net Income Common Stockholders": "-8,915", "Diluted NI Available to Com Stockholders": "-8,915", "Basic EPS": "-0.08", "Diluted EPS": "-0.08", "Basic Average Shares": "114,159", "Diluted Average Shares": "114,159", "Total Operating Income as Reported": "-13,070", "Total Expenses": "42,276", "Interest Income": "164", "Interest Expense": "162", "Net Interest Income": "2", "Net Income from Continuing & Discontinued Operation": "-8,915", "Normalized Income": "-12,631", "EBIT": "-7,933", "EBITDA": "-", "Reconciled Cost of Revenue": "22,980", "Reconciled Depreciation": "2,250", "Net Income from Continuing Operation Net Minority Interest": "-8,915", "Total Unusual Items Excluding Goodwill": "5,056", "Total Unusual Items": "5,056", "Normalized EBITDA": "-10,739", "Tax Rate for Calcs": "0", "Tax Effect of Unusual Items": "1,340"}, "12/31/2018": {"Duration": "12/31/2018", "Total Revenue": "19,880", "Cost of Revenue": "13,828", "Gross Profit": "6,052", "Operating Expense": "14,681", "Operating Income": "-8,629", "Net Non Operating Interest Income Expense": "241", "Other Income Expense": "1,394", "Pretax Income": "-6,994", "Tax Provision": "1,507", "Net Income Common Stockholders": "-8,501", "Diluted NI Available to Com Stockholders": "-8,501", "Basic EPS": "-0.08", "Diluted EPS": "-0.08", "Basic Average Shares": "105,034", "Diluted Average Shares": "105,034", "Total Operating Income as Reported": "-8,721", "Total Expenses": "28,509", "Interest Income": "241", "Interest Expense": "-", "Net Interest Income": "241", "Net Income from Continuing & Discontinued Operation": "-8,501", "Normalized Income": "-9,576", "EBIT": "-8,629", "EBITDA": "-", "Reconciled Cost of Revenue": "13,738", "Reconciled Depreciation": "1,652", "Net Income from Continuing Operation Net Minority Interest": "-8,501", "Total Unusual Items Excluding Goodwill": "1,462", "Total Unusual Items": "1,462", "Normalized EBITDA": "-8,439", "Tax Rate for Calcs": "0", "Tax Effect of Unusual Items": "387.43"}}, "bs": {"12/31/2020": {"Duration": "12/31/2020", "Total Assets": "171,667", "Total Liabilities Net Minority Interest": "26,335", "Total Equity Gross Minority Interest": "145,332", "Total Capitalization": "145,332", "Common Stock Equity": "145,332", "Capital Lease Obligations": "7,262", "Net Tangible Assets": "145,332", "Working Capital": "15,596", "Invested Capital": "145,332", "Tangible Book Value": "145,332", "Total Debt": "7,262", "Share Issued": "137,492", "Ordinary Shares Number": "137,492"}, "12/31/2019": {"Duration": "12/31/2019", "Total Assets": "145,353", "Total Liabilities Net Minority Interest": "18,683", "Total Equity Gross Minority Interest": "126,670", "Total Capitalization": "126,670", "Common Stock Equity": "126,670", "Capital Lease Obligations": "1,446", "Net Tangible Assets": "126,670", "Working Capital": "9,001", "Invested Capital": "126,670", "Tangible Book Value": "126,670", "Total Debt": "1,446", "Share Issued": "119,995", "Ordinary Shares Number": "119,995"}, "12/31/2018": {"Duration": "12/31/2018", "Total Assets": "133,018", "Total Liabilities Net Minority Interest": "16,388", "Total Equity Gross Minority Interest": "116,630", "Total Capitalization": "116,630", "Common Stock Equity": "116,630", "Capital Lease Obligations": "-", "Net Tangible Assets": "116,009", "Working Capital": "9,430", "Invested Capital": "116,630", "Tangible Book Value": "116,009", "Total Debt": "-", "Share Issued": "107,999", "Ordinary Shares Number": "107,999"}}, "cf": {"TTM": {"Duration": "TTM", "Operating Cash Flow": "-15,703", "Investing Cash Flow": "-5,368", "Financing Cash Flow": "37,635", "Cash Flow from Discontinued Operation": "337", "End Cash Position": "23,742", "Capital Expenditure": "-16,974", "Issuance of Capital Stock": "38,640", "Repayment of Debt": "-1,224", "Free Cash Flow": "-32,677"}, "12/31/2020": {"Duration": "12/31/2020", "Operating Cash Flow": "-15,703", "Investing Cash Flow": "-5,368", "Financing Cash Flow": "37,635", "Cash Flow from Discontinued Operation": "337", "End Cash Position": "23,742", "Capital Expenditure": "-16,974", "Issuance of Capital Stock": "38,640", "Repayment of Debt": "-1,224", "Free Cash Flow": "-32,677"}, "12/31/2019": {"Duration": "12/31/2019", "Operating Cash Flow": "-7,219", "Investing Cash Flow": "-8,127", "Financing Cash Flow": "13,611", "Cash Flow from Discontinued Operation": "-", "End Cash Position": "6,841", "Capital Expenditure": "-7,720", "Issuance of Capital Stock": "12,135", "Repayment of Debt": "-599", "Free Cash Flow": "-14,939"}, "12/31/2018": {"Duration": "12/31/2018", "Operating Cash Flow": "-5,490", "Investing Cash Flow": "-14,161", "Financing Cash Flow": "10,321", "Cash Flow from Discontinued Operation": "-", "End Cash Position": "8,576", "Capital Expenditure": "-17,601", "Issuance of Capital Stock": "9,042", "Repayment of Debt": "-", "Free Cash Flow": "-23,091"}}}}, {"AUMN": {"quote": {"05/07/2021": {"value": "0.7822", "Market Cap": "127.084M", "Beta (5Y Monthly)": "1.33", "PE Ratio (TTM)": "N/A", "EPS (TTM)": "-0.0690", "Earnings Date": "Aug 03, 2021 - Aug 09, 2021", "Forward Dividend & Yield": "N/A (N/A)", "Ex-Dividend Date": "N/A", "1y Target Est": "1.02"}}, "fin": {"TTM": {"Duration": "TTM", "Total Revenue": "5,637", "Cost of Revenue": "2,950", "Gross Profit": "2,687", "Operating Expense": "11,487", "Operating Income": "-8,800", "Net Non Operating Interest Income Expense": "-132", "Other Income Expense": "-106", "Pretax Income": "-9,038", "Tax Provision": "48", "Net Income Common Stockholders": "-9,086", "Diluted NI Available to Com Stockholders": "-9,086", "Basic EPS": "-", "Diluted EPS": "-", "Basic Average Shares": "-", "Diluted Average Shares": "-", "Total Operating Income as Reported": "-8,800", "Total Expenses": "14,437", "Interest Income": "-", "Interest Expense": "132", "Net Interest Income": "-132", "Net Income from Continuing & Discontinued Operation": "-9,086", "Normalized Income": "-9,009", "EBIT": "-8,906", "EBITDA": "-7,944", "Reconciled Cost of Revenue": "2,950", "Reconciled Depreciation": "962", "Net Income from Continuing Operation Net Minority Interest": "-9,086", "Total Unusual Items Excluding Goodwill": "-106", "Total Unusual Items": "-106", "Normalized EBITDA": "-7,838", "Tax Rate for Calcs": "0", "Tax Effect of Unusual Items": "-28.62"}, "12/31/2020": {"Duration": "12/31/2020", "Total Revenue": "5,637", "Cost of Revenue": "2,950", "Gross Profit": "2,687", "Operating Expense": "11,487", "Operating Income": "-8,800", "Net Non Operating Interest Income Expense": "-132", "Other Income Expense": "-106", "Pretax Income": "-9,038", "Tax Provision": "48", "Net Income Common Stockholders": "-9,086", "Diluted NI Available to Com Stockholders": "-9,086", "Basic EPS": "-", "Diluted EPS": "-", "Basic Average Shares": "-", "Diluted Average Shares": "-", "Total Operating Income as Reported": "-8,800", "Total Expenses": "14,437", "Interest Income": "-", "Interest Expense": "132", "Net Interest Income": "-132", "Net Income from Continuing & Discontinued Operation": "-9,086", "Normalized Income": "-9,009", "EBIT": "-8,906", "EBITDA": "-", "Reconciled Cost of Revenue": "2,950", "Reconciled Depreciation": "962", "Net Income from Continuing Operation Net Minority Interest": "-9,086", "Total Unusual Items Excluding Goodwill": "-106", "Total Unusual Items": "-106", "Normalized EBITDA": "-7,838", "Tax Rate for Calcs": "0", "Tax Effect of Unusual Items": "-28.62"}, "12/31/2019": {"Duration": "12/31/2019", "Total Revenue": "7,730", "Cost of Revenue": "3,475", "Gross Profit": "4,255", "Operating Expense": "7,506", "Operating Income": "-3,251", "Net Non Operating Interest Income Expense": "-201", "Other Income Expense": "-1,899", "Pretax Income": "-5,351", "Tax Provision": "35", "Net Income Common Stockholders": "-5,386", "Diluted NI Available to Com Stockholders": "-5,386", "Basic EPS": "-0.05", "Diluted EPS": "-0.05", "Basic Average Shares": "101,058", "Diluted Average Shares": "101,058", "Total Operating Income as Reported": "-5,048", "Total Expenses": "10,981", "Interest Income": "-", "Interest Expense": "-", "Net Interest Income": "-201", "Net Income from Continuing & Discontinued Operation": "-5,386", "Normalized Income": "-4,000", "EBIT": "-3,251", "EBITDA": "-", "Reconciled Cost of Revenue": "3,475", "Reconciled Depreciation": "1,098", "Net Income from Continuing Operation Net Minority Interest": "-5,386", "Total Unusual Items Excluding Goodwill": "-1,899", "Total Unusual Items": "-1,899", "Normalized EBITDA": "-254", "Tax Rate for Calcs": "0", "Tax Effect of Unusual Items": "-512.73"}, "12/31/2018": {"Duration": "12/31/2018", "Total Revenue": "7,217", "Cost of Revenue": "3,460", "Gross Profit": "3,757", "Operating Expense": "3,828", "Operating Income": "-71", "Net Non Operating Interest Income Expense": "112", "Other Income Expense": "-1,973", "Pretax Income": "-1,932", "Tax Provision": "13", "Net Income Common Stockholders": "-1,945", "Diluted NI Available to Com Stockholders": "-1,945", "Basic EPS": "-0.02", "Diluted EPS": "-0.02", "Basic Average Shares": "94,003", "Diluted Average Shares": "94,003", "Total Operating Income as Reported": "-1,960", "Total Expenses": "7,288", "Interest Income": "112", "Interest Expense": "-", "Net Interest Income": "112", "Net Income from Continuing & Discontinued Operation": "-1,945", "Normalized Income": "-504.71", "EBIT": "-71", "EBITDA": "-", "Reconciled Cost of Revenue": "3,460", "Reconciled Depreciation": "1,171", "Net Income from Continuing Operation Net Minority Interest": "-1,945", "Total Unusual Items Excluding Goodwill": "-1,973", "Total Unusual Items": "-1,973", "Normalized EBITDA": "3,073", "Tax Rate for Calcs": "0", "Tax Effect of Unusual Items": "-532.71"}}, "bs": {"12/31/2020": {"Duration": "12/31/2020", "Total Assets": "18,306", "Total Liabilities Net Minority Interest": "6,334", "Total Equity Gross Minority Interest": "11,972", "Total Capitalization": "11,972", "Common Stock Equity": "11,972", "Capital Lease Obligations": "277", "Net Tangible Assets": "11,972", "Working Capital": "8,794", "Invested Capital": "11,972", "Tangible Book Value": "11,972", "Total Debt": "277", "Share Issued": "157,513", "Ordinary Shares Number": "157,513"}, "12/31/2019": {"Duration": "12/31/2019", "Total Assets": "13,357", "Total Liabilities Net Minority Interest": "7,756", "Total Equity Gross Minority Interest": "5,601", "Total Capitalization": "5,601", "Common Stock Equity": "5,601", "Capital Lease Obligations": "-", "Net Tangible Assets": "5,601", "Working Capital": "1,772", "Invested Capital": "5,601", "Tangible Book Value": "5,601", "Total Debt": "-", "Share Issued": "106,734", "Ordinary Shares Number": "106,734"}, "12/31/2018": {"Duration": "12/31/2018", "Total Assets": "12,644", "Total Liabilities Net Minority Interest": "5,007", "Total Equity Gross Minority Interest": "7,637", "Total Capitalization": "7,637", "Common Stock Equity": "7,637", "Capital Lease Obligations": "-", "Net Tangible Assets": "7,637", "Working Capital": "3,528", "Invested Capital": "7,637", "Tangible Book Value": "7,637", "Total Debt": "-", "Share Issued": "95,621", "Ordinary Shares Number": "95,621"}}, "cf": {"TTM": {"Duration": "TTM", "Operating Cash Flow": "-9,484", "Investing Cash Flow": "-4", "Financing Cash Flow": "14,599", "End Cash Position": "9,704", "Capital Expenditure": "-470", "Issuance of Capital Stock": "14,599", "Issuance of Debt": "1,000", "Repayment of Debt": "-1,000", "Free Cash Flow": "-9,954"}, "12/31/2020": {"Duration": "12/31/2020", "Operating Cash Flow": "-9,484", "Investing Cash Flow": "-4", "Financing Cash Flow": "14,599", "End Cash Position": "9,704", "Capital Expenditure": "-470", "Issuance of Capital Stock": "14,599", "Issuance of Debt": "1,000", "Repayment of Debt": "-1,000", "Free Cash Flow": "-9,954"}, "12/31/2019": {"Duration": "12/31/2019", "Operating Cash Flow": "-4,395", "Investing Cash Flow": "3,219", "Financing Cash Flow": "2,476", "End Cash Position": "4,593", "Capital Expenditure": "-38", "Issuance of Capital Stock": "2,476", "Issuance of Debt": "-", "Repayment of Debt": "-", "Free Cash Flow": "-4,433"}, "12/31/2018": {"Duration": "12/31/2018", "Operating Cash Flow": "-5,711", "Investing Cash Flow": "4,945", "Financing Cash Flow": "809", "End Cash Position": "3,293", "Capital Expenditure": "-152", "Issuance of Capital Stock": "809", "Issuance of Debt": "-", "Repayment of Debt": "-", "Free Cash Flow": "-5,863"}}}}, {"AGIN": {"quote": {"05/07/2021": {"value": "0.0222", "Market Cap": "731,549", "Beta (5Y Monthly)": "-2.11", "PE Ratio (TTM)": "N/A", "EPS (TTM)": "-0.0050", "Earnings Date": "N/A", "Forward Dividend & Yield": "N/A (N/A)", "Ex-Dividend Date": "N/A", "1y Target Est": "N/A"}}, "fin": {}, "bs": {}, "cf": {}}}, {"AMNL": {"quote": {"05/07/2021": {"value": "0.0219", "Market Cap": "4.273M", "Beta (5Y Monthly)": "0.70", "PE Ratio (TTM)": "N/A", "EPS (TTM)": "-0.0200", "Earnings Date": "N/A", "Forward Dividend & Yield": "N/A (N/A)", "Ex-Dividend Date": "N/A", "1y Target Est": "4.00"}}, "fin": {"TTM": {"Duration": "TTM", "Total Revenue": "879.169", "Cost of Revenue": "1,246", "Gross Profit": "-366.607", "Operating Expense": "2,467", "Operating Income": "-2,834", "Net Non Operating Interest Income Expense": "-1,809", "Other Income Expense": "1,355", "Pretax Income": "-3,288", "Net Income Common Stockholders": "-3,370", "Diluted NI Available to Com Stockholders": "-3,370", "Basic EPS": "-", "Diluted EPS": "-", "Basic Average Shares": "-", "Diluted Average Shares": "-", "Total Operating Income as Reported": "-2,834", "Total Expenses": "3,713", "Interest Expense": "1,809", "Net Interest Income": "-1,809", "Net Income from Continuing & Discontinued Operation": "-3,288", "Normalized Income": "-3,288", "EBIT": "-1,478", "EBITDA": "-1,376", "Reconciled Cost of Revenue": "1,246", "Reconciled Depreciation": "101.843", "Net Income from Continuing Operation Net Minority Interest": "-3,288", "Total Unusual Items Excluding Goodwill": "-", "Total Unusual Items": "-", "Normalized EBITDA": "-1,376", "Tax Rate for Calcs": "0", "Tax Effect of Unusual Items": "0"}, "12/31/2020": {"Duration": "12/31/2020", "Total Revenue": "879.169", "Cost of Revenue": "1,246", "Gross Profit": "-366.607", "Operating Expense": "2,467", "Operating Income": "-2,834", "Net Non Operating Interest Income Expense": "-1,809", "Other Income Expense": "1,355", "Pretax Income": "-3,288", "Net Income Common Stockholders": "-3,370", "Diluted NI Available to Com Stockholders": "-3,370", "Basic EPS": "-", "Diluted EPS": "-", "Basic Average Shares": "-", "Diluted Average Shares": "-", "Total Operating Income as Reported": "-2,834", "Total Expenses": "3,713", "Interest Expense": "1,809", "Net Interest Income": "-1,809", "Net Income from Continuing & Discontinued Operation": "-3,288", "Normalized Income": "-3,288", "EBIT": "-1,478", "EBITDA": "-", "Reconciled Cost of Revenue": "1,246", "Reconciled Depreciation": "101.843", "Net Income from Continuing Operation Net Minority Interest": "-3,288", "Total Unusual Items Excluding Goodwill": "-", "Total Unusual Items": "-", "Normalized EBITDA": "-1,376", "Tax Rate for Calcs": "0", "Tax Effect of Unusual Items": "0"}, "12/31/2019": {"Duration": "12/31/2019", "Total Revenue": "486.046", "Cost of Revenue": "934.865", "Gross Profit": "-448.819", "Operating Expense": "3,595", "Operating Income": "-4,043", "Net Non Operating Interest Income Expense": "-2,183", "Other Income Expense": "253.308", "Pretax Income": "-5,973", "Net Income Common Stockholders": "-5,973", "Diluted NI Available to Com Stockholders": "-5,973", "Basic EPS": "-0.03", "Diluted EPS": "-0.03", "Basic Average Shares": "175,514", "Diluted Average Shares": "175,514", "Total Operating Income as Reported": "-4,043", "Total Expenses": "4,529", "Interest Expense": "2,183", "Net Interest Income": "-2,183", "Net Income from Continuing & Discontinued Operation": "-5,973", "Normalized Income": "-5,973", "EBIT": "-3,790", "EBITDA": "-", "Reconciled Cost of Revenue": "934.865", "Reconciled Depreciation": "0", "Net Income from Continuing Operation Net Minority Interest": "-5,973", "Total Unusual Items Excluding Goodwill": "0", "Total Unusual Items": "0", "Normalized EBITDA": "-3,790", "Tax Rate for Calcs": "0", "Tax Effect of Unusual Items": "0"}, "12/31/2018": {"Duration": "12/31/2018", "Total Revenue": "4,873", "Cost of Revenue": "2,507", "Gross Profit": "2,366", "Operating Expense": "3,319", "Operating Income": "-953.208", "Net Non Operating Interest Income Expense": "-2,299", "Other Income Expense": "-74.042", "Pretax Income": "-3,326", "Net Income Common Stockholders": "-3,326", "Diluted NI Available to Com Stockholders": "-3,326", "Basic EPS": "-0.02", "Diluted EPS": "-0.02", "Basic Average Shares": "164,653", "Diluted Average Shares": "164,653", "Total Operating Income as Reported": "-2,001", "Total Expenses": "5,826", "Interest Expense": "2,299", "Net Interest Income": "-2,299", "Net Income from Continuing & Discontinued Operation": "-3,326", "Normalized Income": "-2,757", "EBIT": "-1,027", "EBITDA": "-", "Reconciled Cost of Revenue": "2,507", "Reconciled Depreciation": "1,278", "Net Income from Continuing Operation Net Minority Interest": "-3,326", "Total Unusual Items Excluding Goodwill": "-568.91", "Total Unusual Items": "-568.91", "Normalized EBITDA": "819.613", "Tax Rate for Calcs": "0", "Tax Effect of Unusual Items": "0"}}, "bs": {"12/31/2020": {"Duration": "12/31/2020", "Total Assets": "1,900", "Total Liabilities Net Minority Interest": "49,730", "Total Equity Gross Minority Interest": "-47,829", "Total Capitalization": "-2,593", "Preferred Stock Equity": "0.128", "Common Stock Equity": "-47,830", "Capital Lease Obligations": "140.321", "Net Tangible Assets": "-47,829", "Working Capital": "-2,537", "Invested Capital": "-1,872", "Tangible Book Value": "-47,830", "Total Debt": "46,098", "Net Debt": "45,288", "Share Issued": "183,939", "Ordinary Shares Number": "183,939"}, "12/31/2019": {"Duration": "12/31/2019", "Total Assets": "1,489", "Total Liabilities Net Minority Interest": "46,273", "Total Equity Gross Minority Interest": "-44,784", "Total Capitalization": "-1,082", "Preferred Stock Equity": "-", "Common Stock Equity": "-44,784", "Capital Lease Obligations": "241.808", "Net Tangible Assets": "-44,784", "Working Capital": "-2,015", "Invested Capital": "-446.217", "Tangible Book Value": "-44,784", "Total Debt": "44,580", "Net Debt": "44,285", "Share Issued": "175,514", "Ordinary Shares Number": "175,514"}, "12/31/2018": {"Duration": "12/31/2018", "Total Assets": "4,137", "Total Liabilities Net Minority Interest": "38,256", "Total Equity Gross Minority Interest": "-34,119", "Total Capitalization": "917.634", "Preferred Stock Equity": "-", "Common Stock Equity": "-34,119", "Capital Lease Obligations": "-", "Net Tangible Assets": "-34,119", "Working Capital": "1,859", "Invested Capital": "1,508", "Tangible Book Value": "-34,119", "Total Debt": "35,627", "Net Debt": "32,734", "Share Issued": "175,514", "Ordinary Shares Number": "175,514"}}, "cf": {"TTM": {"Duration": "TTM", "Operating Cash Flow": "845.123", "Investing Cash Flow": "-", "Financing Cash Flow": "-228.356", "End Cash Position": "669.56", "Income Tax Paid Supplemental Data": "0", "Interest Paid Supplemental Data": "4.395", "Capital Expenditure": "-", "Issuance of Capital Stock": "125", "Issuance of Debt": "336.825", "Repayment of Debt": "-394.625", "Free Cash Flow": "845.123"}, "12/31/2020": {"Duration": "12/31/2020", "Operating Cash Flow": "845.123", "Investing Cash Flow": "-", "Financing Cash Flow": "-228.356", "End Cash Position": "669.56", "Income Tax Paid Supplemental Data": "0", "Interest Paid Supplemental Data": "4.395", "Capital Expenditure": "-", "Issuance of Capital Stock": "125", "Issuance of Debt": "336.825", "Repayment of Debt": "-394.625", "Free Cash Flow": "845.123"}, "12/31/2019": {"Duration": "12/31/2019", "Operating Cash Flow": "-2,380", "Investing Cash Flow": "0", "Financing Cash Flow": "-459.22", "End Cash Position": "52.793", "Income Tax Paid Supplemental Data": "0", "Interest Paid Supplemental Data": "12.982", "Capital Expenditure": "-", "Issuance of Capital Stock": "0", "Issuance of Debt": "200", "Repayment of Debt": "-659.22", "Free Cash Flow": "-2,380"}, "12/31/2018": {"Duration": "12/31/2018", "Operating Cash Flow": "1,325", "Investing Cash Flow": "-23.063", "Financing Cash Flow": "1,542", "End Cash Position": "2,892", "Income Tax Paid Supplemental Data": "0", "Interest Paid Supplemental Data": "9.156", "Capital Expenditure": "-23.063", "Issuance of Capital Stock": "1,735", "Issuance of Debt": "0", "Repayment of Debt": "-272.515", "Free Cash Flow": "1,302"}}}}, {"AMLM": {"quote": {"05/07/2021": {"value": "0.3512", "Market Cap": "6.603M", "Beta (5Y Monthly)": "-0.41", "PE Ratio (TTM)": "N/A", "EPS (TTM)": "-0.1080", "Earnings Date": "N/A", "Forward Dividend & Yield": "N/A (N/A)", "Ex-Dividend Date": "N/A", "1y Target Est": "N/A"}}, "fin": {}, "bs": {}, "cf": {}}}, {"BTU": {"quote": {"05/07/2021": {"value": "5.12", "Market Cap": "503.296M", "Beta (5Y Monthly)": "1.53", "PE Ratio (TTM)": "N/A", "EPS (TTM)": "-18.58", "Earnings Date": "Aug 03, 2021 - Aug 09, 2021", "Forward Dividend & Yield": "N/A (N/A)", "Ex-Dividend Date": "Oct 29, 2019", "1y Target Est": "4.00"}}, "fin": {"TTM": {"Duration": "TTM", "Total Revenue": "2,686,200", "Cost of Revenue": "2,328,000", "Gross Profit": "358,200", "Operating Expense": "448,600", "Operating Income": "-90,400", "Net Non Operating Interest Income Expense": "-151,300", "Other Income Expense": "-1,563,300", "Pretax Income": "-1,805,000", "Tax Provision": "3,200", "Net Income Common Stockholders": "-1,820,700", "Diluted NI Available to Com Stockholders": "-1,820,700", "Basic EPS": "-", "Diluted EPS": "-", "Basic Average Shares": "-", "Diluted Average Shares": "-", "Total Operating Income as Reported": "-1,675,600", "Total Expenses": "2,776,600", "Interest Income": "7,800", "Interest Expense": "159,100", "Net Interest Income": "-151,300", "Net Income from Continuing & Discontinued Operation": "-1,820,700", "Normalized Income": "-889,020", "EBIT": "-1,645,900", "EBITDA": "-1,337,600", "Reconciled Cost of Revenue": "2,328,000", "Reconciled Depreciation": "-", "Net Income from Continuing Operation Net Minority Interest": "-1,806,900", "Total Unusual Items Excluding Goodwill": "-1,529,800", "Total Unusual Items": "-1,529,800", "Normalized EBITDA": "192,200", "Tax Rate for Calcs": "0", "Tax Effect of Unusual Items": "-611,920"}, "12/31/2020": {"Duration": "12/31/2020", "Total Revenue": "2,881,100", "Cost of Revenue": "2,524,900", "Gross Profit": "356,200", "Operating Expense": "491,200", "Operating Income": "-135,000", "Net Non Operating Interest Income Expense": "-130,400", "Other Income Expense": "-1,586,400", "Pretax Income": "-1,851,800", "Tax Provision": "8,000", "Net Income Common Stockholders": "-1,870,300", "Diluted NI Available to Com Stockholders": "-1,870,300", "Basic EPS": "-", "Diluted EPS": "-", "Basic Average Shares": "-", "Diluted Average Shares": "-", "Total Operating Income as Reported": "-1,728,300", "Total Expenses": "3,016,100", "Interest Income": "9,400", "Interest Expense": "139,800", "Net Interest Income": "-130,400", "Net Income from Continuing & Discontinued Operation": "-1,870,300", "Normalized Income": "-737,064", "EBIT": "-1,712,000", "EBITDA": "-", "Reconciled Cost of Revenue": "2,524,900", "Reconciled Depreciation": "346,000", "Net Income from Continuing Operation Net Minority Interest": "-1,856,300", "Total Unusual Items Excluding Goodwill": "-1,533,200", "Total Unusual Items": "-1,533,200", "Normalized EBITDA": "167,200", "Tax Rate for Calcs": "0", "Tax Effect of Unusual Items": "-413,964"}, "12/31/2019": {"Duration": "12/31/2019", "Total Revenue": "4,623,400", "Cost of Revenue": "3,536,600", "Gross Profit": "1,086,800", "Operating Expense": "887,600", "Operating Income": "199,200", "Net Non Operating Interest Income Expense": "-117,000", "Other Income Expense": "-224,500", "Pretax Income": "-142,300", "Tax Provision": "46,000", "Net Income Common Stockholders": "-211,300", "Diluted NI Available to Com Stockholders": "-211,300", "Basic EPS": "-2.18", "Diluted EPS": "-2.18", "Basic Average Shares": "96,900", "Diluted Average Shares": "103,700", "Total Operating Income as Reported": "61,700", "Total Expenses": "4,424,200", "Interest Income": "27,000", "Interest Expense": "144,000", "Net Interest Income": "-117,000", "Net Income from Continuing & Discontinued Operation": "-211,300", "Normalized Income": "-111,497", "EBIT": "1,700", "EBITDA": "-", "Reconciled Cost of Revenue": "3,536,600", "Reconciled Depreciation": "601,000", "Net Income from Continuing Operation Net Minority Interest": "-214,500", "Total Unusual Items Excluding Goodwill": "-141,100", "Total Unusual Items": "-141,100", "Normalized EBITDA": "743,800", "Tax Rate for Calcs": "0", "Tax Effect of Unusual Items": "-38,097"}, "12/31/2018": {"Duration": "12/31/2018", "Total Revenue": "5,581,800", "Cost of Revenue": "4,072,600", "Gross Profit": "1,509,200", "Operating Expense": "956,500", "Operating Income": "552,700", "Net Non Operating Interest Income Expense": "-115,700", "Other Income Expense": "227,100", "Pretax Income": "664,100", "Tax Provision": "18,400", "Net Income Common Stockholders": "536,200", "Diluted NI Available to Com Stockholders": "536,200", "Basic EPS": "4.93", "Diluted EPS": "4.43", "Basic Average Shares": "110,400", "Diluted Average Shares": "121,000", "Total Operating Income as Reported": "661,600", "Total Expenses": "5,029,100", "Interest Income": "33,600", "Interest Expense": "149,300", "Net Interest Income": "-115,700", "Net Income from Continuing & Discontinued Operation": "646,900", "Normalized Income": "578,630", "EBIT": "813,400", "EBITDA": "-", "Reconciled Cost of Revenue": "4,072,600", "Reconciled Depreciation": "679,000", "Net Income from Continuing Operation Net Minority Interest": "628,800", "Total Unusual Items Excluding Goodwill": "51,600", "Total Unusual Items": "51,600", "Normalized EBITDA": "1,440,800", "Tax Rate for Calcs": "0", "Tax Effect of Unusual Items": "1,430"}, "12/31/2017": {"Duration": "12/31/2017", "Total Revenue": "5,578,800", "Cost of Revenue": "4,031,600", "Gross Profit": "1,547,200", "Operating Expense": "794,700", "Operating Income": "752,500", "Net Non Operating Interest Income Expense": "-144,300", "Other Income Expense": "-515,400", "Pretax Income": "92,800", "Tax Provision": "-424,800", "Net Income Common Stockholders": "282,100", "Diluted NI Available to Com Stockholders": "282,100", "Basic EPS": "-6.93", "Diluted EPS": "-8.18", "Basic Average Shares": "105,200", "Diluted Average Shares": "105,200", "Total Operating Income as Reported": "885,200", "Total Expenses": "4,826,300", "Interest Income": "8,300", "Interest Expense": "152,600", "Net Interest Income": "-144,300", "Net Income from Continuing & Discontinued Operation": "461,600", "Normalized Income": "838,940", "EBIT": "245,400", "EBITDA": "-", "Reconciled Cost of Revenue": "4,031,600", "Reconciled Depreciation": "-", "Net Income from Continuing Operation Net Minority Interest": "497,600", "Total Unusual Items Excluding Goodwill": "-568,900", "Total Unusual Items": "-568,900", "Normalized EBITDA": "1,455,800", "Tax Rate for Calcs": "0", "Tax Effect of Unusual Items": "-227,560"}}, "bs": {"12/31/2020": {"Duration": "12/31/2020", "Total Assets": "4,667,100", "Total Liabilities Net Minority Interest": "3,685,800", "Total Equity Gross Minority Interest": "981,300", "Total Capitalization": "2,432,500", "Preferred Stock Equity": "-", "Common Stock Equity": "929,600", "Capital Lease Obligations": "66,600", "Net Tangible Assets": "929,600", "Working Capital": "629,700", "Invested Capital": "2,477,400", "Tangible Book Value": "929,600", "Total Debt": "1,614,400", "Net Debt": "838,600", "Share Issued": "140,500", "Ordinary Shares Number": "97,800", "Treasury Shares Number": "42,700"}, "12/31/2019": {"Duration": "12/31/2019", "Total Assets": "6,542,800", "Total Liabilities Net Minority Interest": "3,870,300", "Total Equity Gross Minority Interest": "2,672,500", "Total Capitalization": "3,906,300", "Preferred Stock Equity": "-", "Common Stock Equity": "2,613,800", "Capital Lease Obligations": "82,400", "Net Tangible Assets": "2,613,800", "Working Capital": "638,600", "Invested Capital": "3,924,600", "Tangible Book Value": "2,613,800", "Total Debt": "1,393,200", "Net Debt": "578,600", "Share Issued": "139,200", "Ordinary Shares Number": "96,900", "Treasury Shares Number": "42,300"}, "12/31/2018": {"Duration": "12/31/2018", "Total Assets": "7,423,700", "Total Liabilities Net Minority Interest": "3,972,100", "Total Equity Gross Minority Interest": "3,451,600", "Total Capitalization": "4,726,100", "Preferred Stock Equity": "-", "Common Stock Equity": "3,395,600", "Capital Lease Obligations": "-", "Net Tangible Assets": "3,395,600", "Working Capital": "897,100", "Invested Capital": "4,762,600", "Tangible Book Value": "3,395,600", "Total Debt": "1,367,000", "Net Debt": "385,100", "Share Issued": "137,700", "Ordinary Shares Number": "110,400", "Treasury Shares Number": "27,300"}}, "cf": {"TTM": {"Duration": "TTM", "Operating Cash Flow": "66,000", "Investing Cash Flow": "-262,800", "Financing Cash Flow": "138,000", "End Cash Position": "623,700", "Capital Expenditure": "-216,500", "Issuance of Debt": "-", "Repayment of Debt": "-202,500", "Repurchase of Capital Stock": "-1,400", "Free Cash Flow": "-150,500"}, "12/31/2020": {"Duration": "12/31/2020", "Operating Cash Flow": "-9,700", "Investing Cash Flow": "-206,700", "Financing Cash Flow": "193,400", "End Cash Position": "709,200", "Capital Expenditure": "-197,500", "Issuance of Debt": "375,000", "Repayment of Debt": "-169,500", "Repurchase of Capital Stock": "-1,600", "Free Cash Flow": "-207,200"}, "12/31/2019": {"Duration": "12/31/2019", "Operating Cash Flow": "677,400", "Investing Cash Flow": "-261,300", "Financing Cash Flow": "-701,300", "End Cash Position": "732,200", "Capital Expenditure": "-285,300", "Issuance of Debt": "-", "Repayment of Debt": "-71,100", "Repurchase of Capital Stock": "-342,200", "Free Cash Flow": "392,100"}, "12/31/2018": {"Duration": "12/31/2018", "Operating Cash Flow": "1,489,700", "Investing Cash Flow": "-517,300", "Financing Cash Flow": "-1,025,200", "End Cash Position": "1,017,400", "Capital Expenditure": "-301,400", "Issuance of Debt": "0", "Repayment of Debt": "-85,000", "Repurchase of Capital Stock": "-849,200", "Free Cash Flow": "1,188,300"}}}}, {"BHP": {"quote": {"05/07/2021": {"value": "79.38", "Market Cap": "197.716B", "Beta (5Y Monthly)": "0.85", "PE Ratio (TTM)": "28.87", "EPS (TTM)": "2.75", "Earnings Date": "N/A", "Forward Dividend & Yield": "3.12 (3.98%)", "Ex-Dividend Date": "Mar 04, 2021", "1y Target Est": "87.15"}}, "fin": {"TTM": {"Duration": "TTM", "Total Revenue": "46,276,000", "Cost of Revenue": "16,838,000", "Gross Profit": "26,093,000", "Operating Expense": "12,954,000", "Operating Income": "16,484,000", "Net Non Operating Interest Income Expense": "-1,754,000", "Other Income Expense": "-184,000", "Pretax Income": "14,546,000", "Tax Provision": "6,172,000", "Net Income Common Stockholders": "6,964,000", "Diluted NI Available to Com Stockholders": "6,964,000", "Basic EPS": "-", "Diluted EPS": "-", "Basic Average Shares": "-", "Diluted Average Shares": "-", "Total Operating Income as Reported": "15,857,000", "Rent Expense Supplemental": "675,000", "Total Expenses": "29,792,000", "Interest Income": "182,000", "Interest Expense": "631,000", "Net Interest Income": "-1,754,000", "Net Income from Continuing & Discontinued Operation": "6,964,000", "Normalized Income": "6,776,400", "EBIT": "15,177,000", "EBITDA": "21,520,000", "Reconciled Cost of Revenue": "16,838,000", "Reconciled Depreciation": "6,343,000", "Net Income from Continuing Operation Net Minority Interest": "6,964,000", "Total Unusual Items Excluding Goodwill": "268,000", "Total Unusual Items": "268,000", "Normalized EBITDA": "21,252,000", "Tax Rate for Calcs": "0", "Tax Effect of Unusual Items": "80,400"}, "6/30/2020": {"Duration": "6/30/2020", "Total Revenue": "42,931,000", "Cost of Revenue": "16,838,000", "Gross Profit": "26,093,000", "Operating Expense": "11,336,000", "Operating Income": "14,757,000", "Net Non Operating Interest Income Expense": "-1,717,000", "Other Income Expense": "470,000", "Pretax Income": "13,510,000", "Tax Provision": "4,774,000", "Net Income Common Stockholders": "7,956,000", "Diluted NI Available to Com Stockholders": "7,956,000", "Basic EPS": "3.15", "Diluted EPS": "3.14", "Basic Average Shares": "2,528,500", "Diluted Average Shares": "2,534,500", "Total Operating Income as Reported": "14,421,000", "Rent Expense Supplemental": "675,000", "Total Expenses": "28,174,000", "Interest Income": "351,000", "Interest Expense": "881,000", "Net Interest Income": "-1,717,000", "Net Income from Continuing & Discontinued Operation": "7,956,000", "Normalized Income": "7,320,646", "EBIT": "14,391,000", "EBITDA": "-", "Reconciled Cost of Revenue": "16,838,000", "Reconciled Depreciation": "6,112,000", "Net Income from Continuing Operation Net Minority Interest": "7,956,000", "Total Unusual Items Excluding Goodwill": "982,000", "Total Unusual Items": "982,000", "Normalized EBITDA": "19,521,000", "Tax Rate for Calcs": "0", "Tax Effect of Unusual Items": "346,646"}, "6/30/2019": {"Duration": "6/30/2019", "Total Revenue": "44,288,000", "Cost of Revenue": "16,730,000", "Gross Profit": "27,558,000", "Operating Expense": "10,804,000", "Operating Income": "16,754,000", "Net Non Operating Interest Income Expense": "-1,138,000", "Other Income Expense": "-567,000", "Pretax Income": "15,049,000", "Tax Provision": "5,529,000", "Net Income Common Stockholders": "8,306,000", "Diluted NI Available to Com Stockholders": "8,306,000", "Basic EPS": "3.21", "Diluted EPS": "3.20", "Basic Average Shares": "2,590,000", "Diluted Average Shares": "2,596,500", "Total Operating Income as Reported": "16,113,000", "Rent Expense Supplemental": "405,000", "Total Expenses": "27,534,000", "Interest Income": "446,000", "Interest Expense": "1,565,000", "Net Interest Income": "-1,138,000", "Net Income from Continuing & Discontinued Operation": "8,306,000", "Normalized Income": "8,654,293", "EBIT": "16,614,000", "EBITDA": "-", "Reconciled Cost of Revenue": "16,730,000", "Reconciled Depreciation": "5,829,000", "Net Income from Continuing Operation Net Minority Interest": "8,641,000", "Total Unusual Items Excluding Goodwill": "-21,000", "Total Unusual Items": "-21,000", "Normalized EBITDA": "22,464,000", "Tax Rate for Calcs": "0", "Tax Effect of Unusual Items": "-7,707"}, "6/30/2018": {"Duration": "6/30/2018", "Total Revenue": "43,638,000", "Cost of Revenue": "17,204,000", "Gross Profit": "26,434,000", "Operating Expense": "10,592,000", "Operating Income": "15,842,000", "Net Non Operating Interest Income Expense": "-1,200,000", "Other Income Expense": "109,000", "Pretax Income": "14,751,000", "Tax Provision": "7,007,000", "Net Income Common Stockholders": "3,705,000", "Diluted NI Available to Com Stockholders": "3,705,000", "Basic EPS": "1.39", "Diluted EPS": "1.39", "Basic Average Shares": "2,661,500", "Diluted Average Shares": "2,668,500", "Total Operating Income as Reported": "15,996,000", "Rent Expense Supplemental": "421,000", "Total Expenses": "27,796,000", "Interest Income": "322,000", "Interest Expense": "1,443,000", "Net Interest Income": "-1,200,000", "Net Income from Continuing & Discontinued Operation": "3,705,000", "Normalized Income": "6,825,500", "EBIT": "16,194,000", "EBITDA": "-", "Reconciled Cost of Revenue": "17,204,000", "Reconciled Depreciation": "6,288,000", "Net Income from Continuing Operation Net Minority Interest": "6,626,000", "Total Unusual Items Excluding Goodwill": "-285,000", "Total Unusual Items": "-285,000", "Normalized EBITDA": "22,767,000", "Tax Rate for Calcs": "0", "Tax Effect of Unusual Items": "-85,500"}}, "bs": {"6/30/2020": {"Duration": "6/30/2020", "Total Assets": "104,783,000", "Total Liabilities Net Minority Interest": "52,537,000", "Total Equity Gross Minority Interest": "52,246,000", "Total Capitalization": "67,382,000", "Common Stock Equity": "47,936,000", "Capital Lease Obligations": "3,443,000", "Net Tangible Assets": "47,312,000", "Working Capital": "6,647,000", "Invested Capital": "70,804,000", "Tangible Book Value": "47,312,000", "Total Debt": "27,048,000", "Net Debt": "9,442,000", "Share Issued": "5,057,920", "Ordinary Shares Number": "5,057,690", "Treasury Shares Number": "233.162"}, "6/30/2019": {"Duration": "6/30/2019", "Total Assets": "100,861,000", "Total Liabilities Net Minority Interest": "49,037,000", "Total Equity Gross Minority Interest": "51,824,000", "Total Capitalization": "69,757,000", "Common Stock Equity": "47,240,000", "Capital Lease Obligations": "715,000", "Net Tangible Assets": "46,565,000", "Working Capital": "11,034,000", "Invested Capital": "70,845,000", "Tangible Book Value": "46,565,000", "Total Debt": "24,828,000", "Net Debt": "7,992,000", "Share Issued": "5,059,072", "Ordinary Shares Number": "5,057,923", "Treasury Shares Number": "1,188"}, "6/30/2018": {"Duration": "6/30/2018", "Total Assets": "111,993,000", "Total Liabilities Net Minority Interest": "51,323,000", "Total Equity Gross Minority Interest": "60,670,000", "Total Capitalization": "78,936,000", "Common Stock Equity": "55,592,000", "Capital Lease Obligations": "802,000", "Net Tangible Assets": "54,814,000", "Working Capital": "21,141,000", "Invested Capital": "81,287,000", "Tangible Book Value": "54,814,000", "Total Debt": "26,805,000", "Net Debt": "9,824,000", "Share Issued": "5,323,721", "Ordinary Shares Number": "5,323,524", "Treasury Shares Number": "238.48"}}, "cf": {"TTM": {"Duration": "TTM", "Operating Cash Flow": "17,633,000", "Investing Cash Flow": "-8,093,000", "Financing Cash Flow": "-14,347,000", "End Cash Position": "9,514,000", "Capital Expenditure": "-6,828,000", "Issuance of Capital Stock": "-", "Issuance of Debt": "522,000", "Repayment of Debt": "-7,751,000", "Repurchase of Capital Stock": "0", "Free Cash Flow": "10,805,000"}, "6/30/2020": {"Duration": "6/30/2020", "Operating Cash Flow": "15,706,000", "Investing Cash Flow": "-7,616,000", "Financing Cash Flow": "-9,752,000", "End Cash Position": "13,426,000", "Capital Expenditure": "-6,900,000", "Issuance of Capital Stock": "-", "Issuance of Debt": "514,000", "Repayment of Debt": "-2,204,000", "Repurchase of Capital Stock": "0", "Free Cash Flow": "8,806,000"}, "6/30/2019": {"Duration": "6/30/2019", "Operating Cash Flow": "17,871,000", "Investing Cash Flow": "2,607,000", "Financing Cash Flow": "-20,528,000", "End Cash Position": "15,593,000", "Capital Expenditure": "-6,250,000", "Issuance of Capital Stock": "-", "Issuance of Debt": "250,000", "Repayment of Debt": "-2,764,000", "Repurchase of Capital Stock": "-5,220,000", "Free Cash Flow": "11,621,000"}, "6/30/2018": {"Duration": "6/30/2018", "Operating Cash Flow": "18,461,000", "Investing Cash Flow": "-5,921,000", "Financing Cash Flow": "-10,891,000", "End Cash Position": "15,813,000", "Capital Expenditure": "-4,979,000", "Issuance of Capital Stock": "-", "Issuance of Debt": "528,000", "Repayment of Debt": "-4,406,000", "Repurchase of Capital Stock": "-", "Free Cash Flow": "13,482,000"}}}}, {"BBL": {"quote": {"05/07/2021": {"value": "66.08", "Market Cap": "165.354B", "Beta (5Y Monthly)": "0.85", "PE Ratio (TTM)": "24.03", "EPS (TTM)": "2.75", "Earnings Date": "N/A", "Forward Dividend & Yield": "3.12 (4.80%)", "Ex-Dividend Date": "Mar 04, 2021", "1y Target Est": "78.00"}}, "fin": {"TTM": {"Duration": "TTM", "Total Revenue": "46,276,000", "Cost of Revenue": "-", "Gross Profit": "-", "Operating Expense": "15,742,000", "Operating Income": "16,877,000", "Net Non Operating Interest Income Expense": "-914,000", "Other Income Expense": "-", "Pretax Income": "14,546,000", "Tax Provision": "6,172,000", "Net Income Common Stockholders": "6,964,000", "Diluted NI Available to Com Stockholders": "6,964,000", "Basic EPS": "-", "Diluted EPS": "-", "Basic Average Shares": "-", "Diluted Average Shares": "-", "Total Operating Income as Reported": "15,857,000", "Rent Expense Supplemental": "-", "Total Expenses": "29,399,000", "Net Income from Continuing & Discontinued Operation": "6,964,000", "Normalized Income": "7,993,510", "Interest Income": "182,000", "Interest Expense": "1,097,000", "Net Interest Income": "-914,000", "EBIT": "15,643,000", "EBITDA": "21,986,000", "Reconciled Cost of Revenue": "-", "Reconciled Depreciation": "6,343,000", "Net Income from Continuing Operation Net Minority Interest": "6,964,000", "Total Unusual Items Excluding Goodwill": "-1,271,000", "Total Unusual Items": "-1,271,000", "Normalized EBITDA": "23,257,000", "Tax Rate for Calcs": "0", "Tax Effect of Unusual Items": "-241,490"}, "6/30/2020": {"Duration": "6/30/2020", "Total Revenue": "42,931,000", "Cost of Revenue": "13,657,000", "Gross Profit": "29,274,000", "Operating Expense": "14,487,000", "Operating Income": "14,787,000", "Net Non Operating Interest Income Expense": "-996,000", "Other Income Expense": "-", "Pretax Income": "13,510,000", "Tax Provision": "4,774,000", "Net Income Common Stockholders": "7,956,000", "Diluted NI Available to Com Stockholders": "7,956,000", "Basic EPS": "3.15", "Diluted EPS": "3.14", "Basic Average Shares": "2,528,500", "Diluted Average Shares": "2,534,500", "Total Operating Income as Reported": "14,421,000", "Rent Expense Supplemental": "675,000", "Total Expenses": "28,144,000", "Net Income from Continuing & Discontinued Operation": "7,956,000", "Normalized Income": "8,537,006", "Interest Income": "351,000", "Interest Expense": "1,347,000", "Net Interest Income": "-996,000", "EBIT": "14,857,000", "EBITDA": "-", "Reconciled Cost of Revenue": "13,657,000", "Reconciled Depreciation": "6,112,000", "Net Income from Continuing Operation Net Minority Interest": "7,956,000", "Total Unusual Items Excluding Goodwill": "-898,000", "Total Unusual Items": "-898,000", "Normalized EBITDA": "21,867,000", "Tax Rate for Calcs": "0", "Tax Effect of Unusual Items": "-316,994"}, "6/30/2019": {"Duration": "6/30/2019", "Total Revenue": "44,288,000", "Cost of Revenue": "13,454,000", "Gross Profit": "30,834,000", "Operating Expense": "14,080,000", "Operating Income": "16,754,000", "Net Non Operating Interest Income Expense": "-1,138,000", "Other Income Expense": "-", "Pretax Income": "15,049,000", "Tax Provision": "5,529,000", "Net Income Common Stockholders": "8,306,000", "Diluted NI Available to Com Stockholders": "8,306,000", "Basic EPS": "3.21", "Diluted EPS": "3.20", "Basic Average Shares": "2,590,000", "Diluted Average Shares": "2,596,500", "Total Operating Income as Reported": "16,113,000", "Rent Expense Supplemental": "405,000", "Total Expenses": "27,534,000", "Net Income from Continuing & Discontinued Operation": "8,306,000", "Normalized Income": "8,757,546", "Interest Income": "446,000", "Interest Expense": "1,565,000", "Net Interest Income": "-1,138,000", "EBIT": "16,614,000", "EBITDA": "-", "Reconciled Cost of Revenue": "13,454,000", "Reconciled Depreciation": "5,829,000", "Net Income from Continuing Operation Net Minority Interest": "8,641,000", "Total Unusual Items Excluding Goodwill": "-162,000", "Total Unusual Items": "-148,000", "Normalized EBITDA": "22,591,000", "Tax Rate for Calcs": "0", "Tax Effect of Unusual Items": "-59,454"}, "6/30/2018": {"Duration": "6/30/2018", "Total Revenue": "43,638,000", "Cost of Revenue": "12,703,000", "Gross Profit": "30,935,000", "Operating Expense": "14,836,000", "Operating Income": "16,099,000", "Net Non Operating Interest Income Expense": "-1,200,000", "Other Income Expense": "-", "Pretax Income": "14,751,000", "Tax Provision": "7,007,000", "Net Income Common Stockholders": "3,705,000", "Diluted NI Available to Com Stockholders": "3,705,000", "Basic EPS": "1.39", "Diluted EPS": "1.39", "Basic Average Shares": "2,661,500", "Diluted Average Shares": "2,668,500", "Total Operating Income as Reported": "15,996,000", "Rent Expense Supplemental": "421,000", "Total Expenses": "27,539,000", "Net Income from Continuing & Discontinued Operation": "3,705,000", "Normalized Income": "6,969,670", "Interest Income": "322,000", "Interest Expense": "1,443,000", "Net Interest Income": "-1,200,000", "EBIT": "16,194,000", "EBITDA": "-", "Reconciled Cost of Revenue": "12,703,000", "Reconciled Depreciation": "6,288,000", "Net Income from Continuing Operation Net Minority Interest": "6,626,000", "Total Unusual Items Excluding Goodwill": "-407,000", "Total Unusual Items": "-393,000", "Normalized EBITDA": "22,875,000", "Tax Rate for Calcs": "0", "Tax Effect of Unusual Items": "-77,330"}}, "bs": {"6/30/2020": {"Duration": "6/30/2020", "Total Assets": "104,783,000", "Total Liabilities Net Minority Interest": "52,537,000", "Total Equity Gross Minority Interest": "52,246,000", "Total Capitalization": "67,382,000", "Common Stock Equity": "47,936,000", "Capital Lease Obligations": "3,443,000", "Net Tangible Assets": "47,312,000", "Working Capital": "6,647,000", "Invested Capital": "71,541,000", "Tangible Book Value": "47,312,000", "Total Debt": "27,048,000", "Net Debt": "10,275,000", "Share Issued": "5,057,693", "Ordinary Shares Number": "5,057,690", "Preferred Shares Number": "50", "Treasury Shares Number": "233.162"}, "6/30/2019": {"Duration": "6/30/2019", "Total Assets": "100,861,000", "Total Liabilities Net Minority Interest": "49,037,000", "Total Equity Gross Minority Interest": "51,824,000", "Total Capitalization": "69,757,000", "Common Stock Equity": "47,240,000", "Capital Lease Obligations": "715,000", "Net Tangible Assets": "46,565,000", "Working Capital": "11,034,000", "Invested Capital": "71,353,000", "Tangible Book Value": "46,565,000", "Total Debt": "24,828,000", "Net Debt": "8,500,000", "Share Issued": "5,056,775", "Ordinary Shares Number": "5,056,735", "Preferred Shares Number": "50", "Treasury Shares Number": "1,188"}, "6/30/2018": {"Duration": "6/30/2018", "Total Assets": "111,993,000", "Total Liabilities Net Minority Interest": "51,323,000", "Total Equity Gross Minority Interest": "60,670,000", "Total Capitalization": "78,936,000", "Common Stock Equity": "55,592,000", "Capital Lease Obligations": "802,000", "Net Tangible Assets": "54,814,000", "Working Capital": "21,141,000", "Invested Capital": "81,595,000", "Tangible Book Value": "54,814,000", "Total Debt": "26,805,000", "Net Debt": "10,230,000", "Share Issued": "5,323,566", "Ordinary Shares Number": "5,323,524", "Preferred Shares Number": "50", "Treasury Shares Number": "238.48"}}, "cf": {"TTM": {"Duration": "TTM", "Operating Cash Flow": "17,633,000", "Investing Cash Flow": "-8,093,000", "Financing Cash Flow": "-14,347,000", "Other Cash Adjustment Inside Change in Cash": "-", "End Cash Position": "9,514,000", "Capital Expenditure": "-6,936,000", "Issuance of Capital Stock": "-", "Issuance of Debt": "522,000", "Repayment of Debt": "-7,751,000", "Repurchase of Capital Stock": "-214,000", "Free Cash Flow": "10,697,000"}, "6/30/2020": {"Duration": "6/30/2020", "Operating Cash Flow": "15,706,000", "Investing Cash Flow": "-7,616,000", "Financing Cash Flow": "-9,752,000", "Other Cash Adjustment Inside Change in Cash": "-", "End Cash Position": "13,426,000", "Capital Expenditure": "-7,123,000", "Issuance of Capital Stock": "-", "Issuance of Debt": "514,000", "Repayment of Debt": "-2,204,000", "Repurchase of Capital Stock": "-143,000", "Free Cash Flow": "8,583,000"}, "6/30/2019": {"Duration": "6/30/2019", "Operating Cash Flow": "17,871,000", "Investing Cash Flow": "2,607,000", "Financing Cash Flow": "-20,528,000", "Other Cash Adjustment Inside Change in Cash": "-", "End Cash Position": "15,593,000", "Capital Expenditure": "-6,607,000", "Issuance of Capital Stock": "-", "Issuance of Debt": "90,000", "Repayment of Debt": "-2,604,000", "Repurchase of Capital Stock": "-5,408,000", "Free Cash Flow": "11,264,000"}, "6/30/2018": {"Duration": "6/30/2018", "Operating Cash Flow": "18,461,000", "Investing Cash Flow": "-5,921,000", "Financing Cash Flow": "-10,891,000", "Other Cash Adjustment Inside Change in Cash": "1,000", "End Cash Position": "15,813,000", "Capital Expenditure": "-5,212,000", "Issuance of Capital Stock": "-", "Issuance of Debt": "528,000", "Repayment of Debt": "-4,406,000", "Repurchase of Capital Stock": "-171,000", "Free Cash Flow": "13,249,000"}}}}, {"BVN": {"quote": {"05/07/2021": {"value": "10.36", "Market Cap": "2.631B", "Beta (5Y Monthly)": "0.77", "PE Ratio (TTM)": "N/A", "EPS (TTM)": "-0.53", "Earnings Date": "N/A", "Forward Dividend & Yield": "N/A (N/A)", "Ex-Dividend Date": "Nov 22, 2019", "1y Target Est": "13.74"}}, "fin": {"TTM": {"Duration": "TTM", "Total Revenue": "747,928", "Cost of Revenue": "673,595", "Gross Profit": "74,333", "Operating Expense": "136,758", "Operating Income": "-62,425", "Net Non Operating Interest Income Expense": "-30,333", "Other Income Expense": "86,901", "Pretax Income": "-5,857", "Tax Provision": "51,550", "Net Income Common Stockholders": "-51,085", "Diluted NI Available to Com Stockholders": "-51,085", "Basic EPS": "-", "Diluted EPS": "-", "Basic Average Shares": "-", "Diluted Average Shares": "-", "Total Operating Income as Reported": "-32,564", "Rent Expense Supplemental": "-", "Total Expenses": "810,353", "Interest Income": "2,729", "Interest Expense": "26,720", "Net Interest Income": "-30,333", "Net Income from Continuing & Discontinued Operation": "-51,085", "Normalized Income": "-50,569", "EBIT": "20,863", "EBITDA": "20,863", "Reconciled Cost of Revenue": "673,595", "Reconciled Depreciation": "-", "Net Income from Continuing Operation Net Minority Interest": "-56,637", "Total Unusual Items Excluding Goodwill": "-10,114", "Total Unusual Items": "-10,114", "Normalized EBITDA": "30,977", "Tax Rate for Calcs": "0", "Tax Effect of Unusual Items": "-4,046"}, "12/31/2020": {"Duration": "12/31/2020", "Total Revenue": "676,542", "Cost of Revenue": "652,613", "Gross Profit": "23,929", "Operating Expense": "138,347", "Operating Income": "-114,418", "Net Non Operating Interest Income Expense": "-28,632", "Other Income Expense": "12,732", "Pretax Income": "-130,318", "Tax Provision": "25,430", "Net Income Common Stockholders": "-135,718", "Diluted NI Available to Com Stockholders": "-135,718", "Basic EPS": "-0.53", "Diluted EPS": "-0.53", "Basic Average Shares": "350,056", "Diluted Average Shares": "350,056", "Total Operating Income as Reported": "-81,274", "Rent Expense Supplemental": "2,773", "Total Expenses": "790,960", "Interest Income": "1,895", "Interest Expense": "24,185", "Net Interest Income": "-28,632", "Net Income from Continuing & Discontinued Operation": "-135,718", "Normalized Income": "-134,240", "EBIT": "-106,133", "EBITDA": "-", "Reconciled Cost of Revenue": "652,613", "Reconciled Depreciation": "3,700", "Net Income from Continuing Operation Net Minority Interest": "-141,127", "Total Unusual Items Excluding Goodwill": "-9,769", "Total Unusual Items": "-9,769", "Normalized EBITDA": "-92,664", "Tax Rate for Calcs": "0", "Tax Effect of Unusual Items": "-2,882"}, "12/31/2019": {"Duration": "12/31/2019", "Total Revenue": "867,888", "Cost of Revenue": "799,582", "Gross Profit": "68,306", "Operating Expense": "193,163", "Operating Income": "-124,857", "Net Non Operating Interest Income Expense": "-21,942", "Other Income Expense": "103,264", "Pretax Income": "-43,535", "Tax Provision": "-25,590", "Net Income Common Stockholders": "-12,208", "Diluted NI Available to Com Stockholders": "-12,208", "Basic EPS": "-0.05", "Diluted EPS": "-0.05", "Basic Average Shares": "253,987", "Diluted Average Shares": "253,987", "Total Operating Income as Reported": "-58,013", "Rent Expense Supplemental": "1,011", "Total Expenses": "992,745", "Interest Income": "5,533", "Interest Expense": "28,798", "Net Interest Income": "-21,942", "Net Income from Continuing & Discontinued Operation": "-12,208", "Normalized Income": "-8,462", "EBIT": "-14,737", "EBITDA": "-", "Reconciled Cost of Revenue": "799,582", "Reconciled Depreciation": "3,825", "Net Income from Continuing Operation Net Minority Interest": "-1,694", "Total Unusual Items Excluding Goodwill": "9,600", "Total Unusual Items": "9,600", "Normalized EBITDA": "-20,512", "Tax Rate for Calcs": "0", "Tax Effect of Unusual Items": "2,832"}, "12/31/2018": {"Duration": "12/31/2018", "Total Revenue": "1,167,381", "Cost of Revenue": "982,957", "Gross Profit": "184,424", "Operating Expense": "136,535", "Operating Income": "47,889", "Net Non Operating Interest Income Expense": "-28,597", "Other Income Expense": "3,183", "Pretax Income": "22,475", "Tax Provision": "26,926", "Net Income Common Stockholders": "-13,445", "Diluted NI Available to Com Stockholders": "-13,445", "Basic EPS": "-0.05", "Diluted EPS": "-0.05", "Basic Average Shares": "253,987", "Diluted Average Shares": "253,987", "Total Operating Income as Reported": "53,755", "Rent Expense Supplemental": "5,818", "Total Expenses": "1,119,492", "Interest Income": "7,530", "Interest Expense": "32,269", "Net Interest Income": "-28,597", "Net Income from Continuing & Discontinued Operation": "-13,445", "Normalized Income": "-9,293", "EBIT": "54,744", "EBITDA": "-", "Reconciled Cost of Revenue": "982,957", "Reconciled Depreciation": "1,295", "Net Income from Continuing Operation Net Minority Interest": "-6,242", "Total Unusual Items Excluding Goodwill": "4,327", "Total Unusual Items": "4,327", "Normalized EBITDA": "51,712", "Tax Rate for Calcs": "0", "Tax Effect of Unusual Items": "1,276"}}, "bs": {"12/31/2020": {"Duration": "12/31/2020", "Total Assets": "3,979,617", "Total Liabilities Net Minority Interest": "1,179,760", "Total Equity Gross Minority Interest": "2,799,857", "Total Capitalization": "3,134,027", "Preferred Stock Equity": "791", "Common Stock Equity": "2,626,669", "Net Tangible Assets": "2,606,512", "Working Capital": "228,716", "Invested Capital": "3,224,115", "Tangible Book Value": "2,605,721", "Total Debt": "597,446", "Net Debt": "361,997", "Share Issued": "275,635", "Ordinary Shares Number": "253,987", "Treasury Shares Number": "21,648"}, "12/31/2019": {"Duration": "12/31/2019", "Total Assets": "4,107,274", "Total Liabilities Net Minority Interest": "1,139,074", "Total Equity Gross Minority Interest": "2,968,200", "Total Capitalization": "3,077,518", "Preferred Stock Equity": "791", "Common Stock Equity": "2,770,731", "Net Tangible Assets": "2,751,024", "Working Capital": "83,262", "Invested Capital": "3,397,419", "Tangible Book Value": "2,750,233", "Total Debt": "626,688", "Net Debt": "416,642", "Share Issued": "275,635", "Ordinary Shares Number": "253,987", "Treasury Shares Number": "21,648"}, "12/31/2018": {"Duration": "12/31/2018", "Total Assets": "4,217,221", "Total Liabilities Net Minority Interest": "1,187,656", "Total Equity Gross Minority Interest": "3,029,565", "Total Capitalization": "2,808,328", "Preferred Stock Equity": "791", "Common Stock Equity": "2,807,537", "Net Tangible Assets": "2,808,328", "Working Capital": "361,952", "Invested Capital": "2,807,537", "Tangible Book Value": "2,807,537", "Total Debt": "95,000", "Net Debt": "-", "Share Issued": "275,635", "Ordinary Shares Number": "253,987", "Treasury Shares Number": "21,648"}}, "cf": {"TTM": {"Duration": "TTM", "Cash Flows from Used in Operating Activities Direct": "114,171", "Investing Cash Flow": "-67,715", "Financing Cash Flow": "-42,671", "End Cash Position": "225,373", "Capital Expenditure": "-74,460", "Issuance of Debt": "13,019", "Repayment of Debt": "-17,691", "Repurchase of Capital Stock": "-", "Free Cash Flow": "39,711"}, "12/31/2020": {"Duration": "12/31/2020", "Cash Flows from Used in Operating Activities Direct": "122,885", "Investing Cash Flow": "-62,224", "Financing Cash Flow": "-35,258", "End Cash Position": "235,449", "Capital Expenditure": "-71,546", "Issuance of Debt": "18,019", "Repayment of Debt": "-11,277", "Repurchase of Capital Stock": "-", "Free Cash Flow": "51,339"}, "12/31/2019": {"Duration": "12/31/2019", "Cash Flows from Used in Operating Activities Direct": "47,065", "Investing Cash Flow": "-105,601", "Financing Cash Flow": "-100,618", "End Cash Position": "210,046", "Capital Expenditure": "-101,901", "Issuance of Debt": "55,000", "Repayment of Debt": "-102,596", "Repurchase of Capital Stock": "-", "Free Cash Flow": "-54,836"}, "12/31/2018": {"Duration": "12/31/2018", "Cash Flows from Used in Operating Activities Direct": "346,260", "Investing Cash Flow": "-117,559", "Financing Cash Flow": "-74,052", "End Cash Position": "369,200", "Capital Expenditure": "-109,030", "Issuance of Debt": "95,000", "Repayment of Debt": "-95,000", "Repurchase of Capital Stock": "0", "Free Cash Flow": "237,230"}}}}, {"SVBL": {"quote": {"05/07/2021": {"value": "0.8000", "Market Cap": "26.666M", "Beta (5Y Monthly)": "0.57", "PE Ratio (TTM)": "N/A", "EPS (TTM)": "-0.0820", "Earnings Date": "N/A", "Forward Dividend & Yield": "N/A (N/A)", "Ex-Dividend Date": "N/A", "1y Target Est": "N/A"}}, "fin": {"TTM": {"Duration": "TTM", "Total Revenue": "0", "Cost of Revenue": "36", "Gross Profit": "-36", "Operating Expense": "2,453", "Operating Income": "-2,489", "Net Non Operating Interest Income Expense": "2.263", "Other Income Expense": "-20.388", "Pretax Income": "-2,507", "Tax Provision": "8.736", "Net Income Common Stockholders": "-2,515", "Diluted NI Available to Com Stockholders": "-2,515", "Basic EPS": "-", "Diluted EPS": "-", "Basic Average Shares": "-", "Diluted Average Shares": "-", "Total Operating Income as Reported": "-2,489", "Total Expenses": "2,489", "Interest Income": "2.263", "Interest Expense": "-", "Net Interest Income": "2.263", "Net Income from Continuing & Discontinued Operation": "-2,515", "Normalized Income": "-2,503", "EBIT": "-2,489", "EBITDA": "-2,453", "Reconciled Cost of Revenue": "36", "Reconciled Depreciation": "36", "Net Income from Continuing Operation Net Minority Interest": "-2,515", "Total Unusual Items Excluding Goodwill": "-20.388", "Total Unusual Items": "-20.388", "Normalized EBITDA": "-2,432", "Tax Rate for Calcs": "0", "Tax Effect of Unusual Items": "-8.1552"}, "10/31/2020": {"Duration": "10/31/2020", "Total Revenue": "0", "Cost of Revenue": "34.694", "Gross Profit": "-34.694", "Operating Expense": "2,168", "Operating Income": "-2,203", "Net Non Operating Interest Income Expense": "7.689", "Other Income Expense": "-22.371", "Pretax Income": "-2,218", "Tax Provision": "7.942", "Net Income Common Stockholders": "-2,226", "Diluted NI Available to Com Stockholders": "-2,226", "Basic EPS": "-0.08", "Diluted EPS": "-0.08", "Basic Average Shares": "29,581", "Diluted Average Shares": "29,581", "Total Operating Income as Reported": "-2,203", "Total Expenses": "2,203", "Interest Income": "7.689", "Interest Expense": "-", "Net Interest Income": "7.689", "Net Income from Continuing & Discontinued Operation": "-2,226", "Normalized Income": "-2,209", "EBIT": "-2,203", "EBITDA": "-", "Reconciled Cost of Revenue": "34.694", "Reconciled Depreciation": "34.694", "Net Income from Continuing Operation Net Minority Interest": "-2,226", "Total Unusual Items Excluding Goodwill": "-22.371", "Total Unusual Items": "-22.371", "Normalized EBITDA": "-2,146", "Tax Rate for Calcs": "0", "Tax Effect of Unusual Items": "-5.9283"}, "10/31/2019": {"Duration": "10/31/2019", "Total Revenue": "0", "Cost of Revenue": "44.119", "Gross Profit": "-44.119", "Operating Expense": "4,317", "Operating Income": "-4,361", "Net Non Operating Interest Income Expense": "28.443", "Other Income Expense": "399.265", "Pretax Income": "-3,933", "Tax Provision": "5.309", "Net Income Common Stockholders": "-3,939", "Diluted NI Available to Com Stockholders": "-3,939", "Basic EPS": "-0.16", "Diluted EPS": "-0.16", "Basic Average Shares": "29,486", "Diluted Average Shares": "29,486", "Total Operating Income as Reported": "-4,361", "Total Expenses": "4,361", "Interest Income": "28.443", "Interest Expense": "0", "Net Interest Income": "28.443", "Net Income from Continuing & Discontinued Operation": "-3,939", "Normalized Income": "-4,232", "EBIT": "-3,933", "EBITDA": "-", "Reconciled Cost of Revenue": "44.119", "Reconciled Depreciation": "44.119", "Net Income from Continuing Operation Net Minority Interest": "-3,939", "Total Unusual Items Excluding Goodwill": "399.265", "Total Unusual Items": "399.265", "Normalized EBITDA": "-4,288", "Tax Rate for Calcs": "0", "Tax Effect of Unusual Items": "105.8052"}, "10/31/2018": {"Duration": "10/31/2018", "Total Revenue": "0", "Cost of Revenue": "27.105", "Gross Profit": "-27.105", "Operating Expense": "2,975", "Operating Income": "-3,002", "Net Non Operating Interest Income Expense": "1.736", "Other Income Expense": "-515.66", "Pretax Income": "-3,516", "Tax Provision": "3.718", "Net Income Common Stockholders": "-3,520", "Diluted NI Available to Com Stockholders": "-3,520", "Basic EPS": "-0.16", "Diluted EPS": "-0.16", "Basic Average Shares": "26,327", "Diluted Average Shares": "26,327", "Total Operating Income as Reported": "-3,002", "Total Expenses": "3,002", "Interest Income": "4.065", "Interest Expense": "2.329", "Net Interest Income": "1.736", "Net Income from Continuing & Discontinued Operation": "-3,520", "Normalized Income": "-3,140", "EBIT": "-3,514", "EBITDA": "-", "Reconciled Cost of Revenue": "27.105", "Reconciled Depreciation": "27.105", "Net Income from Continuing Operation Net Minority Interest": "-3,520", "Total Unusual Items Excluding Goodwill": "-515.885", "Total Unusual Items": "-515.885", "Normalized EBITDA": "-2,971", "Tax Rate for Calcs": "0", "Tax Effect of Unusual Items": "-136.7095"}}, "bs": {"10/31/2020": {"Duration": "10/31/2020", "Total Assets": "10,004", "Total Liabilities Net Minority Interest": "917.809", "Total Equity Gross Minority Interest": "9,086", "Total Capitalization": "9,116", "Common Stock Equity": "9,086", "Net Tangible Assets": "2,008", "Working Capital": "1,798", "Invested Capital": "9,116", "Tangible Book Value": "2,008", "Total Debt": "30.034", "Share Issued": "33,166", "Ordinary Shares Number": "33,166"}, "10/31/2019": {"Duration": "10/31/2019", "Total Assets": "9,206", "Total Liabilities Net Minority Interest": "641.017", "Total Equity Gross Minority Interest": "8,565", "Total Capitalization": "8,565", "Common Stock Equity": "8,565", "Net Tangible Assets": "1,487", "Working Capital": "1,261", "Invested Capital": "8,565", "Tangible Book Value": "1,487", "Total Debt": "-", "Share Issued": "29,541", "Ordinary Shares Number": "29,541"}, "10/31/2018": {"Duration": "10/31/2018", "Total Assets": "10,730", "Total Liabilities Net Minority Interest": "1,128", "Total Equity Gross Minority Interest": "9,602", "Total Capitalization": "9,602", "Common Stock Equity": "9,602", "Net Tangible Assets": "2,524", "Working Capital": "2,322", "Invested Capital": "9,602", "Tangible Book Value": "2,524", "Total Debt": "-", "Share Issued": "29,359", "Ordinary Shares Number": "29,359"}}, "cf": {"TTM": {"Duration": "TTM", "Operating Cash Flow": "-2,047", "Investing Cash Flow": "-818.28", "Financing Cash Flow": "2,135", "End Cash Position": "863.786", "Income Tax Paid Supplemental Data": "8.734", "Interest Paid Supplemental Data": "0", "Capital Expenditure": "-", "Issuance of Capital Stock": "1,812", "Issuance of Debt": "45.146", "Free Cash Flow": "-2,106"}, "10/31/2020": {"Duration": "10/31/2020", "Operating Cash Flow": "-1,958", "Investing Cash Flow": "-408.1", "Financing Cash Flow": "2,799", "End Cash Position": "1,862", "Income Tax Paid Supplemental Data": "4.825", "Interest Paid Supplemental Data": "0", "Capital Expenditure": "-48.05", "Issuance of Capital Stock": "1,669", "Issuance of Debt": "29.531", "Free Cash Flow": "-2,006"}, "10/31/2019": {"Duration": "10/31/2019", "Operating Cash Flow": "-4,209", "Investing Cash Flow": "-69.045", "Financing Cash Flow": "2,684", "End Cash Position": "1,432", "Income Tax Paid Supplemental Data": "8.08", "Interest Paid Supplemental Data": "0", "Capital Expenditure": "-69.045", "Issuance of Capital Stock": "0", "Issuance of Debt": "-", "Free Cash Flow": "-4,278"}, "10/31/2018": {"Duration": "10/31/2018", "Operating Cash Flow": "-2,647", "Investing Cash Flow": "-35.377", "Financing Cash Flow": "5,026", "End Cash Position": "3,026", "Income Tax Paid Supplemental Data": "4.599", "Interest Paid Supplemental Data": "2.329", "Capital Expenditure": "-35.377", "Issuance of Capital Stock": "3,470", "Issuance of Debt": "-", "Free Cash Flow": "-2,683"}}}}, {"CLF": {"quote": {"05/07/2021": {"value": "21.12", "Market Cap": "10.547B", "Beta (5Y Monthly)": "2.27", "PE Ratio (TTM)": "N/A", "EPS (TTM)": "-0.07", "Earnings Date": "Jul 28, 2021 - Aug 02, 2021", "Forward Dividend & Yield": "N/A (N/A)", "Ex-Dividend Date": "Apr 02, 2020", "1y Target Est": "23.52"}}, "fin": {"TTM": {"Duration": "TTM", "Total Revenue": "9,044,000", "Cost of Revenue": "8,507,000", "Gross Profit": "537,000", "Operating Expense": "362,000", "Operating Income": "175,000", "Net Non Operating Interest Income Expense": "-299,000", "Other Income Expense": "98,000", "Pretax Income": "-26,000", "Tax Provision": "-51,000", "Earnings from Equity Interest Net of Tax": "-", "Net Income Common Stockholders": "-29,000", "Diluted NI Available to Com Stockholders": "-29,000", "Basic EPS": "-", "Diluted EPS": "-", "Basic Average Shares": "-", "Diluted Average Shares": "-", "Total Operating Income as Reported": "114,000", "Total Expenses": "8,869,000", "Interest Expense": "299,000", "Net Interest Income": "-299,000", "Net Income from Continuing & Discontinued Operation": "-29,000", "Normalized Income": "-29,000", "EBIT": "273,000", "EBITDA": "763,000", "Reconciled Cost of Revenue": "8,507,000", "Reconciled Depreciation": "490,000", "Net Income from Continuing Operation Net Minority Interest": "-29,000", "Total Unusual Items Excluding Goodwill": "0", "Total Unusual Items": "0", "Normalized EBITDA": "763,000", "Tax Rate for Calcs": "0", "Tax Effect of Unusual Items": "0"}, "12/31/2020": {"Duration": "12/31/2020", "Total Revenue": "5,354,000", "Cost of Revenue": "5,102,000", "Gross Profit": "252,000", "Operating Expense": "304,000", "Operating Income": "-52,000", "Net Non Operating Interest Income Expense": "-238,000", "Other Income Expense": "97,000", "Pretax Income": "-193,000", "Tax Provision": "-111,000", "Earnings from Equity Interest Net of Tax": "-", "Net Income Common Stockholders": "-122,000", "Diluted NI Available to Com Stockholders": "-122,000", "Basic EPS": "-0.32", "Diluted EPS": "-0.32", "Basic Average Shares": "378,663", "Diluted Average Shares": "378,663", "Total Operating Income as Reported": "-142,000", "Total Expenses": "5,406,000", "Interest Expense": "238,000", "Net Interest Income": "-238,000", "Net Income from Continuing & Discontinued Operation": "-122,000", "Normalized Income": "-152,200", "EBIT": "45,000", "EBITDA": "-", "Reconciled Cost of Revenue": "5,102,000", "Reconciled Depreciation": "308,000", "Net Income from Continuing Operation Net Minority Interest": "-123,000", "Total Unusual Items Excluding Goodwill": "40,000", "Total Unusual Items": "40,000", "Normalized EBITDA": "313,000", "Tax Rate for Calcs": "0", "Tax Effect of Unusual Items": "10,800"}, "12/31/2019": {"Duration": "12/31/2019", "Total Revenue": "1,989,900", "Cost of Revenue": "1,414,200", "Gross Profit": "575,700", "Operating Expense": "146,400", "Operating Income": "429,300", "Net Non Operating Interest Income Expense": "-101,200", "Other Income Expense": "-16,000", "Pretax Income": "312,100", "Tax Provision": "17,600", "Earnings from Equity Interest Net of Tax": "-", "Net Income Common Stockholders": "292,800", "Diluted NI Available to Com Stockholders": "292,800", "Basic EPS": "1.06", "Diluted EPS": "1.03", "Basic Average Shares": "276,761", "Diluted Average Shares": "284,480", "Total Operating Income as Reported": "429,300", "Total Expenses": "1,560,600", "Interest Expense": "101,200", "Net Interest Income": "-101,200", "Net Income from Continuing & Discontinued Operation": "292,800", "Normalized Income": "311,663", "EBIT": "413,300", "EBITDA": "-", "Reconciled Cost of Revenue": "1,414,200", "Reconciled Depreciation": "85,100", "Net Income from Continuing Operation Net Minority Interest": "294,500", "Total Unusual Items Excluding Goodwill": "-18,200", "Total Unusual Items": "-18,200", "Normalized EBITDA": "516,600", "Tax Rate for Calcs": "0", "Tax Effect of Unusual Items": "-1,037"}, "12/31/2018": {"Duration": "12/31/2018", "Total Revenue": "2,332,400", "Cost of Revenue": "1,522,800", "Gross Profit": "809,600", "Operating Expense": "134,400", "Operating Income": "675,200", "Net Non Operating Interest Income Expense": "-118,900", "Other Income Expense": "8,400", "Pretax Income": "564,700", "Tax Provision": "-475,200", "Earnings from Equity Interest Net of Tax": "-", "Net Income Common Stockholders": "1,128,100", "Diluted NI Available to Com Stockholders": "1,128,100", "Basic EPS": "3.80", "Diluted EPS": "3.71", "Basic Average Shares": "297,176", "Diluted Average Shares": "304,141", "Total Operating Income as Reported": "673,200", "Total Expenses": "1,657,200", "Interest Expense": "118,900", "Net Interest Income": "-118,900", "Net Income from Continuing & Discontinued Operation": "1,128,100", "Normalized Income": "1,046,324", "EBIT": "683,600", "EBITDA": "-", "Reconciled Cost of Revenue": "1,522,800", "Reconciled Depreciation": "89,000", "Net Income from Continuing Operation Net Minority Interest": "1,039,900", "Total Unusual Items Excluding Goodwill": "-8,800", "Total Unusual Items": "-8,800", "Normalized EBITDA": "781,400", "Tax Rate for Calcs": "0", "Tax Effect of Unusual Items": "-2,376"}}, "bs": {"12/31/2020": {"Duration": "12/31/2020", "Total Assets": "16,771,000", "Total Liabilities Net Minority Interest": "14,430,000", "Total Equity Gross Minority Interest": "2,341,000", "Total Capitalization": "7,408,000", "Common Stock Equity": "2,018,000", "Net Tangible Assets": "612,000", "Working Capital": "2,369,000", "Invested Capital": "7,408,000", "Tangible Book Value": "612,000", "Total Debt": "5,390,000", "Net Debt": "5,278,000", "Share Issued": "506,833", "Ordinary Shares Number": "477,517", "Treasury Shares Number": "29,315"}, "12/31/2019": {"Duration": "12/31/2019", "Total Assets": "3,503,800", "Total Liabilities Net Minority Interest": "3,145,900", "Total Equity Gross Minority Interest": "357,900", "Total Capitalization": "2,471,700", "Common Stock Equity": "357,900", "Net Tangible Assets": "357,900", "Working Capital": "488,500", "Invested Capital": "2,471,700", "Tangible Book Value": "357,900", "Total Debt": "2,113,800", "Net Debt": "1,761,200", "Share Issued": "301,887", "Ordinary Shares Number": "270,084", "Treasury Shares Number": "31,803"}, "12/31/2018": {"Duration": "12/31/2018", "Total Assets": "3,529,600", "Total Liabilities Net Minority Interest": "3,105,400", "Total Equity Gross Minority Interest": "424,200", "Total Capitalization": "2,517,100", "Common Stock Equity": "424,200", "Net Tangible Assets": "424,200", "Working Capital": "1,011,400", "Invested Capital": "2,517,100", "Tangible Book Value": "424,200", "Total Debt": "2,092,900", "Net Debt": "1,269,700", "Share Issued": "301,887", "Ordinary Shares Number": "292,612", "Treasury Shares Number": "9,275"}}, "cf": {"TTM": {"Duration": "TTM", "Operating Cash Flow": "-476,000", "Investing Cash Flow": "-1,170,000", "Financing Cash Flow": "1,566,000", "Cash Flow from Discontinued Operation": "-", "End Cash Position": "110,000", "Capital Expenditure": "-523,000", "Issuance of Capital Stock": "-", "Issuance of Debt": "4,465,000", "Repayment of Debt": "-3,055,000", "Repurchase of Capital Stock": "-", "Free Cash Flow": "-999,000"}, "12/31/2020": {"Duration": "12/31/2020", "Operating Cash Flow": "-261,000", "Investing Cash Flow": "-2,042,000", "Financing Cash Flow": "2,059,000", "Cash Flow from Discontinued Operation": "3,000", "End Cash Position": "112,000", "Capital Expenditure": "-525,000", "Issuance of Capital Stock": "-", "Issuance of Debt": "3,823,000", "Repayment of Debt": "-1,573,000", "Repurchase of Capital Stock": "0", "Free Cash Flow": "-786,000"}, "12/31/2019": {"Duration": "12/31/2019", "Operating Cash Flow": "562,500", "Investing Cash Flow": "-644,400", "Financing Cash Flow": "-394,100", "Cash Flow from Discontinued Operation": "5,400", "End Cash Position": "352,600", "Capital Expenditure": "-656,000", "Issuance of Capital Stock": "0", "Issuance of Debt": "720,900", "Repayment of Debt": "-729,300", "Repurchase of Capital Stock": "-252,900", "Free Cash Flow": "-93,500"}, "12/31/2018": {"Duration": "12/31/2018", "Operating Cash Flow": "478,500", "Investing Cash Flow": "-273,100", "Financing Cash Flow": "-375,200", "Cash Flow from Discontinued Operation": "17,000", "End Cash Position": "823,200", "Capital Expenditure": "-296,100", "Issuance of Capital Stock": "0", "Issuance of Debt": "0", "Repayment of Debt": "-234,500", "Repurchase of Capital Stock": "-47,500", "Free Cash Flow": "182,400"}}}}, {"CCJ": {"quote": {"05/07/2021": {"value": "20.08", "Market Cap": "7.906B", "Beta (5Y Monthly)": "0.78", "PE Ratio (TTM)": "N/A", "EPS (TTM)": "-0.11", "Earnings Date": "Jul 27, 2021 - Aug 02, 2021", "Forward Dividend & Yield": "0.06 (0.33%)", "Ex-Dividend Date": "Nov 27, 2020", "1y Target Est": "10.86"}}, "fin": {"TTM": {"Duration": "TTM", "Total Revenue": "1,800,073", "Cost of Revenue": "1,693,624", "Gross Profit": "106,449", "Operating Expense": "146,756", "Operating Income": "-40,307", "Net Non Operating Interest Income Expense": "-85,298", "Other Income Expense": "86,074", "Pretax Income": "-39,531", "Tax Provision": "13,666", "Net Income Common Stockholders": "-53,169", "Diluted NI Available to Com Stockholders": "-53,169", "Basic EPS": "-", "Diluted EPS": "-", "Basic Average Shares": "-", "Diluted Average Shares": "-", "Total Operating Income as Reported": "-78,726", "Total Expenses": "1,840,380", "Interest Income": "10,835", "Interest Expense": "57,743", "Net Interest Income": "-85,298", "Net Income from Continuing & Discontinued Operation": "-53,169", "Normalized Income": "-89,475", "EBIT": "18,212", "EBITDA": "226,874", "Reconciled Cost of Revenue": "1,693,624", "Reconciled Depreciation": "208,662", "Net Income from Continuing Operation Net Minority Interest": "-53,169", "Total Unusual Items Excluding Goodwill": "49,396", "Total Unusual Items": "49,396", "Normalized EBITDA": "177,478", "Tax Rate for Calcs": "0", "Tax Effect of Unusual Items": "13,090"}, "12/31/2020": {"Duration": "12/31/2020", "Total Revenue": "1,800,073", "Cost of Revenue": "1,693,624", "Gross Profit": "106,449", "Operating Expense": "146,756", "Operating Income": "-40,307", "Net Non Operating Interest Income Expense": "-85,298", "Other Income Expense": "86,074", "Pretax Income": "-39,531", "Tax Provision": "13,666", "Net Income Common Stockholders": "-53,169", "Diluted NI Available to Com Stockholders": "-53,169", "Basic EPS": "-", "Diluted EPS": "-", "Basic Average Shares": "-", "Diluted Average Shares": "-", "Total Operating Income as Reported": "-78,726", "Total Expenses": "1,840,380", "Interest Income": "10,835", "Interest Expense": "57,743", "Net Interest Income": "-85,298", "Net Income from Continuing & Discontinued Operation": "-53,169", "Normalized Income": "-89,475", "EBIT": "18,212", "EBITDA": "-", "Reconciled Cost of Revenue": "1,693,624", "Reconciled Depreciation": "208,662", "Net Income from Continuing Operation Net Minority Interest": "-53,169", "Total Unusual Items Excluding Goodwill": "49,396", "Total Unusual Items": "49,396", "Normalized EBITDA": "177,478", "Tax Rate for Calcs": "0", "Tax Effect of Unusual Items": "13,090"}, "12/31/2019": {"Duration": "12/31/2019", "Total Revenue": "1,862,925", "Cost of Revenue": "1,621,300", "Gross Profit": "241,625", "Operating Expense": "147,345", "Operating Income": "94,280", "Net Non Operating Interest Income Expense": "-68,862", "Other Income Expense": "109,600", "Pretax Income": "135,018", "Tax Provision": "61,077", "Net Income Common Stockholders": "74,000", "Diluted NI Available to Com Stockholders": "74,000", "Basic EPS": "0.19", "Diluted EPS": "0.19", "Basic Average Shares": "395,797", "Diluted Average Shares": "396,055", "Total Operating Income as Reported": "92,411", "Total Expenses": "1,768,645", "Interest Income": "29,760", "Interest Expense": "83,925", "Net Interest Income": "-68,862", "Net Income from Continuing & Discontinued Operation": "74,000", "Normalized Income": "26,784", "EBIT": "218,943", "EBITDA": "-", "Reconciled Cost of Revenue": "1,621,300", "Reconciled Depreciation": "275,749", "Net Income from Continuing Operation Net Minority Interest": "74,000", "Total Unusual Items Excluding Goodwill": "64,240", "Total Unusual Items": "64,240", "Normalized EBITDA": "430,452", "Tax Rate for Calcs": "0", "Tax Effect of Unusual Items": "17,024"}, "12/31/2018": {"Duration": "12/31/2018", "Total Revenue": "2,091,661", "Cost of Revenue": "1,795,913", "Gross Profit": "295,748", "Operating Expense": "223,208", "Operating Income": "72,540", "Net Non Operating Interest Income Expense": "-89,708", "Other Income Expense": "57,097", "Pretax Income": "39,929", "Tax Provision": "-126,306", "Net Income Common Stockholders": "166,323", "Diluted NI Available to Com Stockholders": "166,323", "Basic EPS": "0.42", "Diluted EPS": "0.42", "Basic Average Shares": "395,793", "Diluted Average Shares": "396,050", "Total Operating Income as Reported": "70,237", "Total Expenses": "2,019,121", "Interest Income": "22,071", "Interest Expense": "96,720", "Net Interest Income": "-89,708", "Net Income from Continuing & Discontinued Operation": "166,323", "Normalized Income": "149,698", "EBIT": "136,649", "EBITDA": "-", "Reconciled Cost of Revenue": "1,795,913", "Reconciled Depreciation": "327,973", "Net Income from Continuing Operation Net Minority Interest": "166,323", "Total Unusual Items Excluding Goodwill": "22,619", "Total Unusual Items": "22,619", "Normalized EBITDA": "442,003", "Tax Rate for Calcs": "0", "Tax Effect of Unusual Items": "5,994"}}, "bs": {"12/31/2020": {"Duration": "12/31/2020", "Total Assets": "7,580,831", "Total Liabilities Net Minority Interest": "2,622,270", "Total Equity Gross Minority Interest": "4,958,561", "Total Capitalization": "5,953,896", "Common Stock Equity": "4,958,355", "Net Tangible Assets": "4,902,533", "Working Capital": "1,641,261", "Invested Capital": "5,953,896", "Tangible Book Value": "4,902,533", "Total Debt": "995,541", "Net Debt": "77,159", "Share Issued": "396,263", "Ordinary Shares Number": "396,263"}, "12/31/2019": {"Duration": "12/31/2019", "Total Assets": "7,427,248", "Total Liabilities Net Minority Interest": "2,432,285", "Total Equity Gross Minority Interest": "4,994,963", "Total Capitalization": "5,991,443", "Common Stock Equity": "4,994,725", "Net Tangible Assets": "4,934,315", "Working Capital": "1,529,568", "Invested Capital": "5,991,443", "Tangible Book Value": "4,934,315", "Total Debt": "996,718", "Net Debt": "-", "Share Issued": "395,798", "Ordinary Shares Number": "395,798"}, "12/31/2018": {"Duration": "12/31/2018", "Total Assets": "8,018,636", "Total Liabilities Net Minority Interest": "3,025,044", "Total Equity Gross Minority Interest": "4,993,592", "Total Capitalization": "5,989,354", "Common Stock Equity": "4,993,282", "Net Tangible Assets": "4,927,680", "Working Capital": "1,206,851", "Invested Capital": "6,488,953", "Tangible Book Value": "4,927,680", "Total Debt": "1,495,671", "Net Debt": "784,143", "Share Issued": "395,793", "Ordinary Shares Number": "395,793"}}, "cf": {"TTM": {"Duration": "TTM", "Operating Cash Flow": "56,889", "Investing Cash Flow": "-101,029", "Financing Cash Flow": "-97,987", "End Cash Position": "918,382", "Capital Expenditure": "-77,462", "Issuance of Debt": "397,539", "Repayment of Debt": "-403,716", "Free Cash Flow": "-20,573"}, "12/31/2020": {"Duration": "12/31/2020", "Operating Cash Flow": "56,889", "Investing Cash Flow": "-101,029", "Financing Cash Flow": "-97,987", "End Cash Position": "918,382", "Capital Expenditure": "-77,462", "Issuance of Debt": "397,539", "Repayment of Debt": "-403,716", "Free Cash Flow": "-20,573"}, "12/31/2019": {"Duration": "12/31/2019", "Operating Cash Flow": "527,024", "Investing Cash Flow": "437,406", "Financing Cash Flow": "-606,920", "End Cash Position": "1,062,431", "Capital Expenditure": "-75,211", "Issuance of Debt": "-", "Repayment of Debt": "-502,904", "Free Cash Flow": "451,813"}, "12/31/2018": {"Duration": "12/31/2018", "Operating Cash Flow": "667,516", "Investing Cash Flow": "-411,630", "Financing Cash Flow": "-144,200", "End Cash Position": "711,528", "Capital Expenditure": "-55,362", "Issuance of Debt": "-", "Repayment of Debt": "-", "Free Cash Flow": "612,154"}}}}, {"UEC": {"quote": {"05/07/2021": {"value": "3.3400", "Market Cap": "769.95M", "Beta (5Y Monthly)": "2.44", "PE Ratio (TTM)": "N/A", "EPS (TTM)": "-0.0850", "Earnings Date": "Dec 15, 2020", "Forward Dividend & Yield": "N/A (N/A)", "Ex-Dividend Date": "N/A", "1y Target Est": "3.79"}}, "fin": {"TTM": {"Duration": "TTM", "Total Revenue": "0", "Cost of Revenue": "3,748", "Gross Profit": "-3,748", "Operating Expense": "9,782", "Operating Income": "-13,530", "Net Non Operating Interest Income Expense": "-3,383", "Other Income Expense": "805.125", "Pretax Income": "-16,108", "Tax Provision": "-3.798", "Net Income Common Stockholders": "-16,104", "Diluted NI Available to Com Stockholders": "-16,104", "Basic EPS": "-", "Diluted EPS": "-", "Basic Average Shares": "-", "Diluted Average Shares": "-", "Total Operating Income as Reported": "-13,530", "Total Expenses": "13,530", "Interest Income": "54.361", "Interest Expense": "3,437", "Net Interest Income": "-3,383", "Net Income from Continuing & Discontinued Operation": "-16,104", "Normalized Income": "-16,383", "EBIT": "-12,670", "EBITDA": "-12,321", "Reconciled Cost of Revenue": "3,748", "Reconciled Depreciation": "348.862", "Net Income from Continuing Operation Net Minority Interest": "-16,104", "Total Unusual Items Excluding Goodwill": "279.16", "Total Unusual Items": "279.16", "Normalized EBITDA": "-12,601", "Tax Rate for Calcs": "0", "Tax Effect of Unusual Items": "0.0658"}, "7/31/2020": {"Duration": "7/31/2020", "Total Revenue": "0", "Cost of Revenue": "4,893", "Gross Profit": "-4,893", "Operating Expense": "9,442", "Operating Income": "-14,335", "Net Non Operating Interest Income Expense": "-3,279", "Other Income Expense": "2,998", "Pretax Income": "-14,616", "Tax Provision": "-5.551", "Net Income Common Stockholders": "-14,611", "Diluted NI Available to Com Stockholders": "-14,611", "Basic EPS": "-0.08", "Diluted EPS": "-0.08", "Basic Average Shares": "183,042", "Diluted Average Shares": "183,042", "Total Operating Income as Reported": "-14,335", "Total Expenses": "14,335", "Interest Income": "181.52", "Interest Expense": "3,461", "Net Interest Income": "-3,279", "Net Income from Continuing & Discontinued Operation": "-14,611", "Normalized Income": "-14,613", "EBIT": "-11,155", "EBITDA": "-", "Reconciled Cost of Revenue": "4,893", "Reconciled Depreciation": "310.222", "Net Income from Continuing Operation Net Minority Interest": "-14,611", "Total Unusual Items Excluding Goodwill": "2.343", "Total Unusual Items": "2.343", "Normalized EBITDA": "-10,847", "Tax Rate for Calcs": "0", "Tax Effect of Unusual Items": "0"}, "7/31/2019": {"Duration": "7/31/2019", "Total Revenue": "0", "Cost of Revenue": "4,835", "Gross Profit": "-4,835", "Operating Expense": "10,142", "Operating Income": "-14,977", "Net Non Operating Interest Income Expense": "-2,817", "Other Income Expense": "626.702", "Pretax Income": "-17,167", "Tax Provision": "-14.372", "Net Income Common Stockholders": "-17,153", "Diluted NI Available to Com Stockholders": "-17,153", "Basic EPS": "-0.10", "Diluted EPS": "-0.10", "Basic Average Shares": "175,845", "Diluted Average Shares": "175,845", "Total Operating Income as Reported": "-14,977", "Total Expenses": "14,977", "Interest Income": "433.031", "Interest Expense": "3,250", "Net Interest Income": "-2,817", "Net Income from Continuing & Discontinued Operation": "-17,153", "Normalized Income": "-18,747", "EBIT": "-13,917", "EBITDA": "-", "Reconciled Cost of Revenue": "4,835", "Reconciled Depreciation": "347.441", "Net Income from Continuing Operation Net Minority Interest": "-17,153", "Total Unusual Items Excluding Goodwill": "1,596", "Total Unusual Items": "1,596", "Normalized EBITDA": "-15,165", "Tax Rate for Calcs": "0", "Tax Effect of Unusual Items": "1.3357"}, "7/31/2018": {"Duration": "7/31/2018", "Total Revenue": "0", "Cost of Revenue": "4,907", "Gross Profit": "-4,907", "Operating Expense": "11,407", "Operating Income": "-16,314", "Net Non Operating Interest Income Expense": "-2,725", "Other Income Expense": "504.504", "Pretax Income": "-18,534", "Tax Provision": "-707.511", "Net Income Common Stockholders": "-17,827", "Diluted NI Available to Com Stockholders": "-17,827", "Basic EPS": "-0.11", "Diluted EPS": "-0.11", "Basic Average Shares": "157,123", "Diluted Average Shares": "157,123", "Total Operating Income as Reported": "-16,314", "Total Expenses": "16,314", "Interest Income": "227.534", "Interest Expense": "2,952", "Net Interest Income": "-2,725", "Net Income from Continuing & Discontinued Operation": "-17,827", "Normalized Income": "-17,825", "EBIT": "-15,582", "EBITDA": "-", "Reconciled Cost of Revenue": "4,907", "Reconciled Depreciation": "354.624", "Net Income from Continuing Operation Net Minority Interest": "-17,827", "Total Unusual Items Excluding Goodwill": "-1.696", "Total Unusual Items": "-1.696", "Normalized EBITDA": "-15,226", "Tax Rate for Calcs": "0", "Tax Effect of Unusual Items": "-0.0647"}}, "bs": {"7/31/2020": {"Duration": "7/31/2020", "Total Assets": "91,390", "Total Liabilities Net Minority Interest": "26,973", "Total Equity Gross Minority Interest": "64,417", "Total Capitalization": "84,593", "Common Stock Equity": "64,417", "Capital Lease Obligations": "-", "Net Tangible Assets": "64,417", "Working Capital": "4,552", "Invested Capital": "84,593", "Tangible Book Value": "64,417", "Total Debt": "20,177", "Net Debt": "15,029", "Share Issued": "184,636", "Ordinary Shares Number": "184,636"}, "7/31/2019": {"Duration": "7/31/2019", "Total Assets": "101,040", "Total Liabilities Net Minority Interest": "26,813", "Total Equity Gross Minority Interest": "74,227", "Total Capitalization": "93,827", "Common Stock Equity": "74,227", "Capital Lease Obligations": "50.01", "Net Tangible Assets": "74,227", "Working Capital": "16,639", "Invested Capital": "93,827", "Tangible Book Value": "74,227", "Total Debt": "19,650", "Net Debt": "13,542", "Share Issued": "180,896", "Ordinary Shares Number": "180,896"}, "7/31/2018": {"Duration": "7/31/2018", "Total Assets": "89,611", "Total Liabilities Net Minority Interest": "26,436", "Total Equity Gross Minority Interest": "63,176", "Total Capitalization": "72,711", "Common Stock Equity": "63,176", "Capital Lease Obligations": "-", "Net Tangible Assets": "63,176", "Working Capital": "-3,975", "Invested Capital": "72,711", "Tangible Book Value": "63,176", "Total Debt": "19,535", "Net Debt": "2,608", "Share Issued": "161,176", "Ordinary Shares Number": "161,176"}}, "cf": {"TTM": {"Duration": "TTM", "Operating Cash Flow": "-10,928", "Investing Cash Flow": "-4,323", "Financing Cash Flow": "13,696", "End Cash Position": "10,552", "Capital Expenditure": "-323.984", "Issuance of Capital Stock": "15,419", "Issuance of Debt": "-", "Free Cash Flow": "-11,252"}, "7/31/2020": {"Duration": "7/31/2020", "Operating Cash Flow": "-12,871", "Investing Cash Flow": "11,671", "Financing Cash Flow": "307.092", "End Cash Position": "6,987", "Capital Expenditure": "-163.838", "Issuance of Capital Stock": "0", "Issuance of Debt": "307.092", "Free Cash Flow": "-13,035"}, "7/31/2019": {"Duration": "7/31/2019", "Operating Cash Flow": "-12,573", "Investing Cash Flow": "-12,107", "Financing Cash Flow": "23,844", "End Cash Position": "7,880", "Capital Expenditure": "-292.287", "Issuance of Capital Stock": "23,844", "Issuance of Debt": "-", "Free Cash Flow": "-12,866"}, "7/31/2018": {"Duration": "7/31/2018", "Operating Cash Flow": "-12,511", "Investing Cash Flow": "6,258", "Financing Cash Flow": "604.248", "End Cash Position": "6,927", "Capital Expenditure": "-3,601", "Issuance of Capital Stock": "604.209", "Issuance of Debt": "-", "Free Cash Flow": "-16,112"}}}}, {"QTMM": {"quote": {"05/07/2021": {"value": "0.1040", "Market Cap": "72.963M", "Beta (5Y Monthly)": "2.98", "PE Ratio (TTM)": "N/A", "EPS (TTM)": "-0.0190", "Earnings Date": "N/A", "Forward Dividend & Yield": "N/A (N/A)", "Ex-Dividend Date": "N/A", "1y Target Est": "N/A"}}, "fin": {"TTM": {"Duration": "TTM", "Total Revenue": "0.4", "Operating Expense": "5,619", "Operating Income": "-5,619", "Net Non Operating Interest Income Expense": "-1,639", "Other Income Expense": "-3,044", "Pretax Income": "-10,301", "Net Income Common Stockholders": "-10,301", "Diluted NI Available to Com Stockholders": "-10,301", "Basic EPS": "-", "Diluted EPS": "-", "Basic Average Shares": "-", "Diluted Average Shares": "-", "Total Operating Income as Reported": "-5,619", "Total Expenses": "5,619", "Interest Expense": "1,639", "Net Interest Income": "-1,639", "Net Income from Continuing & Discontinued Operation": "-10,301", "Normalized Income": "-9,170", "EBIT": "-8,663", "EBITDA": "-8,535", "Reconciled Depreciation": "127.487", "Net Income from Continuing Operation Net Minority Interest": "-10,301", "Total Unusual Items Excluding Goodwill": "-1,131", "Total Unusual Items": "-1,131", "Normalized EBITDA": "-7,404", "Tax Rate for Calcs": "0", "Tax Effect of Unusual Items": "0"}, "6/30/2019": {"Duration": "6/30/2019", "Total Revenue": "0.4", "Operating Expense": "5,934", "Operating Income": "-5,933", "Net Non Operating Interest Income Expense": "-1,580", "Other Income Expense": "-1,444", "Pretax Income": "-8,957", "Net Income Common Stockholders": "-8,957", "Diluted NI Available to Com Stockholders": "-8,957", "Basic EPS": "-0.02", "Diluted EPS": "-0.02", "Basic Average Shares": "519,504", "Diluted Average Shares": "519,504", "Total Operating Income as Reported": "-5,933", "Total Expenses": "5,934", "Interest Expense": "1,580", "Net Interest Income": "-1,580", "Net Income from Continuing & Discontinued Operation": "-8,957", "Normalized Income": "-7,657", "EBIT": "-7,377", "EBITDA": "-", "Reconciled Depreciation": "127.612", "Net Income from Continuing Operation Net Minority Interest": "-8,957", "Total Unusual Items Excluding Goodwill": "-1,300", "Total Unusual Items": "-1,300", "Normalized EBITDA": "-5,950", "Tax Rate for Calcs": "0", "Tax Effect of Unusual Items": "0"}, "6/30/2018": {"Duration": "6/30/2018", "Total Revenue": "20.12", "Operating Expense": "6,281", "Operating Income": "-6,261", "Net Non Operating Interest Income Expense": "-2,352", "Other Income Expense": "-788.109", "Pretax Income": "-9,401", "Net Income Common Stockholders": "-9,401", "Diluted NI Available to Com Stockholders": "-9,401", "Basic EPS": "-0.02", "Diluted EPS": "-0.02", "Basic Average Shares": "413,738", "Diluted Average Shares": "413,738", "Total Operating Income as Reported": "-6,261", "Total Expenses": "6,281", "Interest Expense": "2,352", "Net Interest Income": "-2,352", "Net Income from Continuing & Discontinued Operation": "-9,401", "Normalized Income": "-9,916", "EBIT": "-7,049", "EBITDA": "-", "Reconciled Depreciation": "132.637", "Net Income from Continuing Operation Net Minority Interest": "-9,401", "Total Unusual Items Excluding Goodwill": "514.969", "Total Unusual Items": "514.969", "Normalized EBITDA": "-7,432", "Tax Rate for Calcs": "0", "Tax Effect of Unusual Items": "0"}}, "bs": {"6/30/2019": {"Duration": "6/30/2019", "Total Assets": "563.872", "Total Liabilities Net Minority Interest": "7,297", "Total Equity Gross Minority Interest": "-6,733", "Total Capitalization": "-6,597", "Common Stock Equity": "-6,733", "Net Tangible Assets": "-6,751", "Working Capital": "-7,141", "Invested Capital": "-4,110", "Tangible Book Value": "-6,751", "Total Debt": "2,622", "Net Debt": "2,622", "Share Issued": "583,315", "Ordinary Shares Number": "583,315"}, "6/30/2018": {"Duration": "6/30/2018", "Total Assets": "2,614", "Total Liabilities Net Minority Interest": "6,186", "Total Equity Gross Minority Interest": "-3,571", "Total Capitalization": "-3,531", "Common Stock Equity": "-3,571", "Net Tangible Assets": "-3,617", "Working Capital": "-4,387", "Invested Capital": "-128.652", "Tangible Book Value": "-3,617", "Total Debt": "3,443", "Net Debt": "3,441", "Share Issued": "442,564", "Ordinary Shares Number": "442,564"}}, "cf": {"TTM": {"Duration": "TTM", "Operating Cash Flow": "-490.827", "Investing Cash Flow": "-7.059", "Financing Cash Flow": "484.786", "End Cash Position": "8.735", "Income Tax Paid Supplemental Data": "-", "Interest Paid Supplemental Data": "-", "Capital Expenditure": "-", "Issuance of Capital Stock": "240.924", "Issuance of Debt": "577", "Repayment of Debt": "-", "Free Cash Flow": "-497.886"}, "6/30/2019": {"Duration": "6/30/2019", "Operating Cash Flow": "-515.233", "Investing Cash Flow": "0", "Financing Cash Flow": "513.686", "End Cash Position": "0.478", "Income Tax Paid Supplemental Data": "-", "Interest Paid Supplemental Data": "6.904", "Capital Expenditure": "-", "Issuance of Capital Stock": "324.824", "Issuance of Debt": "522", "Repayment of Debt": "-333.138", "Free Cash Flow": "-515.233"}, "6/30/2018": {"Duration": "6/30/2018", "Operating Cash Flow": "-1,091", "Investing Cash Flow": "-1.877", "Financing Cash Flow": "1,042", "End Cash Position": "2.025", "Income Tax Paid Supplemental Data": "-", "Interest Paid Supplemental Data": "-", "Capital Expenditure": "-1.877", "Issuance of Capital Stock": "-", "Issuance of Debt": "1,495", "Repayment of Debt": "-615.388", "Free Cash Flow": "-1,093"}}}}, {"NAK": {"quote": {"05/07/2021": {"value": "0.5698", "Market Cap": "296.017M", "Beta (5Y Monthly)": "1.72", "PE Ratio (TTM)": "N/A", "EPS (TTM)": "-0.1100", "Earnings Date": "May 11, 2021 - May 17, 2021", "Forward Dividend & Yield": "N/A (N/A)", "Ex-Dividend Date": "N/A", "1y Target Est": "2.50"}}, "fin": {"TTM": {"Duration": "TTM", "Total Revenue": "0", "Operating Expense": "62,544", "Operating Income": "-62,544", "Net Non Operating Interest Income Expense": "29", "Other Income Expense": "-1,357", "Pretax Income": "-63,872", "Tax Provision": "-", "Net Income Common Stockholders": "-63,872", "Diluted NI Available to Com Stockholders": "-63,872", "Basic EPS": "-", "Diluted EPS": "-", "Basic Average Shares": "-", "Diluted Average Shares": "-", "Total Operating Income as Reported": "-62,544", "Total Expenses": "62,544", "Interest Income": "146", "Interest Expense": "117", "Net Interest Income": "29", "Net Income from Continuing & Discontinued Operation": "-63,872", "Normalized Income": "-62,123", "EBIT": "-63,755", "EBITDA": "-63,222", "Reconciled Depreciation": "533", "Net Income from Continuing Operation Net Minority Interest": "-63,872", "Total Unusual Items Excluding Goodwill": "-1,749", "Total Unusual Items": "-1,749", "Normalized EBITDA": "-61,473", "Tax Rate for Calcs": "0", "Tax Effect of Unusual Items": "0"}, "12/31/2020": {"Duration": "12/31/2020", "Total Revenue": "0", "Operating Expense": "62,544", "Operating Income": "-62,544", "Net Non Operating Interest Income Expense": "29", "Other Income Expense": "-1,357", "Pretax Income": "-63,872", "Tax Provision": "-", "Net Income Common Stockholders": "-63,872", "Diluted NI Available to Com Stockholders": "-63,872", "Basic EPS": "-", "Diluted EPS": "-", "Basic Average Shares": "-", "Diluted Average Shares": "-", "Total Operating Income as Reported": "-62,544", "Total Expenses": "62,544", "Interest Income": "146", "Interest Expense": "117", "Net Interest Income": "29", "Net Income from Continuing & Discontinued Operation": "-63,872", "Normalized Income": "-62,123", "EBIT": "-63,755", "EBITDA": "-", "Reconciled Depreciation": "533", "Net Income from Continuing Operation Net Minority Interest": "-63,872", "Total Unusual Items Excluding Goodwill": "-1,749", "Total Unusual Items": "-1,749", "Normalized EBITDA": "-61,473", "Tax Rate for Calcs": "0", "Tax Effect of Unusual Items": "0"}, "12/31/2019": {"Duration": "12/31/2019", "Total Revenue": "0", "Operating Expense": "68,765", "Operating Income": "-68,765", "Net Non Operating Interest Income Expense": "103", "Other Income Expense": "-531", "Pretax Income": "-69,193", "Tax Provision": "0", "Net Income Common Stockholders": "-69,193", "Diluted NI Available to Com Stockholders": "-69,193", "Basic EPS": "-0.19", "Diluted EPS": "-0.19", "Basic Average Shares": "358,343", "Diluted Average Shares": "358,343", "Total Operating Income as Reported": "-68,765", "Total Expenses": "68,765", "Interest Income": "237", "Interest Expense": "134", "Net Interest Income": "103", "Net Income from Continuing & Discontinued Operation": "-69,193", "Normalized Income": "-68,649", "EBIT": "-69,059", "EBITDA": "-", "Reconciled Depreciation": "647", "Net Income from Continuing Operation Net Minority Interest": "-69,193", "Total Unusual Items Excluding Goodwill": "-544", "Total Unusual Items": "-544", "Normalized EBITDA": "-67,868", "Tax Rate for Calcs": "0", "Tax Effect of Unusual Items": "0"}, "12/31/2018": {"Duration": "12/31/2018", "Total Revenue": "0", "Operating Expense": "66,214", "Operating Income": "-66,214", "Net Non Operating Interest Income Expense": "684", "Other Income Expense": "49,573", "Pretax Income": "-15,957", "Tax Provision": "0", "Net Income Common Stockholders": "-15,957", "Diluted NI Available to Com Stockholders": "-15,957", "Basic EPS": "-0.05", "Diluted EPS": "-0.05", "Basic Average Shares": "312,265", "Diluted Average Shares": "312,265", "Total Operating Income as Reported": "-66,214", "Total Expenses": "66,214", "Interest Income": "684", "Interest Expense": "-", "Net Interest Income": "684", "Net Income from Continuing & Discontinued Operation": "-15,957", "Normalized Income": "-64,892", "EBIT": "-66,214", "EBITDA": "-", "Reconciled Depreciation": "234", "Net Income from Continuing Operation Net Minority Interest": "-15,957", "Total Unusual Items Excluding Goodwill": "48,935", "Total Unusual Items": "48,935", "Normalized EBITDA": "-114,915", "Tax Rate for Calcs": "0", "Tax Effect of Unusual Items": "0"}}, "bs": {"12/31/2020": {"Duration": "12/31/2020", "Total Assets": "180,374", "Total Liabilities Net Minority Interest": "8,068", "Total Equity Gross Minority Interest": "172,306", "Total Capitalization": "172,306", "Common Stock Equity": "172,306", "Capital Lease Obligations": "916", "Net Tangible Assets": "172,306", "Working Capital": "36,526", "Invested Capital": "172,306", "Tangible Book Value": "172,306", "Total Debt": "916", "Share Issued": "509,047", "Ordinary Shares Number": "509,047"}, "12/31/2019": {"Duration": "12/31/2019", "Total Assets": "154,624", "Total Liabilities Net Minority Interest": "16,119", "Total Equity Gross Minority Interest": "138,505", "Total Capitalization": "138,505", "Common Stock Equity": "138,505", "Capital Lease Obligations": "1,220", "Net Tangible Assets": "138,505", "Working Capital": "-233", "Invested Capital": "139,865", "Tangible Book Value": "138,505", "Total Debt": "2,580", "Share Issued": "422,943", "Ordinary Shares Number": "422,943"}, "12/31/2018": {"Duration": "12/31/2018", "Total Assets": "161,924", "Total Liabilities Net Minority Interest": "13,714", "Total Equity Gross Minority Interest": "148,210", "Total Capitalization": "148,210", "Common Stock Equity": "148,210", "Capital Lease Obligations": "-", "Net Tangible Assets": "148,210", "Working Capital": "9,739", "Invested Capital": "148,210", "Tangible Book Value": "148,210", "Total Debt": "-", "Share Issued": "313,418", "Ordinary Shares Number": "313,418"}}, "cf": {"TTM": {"Duration": "TTM", "Operating Cash Flow": "-57,820", "Investing Cash Flow": "130", "Financing Cash Flow": "87,971", "End Cash Position": "42,460", "Capital Expenditure": "-", "Issuance of Capital Stock": "82,639", "Issuance of Debt": "-", "Repayment of Debt": "-2,817", "Free Cash Flow": "-57,820"}, "12/31/2020": {"Duration": "12/31/2020", "Operating Cash Flow": "-57,820", "Investing Cash Flow": "130", "Financing Cash Flow": "87,971", "End Cash Position": "42,460", "Capital Expenditure": "-", "Issuance of Capital Stock": "82,639", "Issuance of Debt": "-", "Repayment of Debt": "-2,817", "Free Cash Flow": "-57,820"}, "12/31/2019": {"Duration": "12/31/2019", "Operating Cash Flow": "-64,744", "Investing Cash Flow": "220", "Financing Cash Flow": "63,832", "End Cash Position": "14,038", "Capital Expenditure": "-", "Issuance of Capital Stock": "65,872", "Issuance of Debt": "2,317", "Repayment of Debt": "-354", "Free Cash Flow": "-64,744"}, "12/31/2018": {"Duration": "12/31/2018", "Operating Cash Flow": "-64,102", "Investing Cash Flow": "652", "Financing Cash Flow": "10,592", "End Cash Position": "14,872", "Capital Expenditure": "-20", "Issuance of Capital Stock": "-", "Issuance of Debt": "-", "Repayment of Debt": "-", "Free Cash Flow": "-64,122"}}}}, {"CTDT": {"quote": {"05/07/2021": {"value": "0.0420", "Market Cap": "9.002M", "Beta (5Y Monthly)": "1.00", "PE Ratio (TTM)": "N/A", "EPS (TTM)": "-0.0020", "Earnings Date": "N/A", "Forward Dividend & Yield": "N/A (N/A)", "Ex-Dividend Date": "N/A", "1y Target Est": "N/A"}}, "fin": {"TTM": {"Duration": "TTM", "Total Revenue": "0", "Operating Expense": "347.958", "Operating Income": "-347.958", "Net Non Operating Interest Income Expense": "-3.24", "Other Income Expense": "-", "Pretax Income": "-351.918", "Tax Provision": "0", "Net Income Common Stockholders": "-351.918", "Diluted NI Available to Com Stockholders": "-351.918", "Basic EPS": "-", "Diluted EPS": "-", "Basic Average Shares": "-", "Diluted Average Shares": "-", "Total Operating Income as Reported": "-347.958", "Rent Expense Supplemental": "23.719", "Total Expenses": "347.958", "Net Income from Continuing & Discontinued Operation": "-351.918", "Normalized Income": "-351.918", "Interest Expense": "3.24", "Net Interest Income": "-3.24", "EBIT": "-348.678", "EBITDA": "-348.678", "Reconciled Depreciation": "0", "Net Income from Continuing Operation Net Minority Interest": "-351.918", "Normalized EBITDA": "-348.678", "Tax Rate for Calcs": "0", "Tax Effect of Unusual Items": "0"}, "3/31/2019": {"Duration": "3/31/2019", "Total Revenue": "0", "Operating Expense": "337.084", "Operating Income": "-337.084", "Net Non Operating Interest Income Expense": "-3.24", "Other Income Expense": "-0.72", "Pretax Income": "-341.044", "Tax Provision": "0", "Net Income Common Stockholders": "-341.044", "Diluted NI Available to Com Stockholders": "-341.044", "Basic EPS": "-0.00", "Diluted EPS": "-0.00", "Basic Average Shares": "211,821", "Diluted Average Shares": "211,821", "Total Operating Income as Reported": "-337.084", "Rent Expense Supplemental": "30", "Total Expenses": "337.084", "Net Income from Continuing & Discontinued Operation": "-341.044", "Normalized Income": "-341.044", "Interest Expense": "3.24", "Net Interest Income": "-3.24", "EBIT": "-337.804", "EBITDA": "-", "Reconciled Depreciation": "0", "Net Income from Continuing Operation Net Minority Interest": "-341.044", "Normalized EBITDA": "-337.804", "Tax Rate for Calcs": "0", "Tax Effect of Unusual Items": "0"}}, "bs": {"3/31/2019": {"Duration": "3/31/2019", "Total Assets": "100.425", "Total Liabilities Net Minority Interest": "560.71", "Total Equity Gross Minority Interest": "-460.285", "Total Capitalization": "-460.285", "Common Stock Equity": "-460.285", "Capital Lease Obligations": "33", "Net Tangible Assets": "-460.287", "Working Capital": "-539.71", "Invested Capital": "-448.285", "Tangible Book Value": "-460.287", "Total Debt": "45", "Net Debt": "12", "Share Issued": "214,478", "Ordinary Shares Number": "214,478"}}, "cf": {"TTM": {"Duration": "TTM", "Operating Cash Flow": "-263.408", "Investing Cash Flow": "-19.543", "Financing Cash Flow": "282.925", "End Cash Position": "-", "Income Tax Paid Supplemental Data": "0", "Interest Paid Supplemental Data": "0", "Capital Expenditure": "-", "Repayment of Debt": "-42", "Free Cash Flow": "-282.951"}, "3/31/2019": {"Duration": "3/31/2019", "Operating Cash Flow": "-252.534", "Investing Cash Flow": "-26.083", "Financing Cash Flow": "261.69", "End Cash Position": "0", "Income Tax Paid Supplemental Data": "0", "Interest Paid Supplemental Data": "0", "Capital Expenditure": "-26.083", "Repayment of Debt": "-9", "Free Cash Flow": "-278.617"}}}}, {"TMBXF": {"quote": {"05/07/2021": {"value": "2.3900", "Market Cap": "18.35M", "Beta (5Y Monthly)": "-0.80", "PE Ratio (TTM)": "N/A", "EPS (TTM)": "-0.3510", "Earnings Date": "N/A", "Forward Dividend & Yield": "N/A (N/A)", "Ex-Dividend Date": "N/A", "1y Target Est": "N/A"}}, "fin": {"TTM": {"Duration": "TTM", "Total Revenue": "0", "Operating Expense": "1,043", "Operating Income": "-1,043", "Net Non Operating Interest Income Expense": "-65.87", "Other Income Expense": "-593.065", "Pretax Income": "-1,702", "Net Income Common Stockholders": "-1,702", "Diluted NI Available to Com Stockholders": "-1,702", "Basic EPS": "-", "Diluted EPS": "-", "Basic Average Shares": "-", "Diluted Average Shares": "-", "Total Operating Income as Reported": "-1,393", "Total Expenses": "1,043", "Interest Expense": "65.87", "Net Interest Income": "-65.87", "Net Income from Continuing & Discontinued Operation": "-1,702", "Normalized Income": "-1,109", "EBIT": "-1,637", "EBITDA": "-1,636", "Reconciled Depreciation": "0.061", "Net Income from Continuing Operation Net Minority Interest": "-1,702", "Total Unusual Items Excluding Goodwill": "-593.065", "Total Unusual Items": "-593.065", "Normalized EBITDA": "-1,043", "Tax Rate for Calcs": "0", "Tax Effect of Unusual Items": "0"}, "12/31/2019": {"Duration": "12/31/2019", "Total Revenue": "0", "Operating Expense": "1,043", "Operating Income": "-1,043", "Net Non Operating Interest Income Expense": "-65.87", "Other Income Expense": "-593.065", "Pretax Income": "-1,702", "Net Income Common Stockholders": "-1,702", "Diluted NI Available to Com Stockholders": "-1,702", "Basic EPS": "-", "Diluted EPS": "-", "Basic Average Shares": "-", "Diluted Average Shares": "-", "Total Operating Income as Reported": "-1,393", "Total Expenses": "1,043", "Interest Expense": "65.87", "Net Interest Income": "-65.87", "Net Income from Continuing & Discontinued Operation": "-1,702", "Normalized Income": "-1,109", "EBIT": "-1,637", "EBITDA": "-", "Reconciled Depreciation": "0.061", "Net Income from Continuing Operation Net Minority Interest": "-1,702", "Total Unusual Items Excluding Goodwill": "-593.065", "Total Unusual Items": "-593.065", "Normalized EBITDA": "-1,043", "Tax Rate for Calcs": "0", "Tax Effect of Unusual Items": "0"}, "12/31/2018": {"Duration": "12/31/2018", "Total Revenue": "0", "Operating Expense": "520.191", "Operating Income": "-520.191", "Net Non Operating Interest Income Expense": "-33.192", "Other Income Expense": "-5.591", "Pretax Income": "-558.974", "Net Income Common Stockholders": "-558.974", "Diluted NI Available to Com Stockholders": "-558.974", "Basic EPS": "-0.18", "Diluted EPS": "-0.18", "Basic Average Shares": "3,096", "Diluted Average Shares": "3,096", "Total Operating Income as Reported": "-520.191", "Total Expenses": "520.191", "Interest Expense": "33.192", "Net Interest Income": "-33.192", "Net Income from Continuing & Discontinued Operation": "-558.974", "Normalized Income": "-553.383", "EBIT": "-525.782", "EBITDA": "-", "Reconciled Depreciation": "0", "Net Income from Continuing Operation Net Minority Interest": "-558.974", "Total Unusual Items Excluding Goodwill": "-5.591", "Total Unusual Items": "-5.591", "Normalized EBITDA": "-520.191", "Tax Rate for Calcs": "0", "Tax Effect of Unusual Items": "0"}}, "bs": {"12/31/2019": {"Duration": "12/31/2019", "Total Assets": "1,278", "Total Liabilities Net Minority Interest": "690.03", "Total Equity Gross Minority Interest": "588.12", "Total Capitalization": "938.12", "Common Stock Equity": "588.12", "Net Tangible Assets": "588.12", "Working Capital": "126.347", "Invested Capital": "985.62", "Tangible Book Value": "588.12", "Total Debt": "397.5", "Net Debt": "-", "Share Issued": "6,928", "Ordinary Shares Number": "6,928"}, "12/31/2018": {"Duration": "12/31/2018", "Total Assets": "39.858", "Total Liabilities Net Minority Interest": "515.381", "Total Equity Gross Minority Interest": "-475.523", "Total Capitalization": "-475.523", "Common Stock Equity": "-475.523", "Net Tangible Assets": "-475.523", "Working Capital": "-475.523", "Invested Capital": "-365.023", "Tangible Book Value": "-475.523", "Total Debt": "110.5", "Net Debt": "70.642", "Share Issued": "3,333", "Ordinary Shares Number": "3,333"}}, "cf": {"TTM": {"Duration": "TTM", "Operating Cash Flow": "-344.647", "Investing Cash Flow": "-1,162", "Financing Cash Flow": "1,933", "End Cash Position": "466.377", "Income Tax Paid Supplemental Data": "0", "Interest Paid Supplemental Data": "0", "Capital Expenditure": "-351.834", "Issuance of Capital Stock": "1,571", "Issuance of Debt": "162", "Repayment of Debt": "-", "Free Cash Flow": "-696.481"}, "12/31/2019": {"Duration": "12/31/2019", "Operating Cash Flow": "-344.647", "Investing Cash Flow": "-1,162", "Financing Cash Flow": "1,933", "End Cash Position": "466.377", "Income Tax Paid Supplemental Data": "0", "Interest Paid Supplemental Data": "0", "Capital Expenditure": "-351.834", "Issuance of Capital Stock": "1,571", "Issuance of Debt": "162", "Repayment of Debt": "-", "Free Cash Flow": "-696.481"}, "12/31/2018": {"Duration": "12/31/2018", "Operating Cash Flow": "-176.953", "Investing Cash Flow": "-", "Financing Cash Flow": "165.5", "End Cash Position": "39.858", "Income Tax Paid Supplemental Data": "0", "Interest Paid Supplemental Data": "0", "Capital Expenditure": "-", "Issuance of Capital Stock": "55", "Issuance of Debt": "110.5", "Repayment of Debt": "0", "Free Cash Flow": "-176.953"}}}}, {"ECPN": {"quote": {"05/07/2021": {"value": "0.0165", "Market Cap": "3.837M", "Beta (5Y Monthly)": "1.58", "PE Ratio (TTM)": "N/A", "EPS (TTM)": "-0.0130", "Earnings Date": "N/A", "Forward Dividend & Yield": "N/A (N/A)", "Ex-Dividend Date": "N/A", "1y Target Est": "N/A"}}, "fin": {"TTM": {"Duration": "TTM", "Total Revenue": "0", "Cost of Revenue": "1,796", "Gross Profit": "-1,796", "Operating Expense": "657.215", "Operating Income": "-2,453", "Net Non Operating Interest Income Expense": "-195.063", "Other Income Expense": "-2,570", "Pretax Income": "-5,219", "Tax Provision": "0", "Net Income Common Stockholders": "-5,219", "Diluted NI Available to Com Stockholders": "-5,219", "Total Operating Income as Reported": "-4,061", "Total Expenses": "2,453", "Interest Income": "0.027", "Interest Expense": "195.09", "Net Interest Income": "-195.063", "Net Income from Continuing & Discontinued Operation": "-5,219", "Normalized Income": "-2,636", "EBIT": "-5,023", "EBITDA": "-4,937", "Reconciled Cost of Revenue": "1,796", "Reconciled Depreciation": "86.101", "Net Income from Continuing Operation Net Minority Interest": "-5,219", "Total Unusual Items Excluding Goodwill": "-2,583", "Total Unusual Items": "-2,583", "Normalized EBITDA": "-2,355", "Tax Rate for Calcs": "0", "Tax Effect of Unusual Items": "0"}}, "bs": {}, "cf": {"TTM": {"Duration": "TTM", "Operating Cash Flow": "-1,055", "Investing Cash Flow": "-52.075", "Financing Cash Flow": "891.086", "End Cash Position": "80.416", "Income Tax Paid Supplemental Data": "0", "Interest Paid Supplemental Data": "8.705", "Capital Expenditure": "-46.718", "Issuance of Capital Stock": "905.011", "Issuance of Debt": "200", "Repayment of Debt": "-150", "Free Cash Flow": "-1,102"}}}}, {"EBML": {"quote": {"05/07/2021": {"value": "0.0130", "Market Cap": "24.964M", "Beta (5Y Monthly)": "2.27", "PE Ratio (TTM)": "N/A", "EPS (TTM)": "-0.0010", "Earnings Date": "N/A", "Forward Dividend & Yield": "N/A (N/A)", "Ex-Dividend Date": "N/A", "1y Target Est": "N/A"}}, "fin": {}, "bs": {}, "cf": {}}}, {"CNTO": {"quote": {"05/07/2021": {"value": "0.0018", "Market Cap": "104,990", "Beta (5Y Monthly)": "-4.66", "PE Ratio (TTM)": "N/A", "EPS (TTM)": "-0.0090", "Earnings Date": "N/A", "Forward Dividend & Yield": "N/A (N/A)", "Ex-Dividend Date": "N/A", "1y Target Est": "N/A"}}, "fin": {}, "bs": {}, "cf": {}}}, {"ASKE": {"quote": {"05/07/2021": {"value": "0.0008", "Market Cap": "554,554", "Beta (5Y Monthly)": "44.55", "PE Ratio (TTM)": "N/A", "EPS (TTM)": "N/A", "Earnings Date": "N/A", "Forward Dividend & Yield": "N/A (N/A)", "Ex-Dividend Date": "N/A", "1y Target Est": "N/A"}}, "fin": {}, "bs": {}, "cf": {}}}, {"GSM": {"quote": {"05/07/2021": {"value": "4.4900", "Market Cap": "759.694M", "Beta (5Y Monthly)": "3.00", "PE Ratio (TTM)": "N/A", "EPS (TTM)": "-1.4600", "Earnings Date": "Mar 01, 2021", "Forward Dividend & Yield": "N/A (N/A)", "Ex-Dividend Date": "Sep 04, 2018", "1y Target Est": "N/A"}}, "fin": {"TTM": {"Duration": "TTM", "Total Revenue": "1,144,434", "Cost of Revenue": "943,675", "Gross Profit": "200,759", "Operating Expense": "313,214", "Operating Income": "-112,455", "Net Non Operating Interest Income Expense": "-66,791", "Other Income Expense": "-43,174", "Pretax Income": "-222,420", "Tax Provision": "21,939", "Net Income Common Stockholders": "-246,339", "Diluted NI Available to Com Stockholders": "-246,339", "Basic EPS": "-", "Diluted EPS": "-", "Basic Average Shares": "-", "Diluted Average Shares": "-", "Total Operating Income as Reported": "-184,350", "Total Expenses": "1,256,889", "Interest Income": "16", "Interest Expense": "54,244", "Net Interest Income": "-66,791", "Net Income from Continuing & Discontinued Operation": "-246,339", "Normalized Income": "-205,842", "EBIT": "-177,306", "EBITDA": "-69,117", "Reconciled Cost of Revenue": "943,675", "Reconciled Depreciation": "108,189", "Net Income from Continuing Operation Net Minority Interest": "-240,940", "Total Unusual Items Excluding Goodwill": "-43,331", "Total Unusual Items": "-43,331", "Normalized EBITDA": "-25,786", "Tax Rate for Calcs": "0", "Tax Effect of Unusual Items": "-8,233"}, "12/31/2020": {"Duration": "12/31/2020", "Total Revenue": "1,144,434", "Cost of Revenue": "943,675", "Gross Profit": "200,759", "Operating Expense": "313,214", "Operating Income": "-112,455", "Net Non Operating Interest Income Expense": "-66,791", "Other Income Expense": "-43,174", "Pretax Income": "-222,420", "Tax Provision": "21,939", "Net Income Common Stockholders": "-246,339", "Diluted NI Available to Com Stockholders": "-246,339", "Basic EPS": "-1.46", "Diluted EPS": "-1.46", "Basic Average Shares": "169,269", "Diluted Average Shares": "169,269", "Total Operating Income as Reported": "-184,350", "Total Expenses": "1,256,889", "Interest Income": "16", "Interest Expense": "45,114", "Net Interest Income": "-66,791", "Net Income from Continuing & Discontinued Operation": "-246,339", "Normalized Income": "-205,842", "EBIT": "-177,306", "EBITDA": "-", "Reconciled Cost of Revenue": "943,675", "Reconciled Depreciation": "108,189", "Net Income from Continuing Operation Net Minority Interest": "-240,940", "Total Unusual Items Excluding Goodwill": "-43,331", "Total Unusual Items": "-43,331", "Normalized EBITDA": "-25,786", "Tax Rate for Calcs": "0", "Tax Effect of Unusual Items": "-8,233"}, "12/31/2019": {"Duration": "12/31/2019", "Total Revenue": "1,615,222", "Cost of Revenue": "1,334,526", "Gross Profit": "280,696", "Operating Expense": "456,521", "Operating Income": "-175,825", "Net Non Operating Interest Income Expense": "-61,845", "Other Income Expense": "-174,148", "Pretax Income": "-411,818", "Tax Provision": "-41,541", "Net Income Common Stockholders": "-280,601", "Diluted NI Available to Com Stockholders": "-280,601", "Basic EPS": "-1.67", "Diluted EPS": "-1.67", "Basic Average Shares": "169,153", "Diluted Average Shares": "169,153", "Total Operating Income as Reported": "-355,586", "Total Expenses": "1,791,047", "Interest Income": "68", "Interest Expense": "51,583", "Net Interest Income": "-61,845", "Net Income from Continuing & Discontinued Operation": "-280,601", "Normalized Income": "-210,072", "EBIT": "-360,235", "EBITDA": "-", "Reconciled Cost of Revenue": "1,334,526", "Reconciled Depreciation": "123,024", "Net Income from Continuing Operation Net Minority Interest": "-365,238", "Total Unusual Items Excluding Goodwill": "-172,574", "Total Unusual Items": "-172,574", "Normalized EBITDA": "-64,637", "Tax Rate for Calcs": "0", "Tax Effect of Unusual Items": "-17,408"}, "12/31/2018": {"Duration": "12/31/2018", "Total Revenue": "2,274,038", "Cost of Revenue": "1,566,498", "Gross Profit": "707,540", "Operating Expense": "578,957", "Operating Income": "128,583", "Net Non Operating Interest Income Expense": "-56,648", "Other Income Expense": "-23,127", "Pretax Income": "48,808", "Tax Provision": "24,235", "Net Income Common Stockholders": "43,661", "Diluted NI Available to Com Stockholders": "43,661", "Basic EPS": "0.52", "Diluted EPS": "0.52", "Basic Average Shares": "171,406", "Diluted Average Shares": "171,530", "Total Operating Income as Reported": "116,754", "Total Expenses": "2,145,455", "Interest Income": "72", "Interest Expense": "47,326", "Net Interest Income": "-56,648", "Net Income from Continuing & Discontinued Operation": "43,661", "Normalized Income": "56,219", "EBIT": "96,134", "EBITDA": "-", "Reconciled Cost of Revenue": "1,566,498", "Reconciled Depreciation": "119,137", "Net Income from Continuing Operation Net Minority Interest": "43,661", "Total Unusual Items Excluding Goodwill": "-15,504", "Total Unusual Items": "-15,504", "Normalized EBITDA": "230,775", "Tax Rate for Calcs": "0", "Tax Effect of Unusual Items": "-2,946"}}, "bs": {"12/31/2020": {"Duration": "12/31/2020", "Total Assets": "1,347,145", "Total Liabilities Net Minority Interest": "981,426", "Total Equity Gross Minority Interest": "365,719", "Total Capitalization": "632,206", "Common Stock Equity": "251,215", "Capital Lease Obligations": "22,536", "Net Tangible Assets": "200,757", "Working Capital": "224,452", "Invested Capital": "670,580", "Tangible Book Value": "200,757", "Total Debt": "551,547", "Net Debt": "316,651", "Share Issued": "170,864", "Ordinary Shares Number": "169,197", "Treasury Shares Number": "1,666"}, "12/31/2019": {"Duration": "12/31/2019", "Total Assets": "1,734,353", "Total Liabilities Net Minority Interest": "1,132,056", "Total Equity Gross Minority Interest": "602,297", "Total Capitalization": "1,006,179", "Common Stock Equity": "484,220", "Capital Lease Obligations": "25,872", "Net Tangible Assets": "403,251", "Working Capital": "420,685", "Invested Capital": "1,031,727", "Tangible Book Value": "403,251", "Total Debt": "596,761", "Net Debt": "452,655", "Share Issued": "170,864", "Ordinary Shares Number": "169,131", "Treasury Shares Number": "1,733"}, "12/31/2018": {"Duration": "12/31/2018", "Total Assets": "2,123,817", "Total Liabilities Net Minority Interest": "1,239,445", "Total Equity Gross Minority Interest": "884,372", "Total Capitalization": "1,252,030", "Common Stock Equity": "768,227", "Capital Lease Obligations": "66,471", "Net Tangible Assets": "513,557", "Working Capital": "383,502", "Invested Capital": "1,271,158", "Tangible Book Value": "513,557", "Total Debt": "621,926", "Net Debt": "286,284", "Share Issued": "170,297", "Ordinary Shares Number": "169,123", "Treasury Shares Number": "1,174"}}, "cf": {"TTM": {"Duration": "TTM", "Operating Cash Flow": "154,268", "Investing Cash Flow": "-31,940", "Financing Cash Flow": "-113,333", "End Cash Position": "131,557", "Capital Expenditure": "-32,911", "Issuance of Debt": "177,593", "Repayment of Debt": "-245,611", "Repurchase of Capital Stock": "0", "Free Cash Flow": "121,357"}, "12/31/2020": {"Duration": "12/31/2020", "Operating Cash Flow": "154,268", "Investing Cash Flow": "-31,940", "Financing Cash Flow": "-113,333", "End Cash Position": "131,557", "Capital Expenditure": "-32,911", "Issuance of Debt": "177,593", "Repayment of Debt": "-245,611", "Repurchase of Capital Stock": "0", "Free Cash Flow": "121,357"}, "12/31/2019": {"Duration": "12/31/2019", "Operating Cash Flow": "-74,227", "Investing Cash Flow": "165,910", "Financing Cash Flow": "-180,972", "End Cash Position": "123,175", "Capital Expenditure": "-32,629", "Issuance of Debt": "245,629", "Repayment of Debt": "-384,853", "Repurchase of Capital Stock": "0", "Free Cash Flow": "-106,856"}, "12/31/2018": {"Duration": "12/31/2018", "Operating Cash Flow": "73,777", "Investing Cash Flow": "-85,875", "Financing Cash Flow": "53,303", "End Cash Position": "216,647", "Capital Expenditure": "-109,449", "Issuance of Debt": "252,200", "Repayment of Debt": "-106,514", "Repurchase of Capital Stock": "-20,100", "Free Cash Flow": "-35,672"}}}}, {"FMSA": {"quote": {"05/07/2021": {"value": "", "Net Assets": "N/A", "Beta (5Y Monthly)": "N/A", "Yield": "N/A", "5y Average Return": "N/A", "Holdings Turnover": "N/A", "Last Dividend": "N/A", "Average for Category": "N/A", "Inception Date": "N/A"}}, "fin": {}, "bs": {}, "cf": {}}}, {"PLG": {"quote": {"05/07/2021": {"value": "5.07", "Market Cap": "371.982M", "Beta (5Y Monthly)": "1.32", "PE Ratio (TTM)": "N/A", "EPS (TTM)": "-0.17", "Earnings Date": "Jul 13, 2021 - Jul 19, 2021", "Forward Dividend & Yield": "N/A (N/A)", "Ex-Dividend Date": "N/A", "1y Target Est": "6.96"}}, "fin": {"TTM": {"Duration": "TTM", "Total Revenue": "0", "Cost of Revenue": "-", "Gross Profit": "-", "Operating Expense": "6,022", "Operating Income": "-6,199", "Net Non Operating Interest Income Expense": "-5,209", "Other Income Expense": "345", "Pretax Income": "-11,063", "Tax Provision": "-", "Net Income Common Stockholders": "-11,135", "Diluted NI Available to Com Stockholders": "-11,135", "Basic EPS": "-", "Diluted EPS": "-", "Basic Average Shares": "-", "Diluted Average Shares": "-", "Rent Expense Supplemental": "-", "Total Expenses": "6,199", "Interest Income": "100", "Interest Expense": "5,309", "Net Interest Income": "-5,209", "Net Income from Continuing & Discontinued Operation": "-11,135", "Normalized Income": "-12,192", "EBIT": "-5,754", "EBITDA": "-5,634", "Reconciled Cost of Revenue": "-", "Reconciled Depreciation": "120", "Net Income from Continuing Operation Net Minority Interest": "-11,135", "Total Unusual Items Excluding Goodwill": "1,057", "Total Unusual Items": "1,057", "Normalized EBITDA": "-6,691", "Tax Rate for Calcs": "0", "Tax Effect of Unusual Items": "0"}, "8/31/2020": {"Duration": "8/31/2020", "Total Revenue": "0", "Cost of Revenue": "177", "Gross Profit": "-177", "Operating Expense": "5,118", "Operating Income": "-5,295", "Net Non Operating Interest Income Expense": "-5,335", "Other Income Expense": "3,574", "Pretax Income": "-7,056", "Tax Provision": "72", "Net Income Common Stockholders": "-7,128", "Diluted NI Available to Com Stockholders": "-7,128", "Basic EPS": "-0.11", "Diluted EPS": "-0.11", "Basic Average Shares": "61,537", "Diluted Average Shares": "61,537", "Rent Expense Supplemental": "0", "Total Expenses": "5,295", "Interest Income": "158", "Interest Expense": "5,493", "Net Interest Income": "-5,335", "Net Income from Continuing & Discontinued Operation": "-7,128", "Normalized Income": "-10,026", "EBIT": "-1,563", "EBITDA": "-", "Reconciled Cost of Revenue": "177", "Reconciled Depreciation": "177", "Net Income from Continuing Operation Net Minority Interest": "-7,128", "Total Unusual Items Excluding Goodwill": "3,943", "Total Unusual Items": "3,943", "Normalized EBITDA": "-5,329", "Tax Rate for Calcs": "0", "Tax Effect of Unusual Items": "1,045"}, "8/31/2019": {"Duration": "8/31/2019", "Total Revenue": "0", "Cost of Revenue": "235", "Gross Profit": "-235", "Operating Expense": "4,885", "Operating Income": "-5,120", "Net Non Operating Interest Income Expense": "-7,991", "Other Income Expense": "-3,559", "Pretax Income": "-16,670", "Tax Provision": "106", "Net Income Common Stockholders": "-16,776", "Diluted NI Available to Com Stockholders": "-16,776", "Basic EPS": "-0.52", "Diluted EPS": "-0.52", "Basic Average Shares": "32,535", "Diluted Average Shares": "32,535", "Rent Expense Supplemental": "418", "Total Expenses": "5,120", "Interest Income": "364", "Interest Expense": "8,355", "Net Interest Income": "-7,991", "Net Income from Continuing & Discontinued Operation": "-16,776", "Normalized Income": "-14,597", "EBIT": "-8,315", "EBITDA": "-", "Reconciled Cost of Revenue": "235", "Reconciled Depreciation": "235", "Net Income from Continuing Operation Net Minority Interest": "-16,776", "Total Unusual Items Excluding Goodwill": "-2,964", "Total Unusual Items": "-2,964", "Normalized EBITDA": "-5,116", "Tax Rate for Calcs": "0", "Tax Effect of Unusual Items": "-785.46"}, "8/31/2018": {"Duration": "8/31/2018", "Total Revenue": "0", "Cost of Revenue": "347", "Gross Profit": "-347", "Operating Expense": "5,814", "Operating Income": "-6,161", "Net Non Operating Interest Income Expense": "-17,675", "Other Income Expense": "-17,188", "Pretax Income": "-41,024", "Tax Provision": "0", "Net Income Common Stockholders": "-38,682", "Diluted NI Available to Com Stockholders": "-38,682", "Basic EPS": "-2.00", "Diluted EPS": "-2.00", "Basic Average Shares": "19,053", "Diluted Average Shares": "19,053", "Rent Expense Supplemental": "305", "Total Expenses": "6,161", "Interest Income": "739", "Interest Expense": "18,414", "Net Interest Income": "-17,675", "Net Income from Continuing & Discontinued Operation": "-38,682", "Normalized Income": "-21,494", "EBIT": "-22,610", "EBITDA": "-", "Reconciled Cost of Revenue": "347", "Reconciled Depreciation": "347", "Net Income from Continuing Operation Net Minority Interest": "-38,682", "Total Unusual Items Excluding Goodwill": "-17,188", "Total Unusual Items": "-17,188", "Normalized EBITDA": "-5,075", "Tax Rate for Calcs": "0", "Tax Effect of Unusual Items": "0"}}, "bs": {"8/31/2020": {"Duration": "8/31/2020", "Total Assets": "37,415", "Total Liabilities Net Minority Interest": "41,558", "Total Equity Gross Minority Interest": "-4,143", "Total Capitalization": "16,280", "Common Stock Equity": "-20,269", "Capital Lease Obligations": "198", "Net Tangible Assets": "-20,269", "Working Capital": "-2,391", "Invested Capital": "16,280", "Tangible Book Value": "-20,269", "Total Debt": "36,747", "Net Debt": "35,241", "Share Issued": "64,095", "Ordinary Shares Number": "64,095"}, "8/31/2019": {"Duration": "8/31/2019", "Total Assets": "43,663", "Total Liabilities Net Minority Interest": "44,820", "Total Equity Gross Minority Interest": "-1,157", "Total Capitalization": "18,252", "Common Stock Equity": "-16,608", "Capital Lease Obligations": "-", "Net Tangible Assets": "-16,608", "Working Capital": "-554", "Invested Capital": "18,252", "Tangible Book Value": "-16,608", "Total Debt": "34,860", "Net Debt": "29,310", "Share Issued": "58,576", "Ordinary Shares Number": "58,576"}, "8/31/2018": {"Duration": "8/31/2018", "Total Assets": "41,849", "Total Liabilities Net Minority Interest": "61,379", "Total Equity Gross Minority Interest": "-19,530", "Total Capitalization": "26,462", "Common Stock Equity": "-30,682", "Capital Lease Obligations": "-", "Net Tangible Assets": "-30,682", "Working Capital": "7,744", "Invested Capital": "26,462", "Tangible Book Value": "-30,682", "Total Debt": "57,144", "Net Debt": "54,127", "Share Issued": "29,103", "Ordinary Shares Number": "29,103"}}, "cf": {"TTM": {"Duration": "TTM", "Operating Cash Flow": "-4,340", "Investing Cash Flow": "-3,368", "Financing Cash Flow": "16,440", "End Cash Position": "11,188", "Capital Expenditure": "-2,559", "Issuance of Capital Stock": "27,030", "Issuance of Debt": "-", "Repayment of Debt": "-8,738", "Free Cash Flow": "-6,899"}, "8/31/2020": {"Duration": "8/31/2020", "Operating Cash Flow": "-3,120", "Investing Cash Flow": "-5,370", "Financing Cash Flow": "4,593", "End Cash Position": "1,308", "Capital Expenditure": "-4,953", "Issuance of Capital Stock": "5,705", "Issuance of Debt": "0", "Repayment of Debt": "-66", "Free Cash Flow": "-8,073"}, "8/31/2019": {"Duration": "8/31/2019", "Operating Cash Flow": "-4,952", "Investing Cash Flow": "552", "Financing Cash Flow": "6,442", "End Cash Position": "5,550", "Capital Expenditure": "-6,990", "Issuance of Capital Stock": "25,024", "Issuance of Debt": "20,000", "Repayment of Debt": "-41,023", "Free Cash Flow": "-11,942"}, "8/31/2018": {"Duration": "8/31/2018", "Operating Cash Flow": "-20,602", "Investing Cash Flow": "7,889", "Financing Cash Flow": "11,795", "End Cash Position": "3,017", "Capital Expenditure": "-9,125", "Issuance of Capital Stock": "19,882", "Issuance of Debt": "10,000", "Repayment of Debt": "-73,163", "Free Cash Flow": "-29,727"}}}}, {"GRMC": {"quote": {"05/07/2021": {"value": "0.0575", "Market Cap": "9.905M", "Beta (5Y Monthly)": "0.29", "PE Ratio (TTM)": "N/A", "EPS (TTM)": "-0.0150", "Earnings Date": "N/A", "Forward Dividend & Yield": "N/A (N/A)", "Ex-Dividend Date": "N/A", "1y Target Est": "N/A"}}, "fin": {"TTM": {"Duration": "TTM", "Total Revenue": "0", "Cost of Revenue": "0.716", "Gross Profit": "-0.716", "Operating Expense": "1,065", "Operating Income": "-1,065", "Net Non Operating Interest Income Expense": "-784.951", "Other Income Expense": "-319.244", "Pretax Income": "-2,170", "Net Income Common Stockholders": "-2,177", "Diluted NI Available to Com Stockholders": "-2,177", "Basic EPS": "-", "Diluted EPS": "-", "Basic Average Shares": "-", "Diluted Average Shares": "-", "Total Operating Income as Reported": "-", "Total Expenses": "1,065", "Interest Expense": "784.951", "Net Interest Income": "-784.951", "Net Income from Continuing & Discontinued Operation": "-2,170", "Normalized Income": "-1,996", "EBIT": "-1,385", "EBITDA": "-1,384", "Reconciled Cost of Revenue": "0.716", "Reconciled Depreciation": "0.716", "Net Income from Continuing Operation Net Minority Interest": "-2,170", "Total Unusual Items Excluding Goodwill": "-173.877", "Total Unusual Items": "-173.877", "Normalized EBITDA": "-1,210", "Tax Rate for Calcs": "0", "Tax Effect of Unusual Items": "0"}, "12/31/2020": {"Duration": "12/31/2020", "Total Revenue": "0", "Cost of Revenue": "0.716", "Gross Profit": "-0.716", "Operating Expense": "1,065", "Operating Income": "-1,065", "Net Non Operating Interest Income Expense": "-784.951", "Other Income Expense": "-319.244", "Pretax Income": "-2,170", "Net Income Common Stockholders": "-2,177", "Diluted NI Available to Com Stockholders": "-2,177", "Basic EPS": "-", "Diluted EPS": "-", "Basic Average Shares": "-", "Diluted Average Shares": "-", "Total Operating Income as Reported": "-", "Total Expenses": "1,065", "Interest Expense": "784.951", "Net Interest Income": "-784.951", "Net Income from Continuing & Discontinued Operation": "-2,170", "Normalized Income": "-1,996", "EBIT": "-1,385", "EBITDA": "-", "Reconciled Cost of Revenue": "0.716", "Reconciled Depreciation": "0.716", "Net Income from Continuing Operation Net Minority Interest": "-2,170", "Total Unusual Items Excluding Goodwill": "-173.877", "Total Unusual Items": "-173.877", "Normalized EBITDA": "-1,210", "Tax Rate for Calcs": "0", "Tax Effect of Unusual Items": "0"}, "12/31/2019": {"Duration": "12/31/2019", "Total Revenue": "0", "Cost of Revenue": "1.309", "Gross Profit": "-1.309", "Operating Expense": "1,006", "Operating Income": "-1,007", "Net Non Operating Interest Income Expense": "-894.146", "Other Income Expense": "-701.478", "Pretax Income": "-2,603", "Net Income Common Stockholders": "-2,611", "Diluted NI Available to Com Stockholders": "-2,611", "Basic EPS": "-0.02", "Diluted EPS": "-0.02", "Basic Average Shares": "139,574", "Diluted Average Shares": "139,574", "Total Operating Income as Reported": "-1,645", "Total Expenses": "1,007", "Interest Expense": "894.146", "Net Interest Income": "-894.146", "Net Income from Continuing & Discontinued Operation": "-2,603", "Normalized Income": "-2,401", "EBIT": "-1,709", "EBITDA": "-", "Reconciled Cost of Revenue": "1.309", "Reconciled Depreciation": "1.309", "Net Income from Continuing Operation Net Minority Interest": "-2,603", "Total Unusual Items Excluding Goodwill": "-202.451", "Total Unusual Items": "-202.451", "Normalized EBITDA": "-1,505", "Tax Rate for Calcs": "0", "Tax Effect of Unusual Items": "0"}, "12/31/2018": {"Duration": "12/31/2018", "Total Revenue": "0", "Cost of Revenue": "4.844", "Gross Profit": "-4.844", "Operating Expense": "976.058", "Operating Income": "-980.902", "Net Non Operating Interest Income Expense": "-945.456", "Other Income Expense": "-1,854", "Pretax Income": "-3,780", "Net Income Common Stockholders": "-3,788", "Diluted NI Available to Com Stockholders": "-3,788", "Basic EPS": "-0.03", "Diluted EPS": "-0.03", "Basic Average Shares": "137,042", "Diluted Average Shares": "137,042", "Total Operating Income as Reported": "2,866", "Total Expenses": "980.902", "Interest Expense": "945.456", "Net Interest Income": "-945.456", "Net Income from Continuing & Discontinued Operation": "-3,780", "Normalized Income": "-1,963", "EBIT": "-2,834", "EBITDA": "-", "Reconciled Cost of Revenue": "4.844", "Reconciled Depreciation": "4.844", "Net Income from Continuing Operation Net Minority Interest": "-3,780", "Total Unusual Items Excluding Goodwill": "-1,817", "Total Unusual Items": "-1,817", "Normalized EBITDA": "-1,012", "Tax Rate for Calcs": "0", "Tax Effect of Unusual Items": "0"}}, "bs": {"12/31/2020": {"Duration": "12/31/2020", "Total Assets": "703.858", "Total Liabilities Net Minority Interest": "9,588", "Total Equity Gross Minority Interest": "-8,884", "Total Capitalization": "-8,868", "Preferred Stock Equity": "271.175", "Common Stock Equity": "-9,156", "Net Tangible Assets": "-8,884", "Working Capital": "-9,257", "Invested Capital": "-3,932", "Tangible Book Value": "-9,156", "Total Debt": "5,257", "Net Debt": "5,222", "Share Issued": "167,926", "Ordinary Shares Number": "167,926"}, "12/31/2019": {"Duration": "12/31/2019", "Total Assets": "724.992", "Total Liabilities Net Minority Interest": "8,085", "Total Equity Gross Minority Interest": "-7,360", "Total Capitalization": "-7,154", "Preferred Stock Equity": "271.175", "Common Stock Equity": "-7,631", "Net Tangible Assets": "-7,360", "Working Capital": "-7,525", "Invested Capital": "-2,752", "Tangible Book Value": "-7,631", "Total Debt": "4,878", "Net Debt": "4,877", "Share Issued": "139,574", "Ordinary Shares Number": "139,574"}, "12/31/2018": {"Duration": "12/31/2018", "Total Assets": "1,084", "Total Liabilities Net Minority Interest": "5,913", "Total Equity Gross Minority Interest": "-4,829", "Total Capitalization": "-4,829", "Preferred Stock Equity": "271.175", "Common Stock Equity": "-5,100", "Net Tangible Assets": "-4,829", "Working Capital": "-5,252", "Invested Capital": "-1,427", "Tangible Book Value": "-5,100", "Total Debt": "3,674", "Net Debt": "3,597", "Share Issued": "139,574", "Ordinary Shares Number": "139,574"}}, "cf": {"TTM": {"Duration": "TTM", "Operating Cash Flow": "-878.943", "Investing Cash Flow": "-25", "Financing Cash Flow": "904.6", "End Cash Position": "1.931", "Interest Paid Supplemental Data": "3.974", "Capital Expenditure": "-25", "Issuance of Capital Stock": "-", "Issuance of Debt": "465.6", "Repayment of Debt": "-", "Free Cash Flow": "-903.943"}, "12/31/2020": {"Duration": "12/31/2020", "Operating Cash Flow": "-878.943", "Investing Cash Flow": "-25", "Financing Cash Flow": "904.6", "End Cash Position": "1.931", "Interest Paid Supplemental Data": "3.974", "Capital Expenditure": "-25", "Issuance of Capital Stock": "-", "Issuance of Debt": "465.6", "Repayment of Debt": "-", "Free Cash Flow": "-903.943"}, "12/31/2019": {"Duration": "12/31/2019", "Operating Cash Flow": "-963.904", "Investing Cash Flow": "-", "Financing Cash Flow": "888", "End Cash Position": "1.274", "Interest Paid Supplemental Data": "72.89", "Capital Expenditure": "-", "Issuance of Capital Stock": "-", "Issuance of Debt": "888", "Repayment of Debt": "-", "Free Cash Flow": "-963.904"}, "12/31/2018": {"Duration": "12/31/2018", "Operating Cash Flow": "-1,869", "Investing Cash Flow": "-", "Financing Cash Flow": "1,460", "End Cash Position": "77.178", "Interest Paid Supplemental Data": "213.046", "Capital Expenditure": "-", "Issuance of Capital Stock": "0", "Issuance of Debt": "1,460", "Repayment of Debt": "0", "Free Cash Flow": "-1,869"}}}}, {"MAGE": {"quote": {"05/07/2021": {"value": "0.9500", "Market Cap": "7.244M", "Beta (5Y Monthly)": "3.67", "PE Ratio (TTM)": "N/A", "EPS (TTM)": "-0.7380", "Earnings Date": "N/A", "Forward Dividend & Yield": "N/A (N/A)", "Ex-Dividend Date": "N/A", "1y Target Est": "N/A"}}, "fin": {"TTM": {"Duration": "TTM", "Total Revenue": "0", "Cost of Revenue": "-", "Gross Profit": "-", "Operating Expense": "1,175", "Operating Income": "-1,175", "Net Non Operating Interest Income Expense": "-424.858", "Other Income Expense": "-2,083", "Pretax Income": "-3,683", "Net Income Common Stockholders": "-3,930", "Diluted NI Available to Com Stockholders": "-3,930", "Basic EPS": "-", "Diluted EPS": "-", "Basic Average Shares": "-", "Diluted Average Shares": "-", "Total Operating Income as Reported": "-1,175", "Total Expenses": "1,175", "Interest Expense": "424.858", "Net Interest Income": "-424.858", "Net Income from Continuing & Discontinued Operation": "-3,715", "Normalized Income": "-3,683", "EBIT": "-3,258", "EBITDA": "-3,258", "Reconciled Cost of Revenue": "-", "Reconciled Depreciation": "-", "Net Income from Continuing Operation Net Minority Interest": "-3,683", "Total Unusual Items Excluding Goodwill": "0", "Total Unusual Items": "0", "Normalized EBITDA": "-3,258", "Tax Rate for Calcs": "0", "Tax Effect of Unusual Items": "0"}, "12/31/2020": {"Duration": "12/31/2020", "Total Revenue": "0", "Cost of Revenue": "-", "Gross Profit": "-", "Operating Expense": "1,175", "Operating Income": "-1,175", "Net Non Operating Interest Income Expense": "-424.858", "Other Income Expense": "-2,083", "Pretax Income": "-3,683", "Net Income Common Stockholders": "-3,930", "Diluted NI Available to Com Stockholders": "-3,930", "Basic EPS": "-", "Diluted EPS": "-", "Basic Average Shares": "-", "Diluted Average Shares": "-", "Total Operating Income as Reported": "-1,175", "Total Expenses": "1,175", "Interest Expense": "424.858", "Net Interest Income": "-424.858", "Net Income from Continuing & Discontinued Operation": "-3,715", "Normalized Income": "-3,683", "EBIT": "-3,258", "EBITDA": "-", "Reconciled Cost of Revenue": "-", "Reconciled Depreciation": "-", "Net Income from Continuing Operation Net Minority Interest": "-3,683", "Total Unusual Items Excluding Goodwill": "0", "Total Unusual Items": "0", "Normalized EBITDA": "-3,258", "Tax Rate for Calcs": "0", "Tax Effect of Unusual Items": "0"}, "12/31/2019": {"Duration": "12/31/2019", "Total Revenue": "32.5", "Cost of Revenue": "408.433", "Gross Profit": "-375.933", "Operating Expense": "1,093", "Operating Income": "-1,469", "Net Non Operating Interest Income Expense": "-526.273", "Other Income Expense": "-3,141", "Pretax Income": "-5,136", "Net Income Common Stockholders": "-5,196", "Diluted NI Available to Com Stockholders": "-5,196", "Basic EPS": "-1.46", "Diluted EPS": "-1.46", "Basic Average Shares": "3,554", "Diluted Average Shares": "3,554", "Total Operating Income as Reported": "-1,469", "Total Expenses": "1,501", "Interest Expense": "526.273", "Net Interest Income": "-526.273", "Net Income from Continuing & Discontinued Operation": "-5,136", "Normalized Income": "-1,995", "EBIT": "-4,610", "EBITDA": "-", "Reconciled Cost of Revenue": "408.433", "Reconciled Depreciation": "122.348", "Net Income from Continuing Operation Net Minority Interest": "-5,136", "Total Unusual Items Excluding Goodwill": "-3,141", "Total Unusual Items": "-3,141", "Normalized EBITDA": "-1,346", "Tax Rate for Calcs": "0", "Tax Effect of Unusual Items": "0"}, "12/31/2018": {"Duration": "12/31/2018", "Total Revenue": "123.955", "Cost of Revenue": "556.533", "Gross Profit": "-432.578", "Operating Expense": "906.805", "Operating Income": "-1,339", "Net Non Operating Interest Income Expense": "-718.583", "Other Income Expense": "-256.36", "Pretax Income": "-2,314", "Net Income Common Stockholders": "-2,638", "Diluted NI Available to Com Stockholders": "-2,638", "Basic EPS": "-1.10", "Diluted EPS": "-1.10", "Basic Average Shares": "2,389", "Diluted Average Shares": "2,389", "Total Operating Income as Reported": "-1,663", "Total Expenses": "1,463", "Interest Expense": "718.583", "Net Interest Income": "-718.583", "Net Income from Continuing & Discontinued Operation": "-2,314", "Normalized Income": "-2,107", "EBIT": "-1,596", "EBITDA": "-", "Reconciled Cost of Revenue": "556.533", "Reconciled Depreciation": "118.822", "Net Income from Continuing Operation Net Minority Interest": "-2,314", "Total Unusual Items Excluding Goodwill": "-207.716", "Total Unusual Items": "-207.716", "Normalized EBITDA": "-1,269", "Tax Rate for Calcs": "0", "Tax Effect of Unusual Items": "0"}}, "bs": {"12/31/2020": {"Duration": "12/31/2020", "Total Assets": "1,115", "Total Liabilities Net Minority Interest": "1,478", "Total Equity Gross Minority Interest": "-363.094", "Total Capitalization": "-363.094", "Preferred Stock Equity": "1,923", "Common Stock Equity": "-2,286", "Net Tangible Assets": "-476.062", "Working Capital": "-1,476", "Invested Capital": "-1,745", "Tangible Book Value": "-2,399", "Total Debt": "540.413", "Net Debt": "540.413", "Share Issued": "7,098", "Ordinary Shares Number": "7,098"}, "12/31/2019": {"Duration": "12/31/2019", "Total Assets": "1,525", "Total Liabilities Net Minority Interest": "2,686", "Total Equity Gross Minority Interest": "-1,161", "Total Capitalization": "-1,161", "Preferred Stock Equity": "2,423", "Common Stock Equity": "-3,584", "Net Tangible Assets": "-1,161", "Working Capital": "-2,494", "Invested Capital": "-2,141", "Tangible Book Value": "-3,584", "Total Debt": "1,443", "Net Debt": "1,437", "Share Issued": "3,651", "Ordinary Shares Number": "3,651"}, "12/31/2018": {"Duration": "12/31/2018", "Total Assets": "1,524", "Total Liabilities Net Minority Interest": "4,025", "Total Equity Gross Minority Interest": "-2,501", "Total Capitalization": "-2,501", "Preferred Stock Equity": "-", "Common Stock Equity": "-2,501", "Net Tangible Assets": "-2,501", "Working Capital": "-3,789", "Invested Capital": "201.082", "Tangible Book Value": "-2,501", "Total Debt": "2,703", "Net Debt": "2,698", "Share Issued": "3,265", "Ordinary Shares Number": "3,265"}}, "cf": {"TTM": {"Duration": "TTM", "Operating Cash Flow": "-188.294", "Investing Cash Flow": "-113.828", "Financing Cash Flow": "233.319", "End Cash Position": "0", "Income Tax Paid Supplemental Data": "0", "Interest Paid Supplemental Data": "3.25", "Capital Expenditure": "-113.828", "Issuance of Capital Stock": "38.5", "Issuance of Debt": "295", "Repayment of Debt": "-10", "Free Cash Flow": "-302.122"}, "12/31/2020": {"Duration": "12/31/2020", "Operating Cash Flow": "-188.294", "Investing Cash Flow": "-113.828", "Financing Cash Flow": "233.319", "End Cash Position": "0", "Income Tax Paid Supplemental Data": "0", "Interest Paid Supplemental Data": "3.25", "Capital Expenditure": "-113.828", "Issuance of Capital Stock": "38.5", "Issuance of Debt": "295", "Repayment of Debt": "-10", "Free Cash Flow": "-302.122"}, "12/31/2019": {"Duration": "12/31/2019", "Operating Cash Flow": "-381.322", "Investing Cash Flow": "-75", "Financing Cash Flow": "457.246", "End Cash Position": "5.332", "Income Tax Paid Supplemental Data": "0", "Interest Paid Supplemental Data": "3.25", "Capital Expenditure": "-", "Issuance of Capital Stock": "30", "Issuance of Debt": "135", "Repayment of Debt": "0", "Free Cash Flow": "-381.322"}, "12/31/2018": {"Duration": "12/31/2018", "Operating Cash Flow": "-642.355", "Investing Cash Flow": "-65.76", "Financing Cash Flow": "741.923", "End Cash Position": "4.862", "Income Tax Paid Supplemental Data": "0", "Interest Paid Supplemental Data": "90.373", "Capital Expenditure": "-15.76", "Issuance of Capital Stock": "460", "Issuance of Debt": "630.7", "Repayment of Debt": "-468.777", "Free Cash Flow": "-658.115"}}}}, {"JPEX": {"quote": {"05/07/2021": {"value": "0.0017", "Market Cap": "42,808", "Beta (5Y Monthly)": "1.59", "PE Ratio (TTM)": "N/A", "EPS (TTM)": "-0.0010", "Earnings Date": "N/A", "Forward Dividend & Yield": "N/A (N/A)", "Ex-Dividend Date": "N/A", "1y Target Est": "N/A"}}, "fin": {}, "bs": {}, "cf": {}}}, {"RIGI": {"quote": {"05/07/2021": {"value": "", "Net Assets": "N/A", "Beta (5Y Monthly)": "N/A", "Yield": "N/A", "5y Average Return": "N/A", "Holdings Turnover": "N/A", "Last Dividend": "N/A", "Average for Category": "N/A", "Inception Date": "N/A"}}, "fin": {}, "bs": {}, "cf": {}}}, {"HCLP": {"quote": {"05/07/2021": {"value": "784,636,992.00", "Net Assets": "N/A", "Beta (5Y Monthly)": "N/A", "Yield": "N/A", "5y Average Return": "N/A", "Holdings Turnover": "N/A", "Last Dividend": "N/A", "Average for Category": "N/A", "Inception Date": "N/A"}}, "fin": {}, "bs": {}, "cf": {}}}, {"SLCA": {"quote": {"05/07/2021": {"value": "11.97", "Market Cap": "889.867M", "Beta (5Y Monthly)": "3.22", "PE Ratio (TTM)": "N/A", "EPS (TTM)": "-0.85", "Earnings Date": "Jul 29, 2021 - Aug 02, 2021", "Forward Dividend & Yield": "N/A (N/A)", "Ex-Dividend Date": "Mar 12, 2020", "1y Target Est": "11.10"}}, "fin": {"TTM": {"Duration": "TTM", "Total Revenue": "810,702", "Cost of Revenue": "550,742", "Gross Profit": "259,960", "Operating Expense": "278,810", "Operating Income": "-18,850", "Net Non Operating Interest Income Expense": "-75,319", "Other Income Expense": "2,424", "Pretax Income": "-91,745", "Tax Provision": "-28,293", "Net Income Common Stockholders": "-62,527", "Diluted NI Available to Com Stockholders": "-62,527", "Basic EPS": "-", "Diluted EPS": "-", "Basic Average Shares": "-", "Diluted Average Shares": "-", "Total Operating Income as Reported": "-25,710", "Total Expenses": "829,552", "Interest Expense": "75,319", "Net Interest Income": "-75,319", "Net Income from Continuing & Discontinued Operation": "-62,527", "Normalized Income": "-57,783", "EBIT": "-16,426", "EBITDA": "142,041", "Reconciled Cost of Revenue": "550,742", "Reconciled Depreciation": "158,467", "Net Income from Continuing Operation Net Minority Interest": "-62,527", "Total Unusual Items Excluding Goodwill": "-6,860", "Total Unusual Items": "-6,860", "Normalized EBITDA": "148,901", "Tax Rate for Calcs": "0", "Tax Effect of Unusual Items": "-2,116"}, "12/31/2020": {"Duration": "12/31/2020", "Total Revenue": "845,885", "Cost of Revenue": "575,070", "Gross Profit": "270,815", "Operating Expense": "279,739", "Operating Income": "-8,924", "Net Non Operating Interest Income Expense": "-79,885", "Other Income Expense": "-86,338", "Pretax Income": "-175,147", "Tax Provision": "-60,025", "Net Income Common Stockholders": "-114,094", "Diluted NI Available to Com Stockholders": "-114,094", "Basic EPS": "-", "Diluted EPS": "-", "Basic Average Shares": "-", "Diluted Average Shares": "-", "Total Operating Income as Reported": "-119,612", "Total Expenses": "854,809", "Interest Expense": "79,885", "Net Interest Income": "-79,885", "Net Income from Continuing & Discontinued Operation": "-114,094", "Normalized Income": "-41,040", "EBIT": "-95,262", "EBITDA": "-", "Reconciled Cost of Revenue": "575,070", "Reconciled Depreciation": "155,568", "Net Income from Continuing Operation Net Minority Interest": "-114,094", "Total Unusual Items Excluding Goodwill": "-110,688", "Total Unusual Items": "-110,688", "Normalized EBITDA": "170,994", "Tax Rate for Calcs": "0", "Tax Effect of Unusual Items": "-37,634"}, "12/31/2019": {"Duration": "12/31/2019", "Total Revenue": "1,474,477", "Cost of Revenue": "1,133,293", "Gross Profit": "341,184", "Operating Expense": "330,292", "Operating Income": "10,892", "Net Non Operating Interest Income Expense": "-95,472", "Other Income Expense": "-344,328", "Pretax Income": "-428,908", "Tax Provision": "-99,151", "Net Income Common Stockholders": "-329,082", "Diluted NI Available to Com Stockholders": "-329,082", "Basic EPS": "-4.49", "Diluted EPS": "-4.49", "Basic Average Shares": "73,253", "Diluted Average Shares": "73,253", "Total Operating Income as Reported": "-352,955", "Total Expenses": "1,463,585", "Interest Expense": "95,472", "Net Interest Income": "-95,472", "Net Income from Continuing & Discontinued Operation": "-329,082", "Normalized Income": "-48,920", "EBIT": "-333,436", "EBITDA": "-", "Reconciled Cost of Revenue": "1,133,293", "Reconciled Depreciation": "179,444", "Net Income from Continuing Operation Net Minority Interest": "-329,082", "Total Unusual Items Excluding Goodwill": "-363,847", "Total Unusual Items": "-363,847", "Normalized EBITDA": "209,855", "Tax Rate for Calcs": "0", "Tax Effect of Unusual Items": "-83,685"}, "12/31/2018": {"Duration": "12/31/2018", "Total Revenue": "1,577,298", "Cost of Revenue": "1,163,129", "Gross Profit": "414,169", "Operating Expense": "295,803", "Operating Income": "118,366", "Net Non Operating Interest Income Expense": "-70,564", "Other Income Expense": "-277,755", "Pretax Income": "-229,953", "Tax Provision": "-29,132", "Net Income Common Stockholders": "-200,808", "Diluted NI Available to Com Stockholders": "-200,808", "Basic EPS": "-2.63", "Diluted EPS": "-2.63", "Basic Average Shares": "76,453", "Diluted Average Shares": "76,453", "Total Operating Income as Reported": "-163,533", "Total Expenses": "1,458,932", "Interest Expense": "70,564", "Net Interest Income": "-70,564", "Net Income from Continuing & Discontinued Operation": "-200,808", "Normalized Income": "44,444", "EBIT": "-159,389", "EBITDA": "-", "Reconciled Cost of Revenue": "1,163,129", "Reconciled Depreciation": "148,832", "Net Income from Continuing Operation Net Minority Interest": "-200,808", "Total Unusual Items Excluding Goodwill": "-281,899", "Total Unusual Items": "-281,899", "Normalized EBITDA": "271,342", "Tax Rate for Calcs": "0", "Tax Effect of Unusual Items": "-36,647"}}, "bs": {"12/31/2020": {"Duration": "12/31/2020", "Total Assets": "2,246,947", "Total Liabilities Net Minority Interest": "1,620,156", "Total Equity Gross Minority Interest": "626,791", "Total Capitalization": "1,812,920", "Common Stock Equity": "615,260", "Capital Lease Obligations": "93,749", "Net Tangible Assets": "270,029", "Working Capital": "291,418", "Invested Capital": "1,854,962", "Tangible Book Value": "270,029", "Total Debt": "1,333,451", "Net Debt": "1,088,782", "Share Issued": "83,143", "Ordinary Shares Number": "73,987", "Treasury Shares Number": "9,157"}, "12/31/2019": {"Duration": "12/31/2019", "Total Assets": "2,553,234", "Total Liabilities Net Minority Interest": "1,836,654", "Total Equity Gross Minority Interest": "716,580", "Total Capitalization": "1,919,202", "Common Stock Equity": "705,217", "Capital Lease Obligations": "171,551", "Net Tangible Assets": "247,878", "Working Capital": "173,642", "Invested Capital": "1,937,665", "Tangible Book Value": "247,878", "Total Debt": "1,403,999", "Net Debt": "1,046,708", "Share Issued": "82,602", "Ordinary Shares Number": "73,602", "Treasury Shares Number": "9,000"}, "12/31/2018": {"Duration": "12/31/2018", "Total Assets": "2,900,840", "Total Liabilities Net Minority Interest": "1,848,536", "Total Equity Gross Minority Interest": "1,052,304", "Total Capitalization": "2,291,248", "Common Stock Equity": "1,044,820", "Capital Lease Obligations": "-", "Net Tangible Assets": "588,854", "Working Capital": "338,898", "Invested Capital": "2,304,575", "Tangible Book Value": "588,854", "Total Debt": "1,259,755", "Net Debt": "1,057,257", "Share Issued": "81,812", "Ordinary Shares Number": "73,149", "Treasury Shares Number": "8,663"}}, "cf": {"TTM": {"Duration": "TTM", "Operating Cash Flow": "41,237", "Investing Cash Flow": "-14,712", "Financing Cash Flow": "-16,815", "End Cash Position": "154,411", "Income Tax Paid Supplemental Data": "-", "Interest Paid Supplemental Data": "69,122", "Capital Expenditure": "-21,913", "Issuance of Capital Stock": "-", "Issuance of Debt": "0", "Repayment of Debt": "-14,875", "Repurchase of Capital Stock": "-", "Free Cash Flow": "19,324"}, "12/31/2020": {"Duration": "12/31/2020", "Operating Cash Flow": "-10,534", "Investing Cash Flow": "-27,564", "Financing Cash Flow": "3,278", "End Cash Position": "150,920", "Income Tax Paid Supplemental Data": "-", "Interest Paid Supplemental Data": "73,695", "Capital Expenditure": "-34,917", "Issuance of Capital Stock": "-", "Issuance of Debt": "25,000", "Repayment of Debt": "-16,030", "Repurchase of Capital Stock": "0", "Free Cash Flow": "-45,451"}, "12/31/2019": {"Duration": "12/31/2019", "Operating Cash Flow": "144,046", "Investing Cash Flow": "-120,393", "Financing Cash Flow": "-40,411", "End Cash Position": "185,740", "Income Tax Paid Supplemental Data": "-", "Interest Paid Supplemental Data": "87,286", "Capital Expenditure": "-122,289", "Issuance of Capital Stock": "-", "Issuance of Debt": "0", "Repayment of Debt": "-23,508", "Repurchase of Capital Stock": "0", "Free Cash Flow": "21,757"}, "12/31/2018": {"Duration": "12/31/2018", "Operating Cash Flow": "310,706", "Investing Cash Flow": "-1,066,879", "Financing Cash Flow": "574,104", "End Cash Position": "202,498", "Income Tax Paid Supplemental Data": "5,373", "Interest Paid Supplemental Data": "66,769", "Capital Expenditure": "-349,861", "Issuance of Capital Stock": "0", "Issuance of Debt": "1,280,000", "Repayment of Debt": "-501,989", "Repurchase of Capital Stock": "-148,469", "Free Cash Flow": "-39,155"}}}}, {"TRQ": {"quote": {"05/07/2021": {"value": "21.18", "Market Cap": "4.225B", "Beta (5Y Monthly)": "1.99", "PE Ratio (TTM)": "10.49", "EPS (TTM)": "2.02", "Earnings Date": "May 12, 2021", "Forward Dividend & Yield": "N/A (N/A)", "Ex-Dividend Date": "N/A", "1y Target Est": "4.00"}}, "fin": {"TTM": {"Duration": "TTM", "Total Revenue": "1,078,192", "Cost of Revenue": "669,394", "Gross Profit": "408,798", "Operating Expense": "238,291", "Operating Income": "170,507", "Net Non Operating Interest Income Expense": "15,036", "Other Income Expense": "2,703", "Pretax Income": "188,246", "Tax Provision": "-306,396", "Net Income Common Stockholders": "406,288", "Diluted NI Available to Com Stockholders": "406,288", "Basic EPS": "-", "Diluted EPS": "-", "Basic Average Shares": "-", "Diluted Average Shares": "-", "Total Expenses": "907,685", "Interest Income": "17,349", "Interest Expense": "2,313", "Net Interest Income": "15,036", "Net Income from Continuing & Discontinued Operation": "406,288", "Normalized Income": "404,301", "EBIT": "190,559", "EBITDA": "371,819", "Reconciled Cost of Revenue": "493,370", "Reconciled Depreciation": "181,260", "Net Income from Continuing Operation Net Minority Interest": "406,288", "Total Unusual Items Excluding Goodwill": "2,703", "Total Unusual Items": "2,703", "Normalized EBITDA": "369,116", "Tax Rate for Calcs": "0", "Tax Effect of Unusual Items": "716.295"}, "12/31/2020": {"Duration": "12/31/2020", "Total Revenue": "1,078,192", "Cost of Revenue": "669,394", "Gross Profit": "408,798", "Operating Expense": "238,291", "Operating Income": "170,507", "Net Non Operating Interest Income Expense": "15,036", "Other Income Expense": "2,703", "Pretax Income": "188,246", "Tax Provision": "-306,396", "Net Income Common Stockholders": "406,288", "Diluted NI Available to Com Stockholders": "406,288", "Basic EPS": "-", "Diluted EPS": "-", "Basic Average Shares": "-", "Diluted Average Shares": "-", "Total Expenses": "907,685", "Interest Income": "17,349", "Interest Expense": "2,313", "Net Interest Income": "15,036", "Net Income from Continuing & Discontinued Operation": "406,288", "Normalized Income": "404,301", "EBIT": "190,559", "EBITDA": "-", "Reconciled Cost of Revenue": "493,370", "Reconciled Depreciation": "181,260", "Net Income from Continuing Operation Net Minority Interest": "406,288", "Total Unusual Items Excluding Goodwill": "2,703", "Total Unusual Items": "2,703", "Normalized EBITDA": "369,116", "Tax Rate for Calcs": "0", "Tax Effect of Unusual Items": "716.295"}, "12/31/2019": {"Duration": "12/31/2019", "Total Revenue": "1,166,014", "Cost of Revenue": "742,985", "Gross Profit": "423,029", "Operating Expense": "249,744", "Operating Income": "173,285", "Net Non Operating Interest Income Expense": "101,675", "Other Income Expense": "-594,745", "Pretax Income": "-319,785", "Tax Provision": "157,133", "Net Income Common Stockholders": "-150,457", "Diluted NI Available to Com Stockholders": "-150,457", "Basic EPS": "-0.70", "Diluted EPS": "-0.70", "Basic Average Shares": "201,231", "Diluted Average Shares": "201,231", "Total Expenses": "992,729", "Interest Income": "106,335", "Interest Expense": "4,660", "Net Interest Income": "101,675", "Net Income from Continuing & Discontinued Operation": "-150,457", "Normalized Income": "286,681", "EBIT": "-315,125", "EBITDA": "-", "Reconciled Cost of Revenue": "559,066", "Reconciled Depreciation": "192,052", "Net Income from Continuing Operation Net Minority Interest": "-150,457", "Total Unusual Items Excluding Goodwill": "-594,745", "Total Unusual Items": "-594,745", "Normalized EBITDA": "471,672", "Tax Rate for Calcs": "0", "Tax Effect of Unusual Items": "-157,607"}, "12/31/2018": {"Duration": "12/31/2018", "Total Revenue": "1,180,022", "Cost of Revenue": "777,248", "Gross Profit": "402,774", "Operating Expense": "242,112", "Operating Income": "160,662", "Net Non Operating Interest Income Expense": "107,254", "Other Income Expense": "-14,286", "Pretax Income": "253,630", "Tax Provision": "-140,644", "Net Income Common Stockholders": "411,198", "Diluted NI Available to Com Stockholders": "411,198", "Basic EPS": "2.00", "Diluted EPS": "2.00", "Basic Average Shares": "201,231", "Diluted Average Shares": "201,231", "Total Expenses": "1,019,360", "Interest Income": "154,668", "Interest Expense": "47,414", "Net Interest Income": "107,254", "Net Income from Continuing & Discontinued Operation": "411,198", "Normalized Income": "421,698", "EBIT": "301,044", "EBITDA": "-", "Reconciled Cost of Revenue": "567,752", "Reconciled Depreciation": "211,201", "Net Income from Continuing Operation Net Minority Interest": "411,198", "Total Unusual Items Excluding Goodwill": "-14,286", "Total Unusual Items": "-14,286", "Normalized EBITDA": "526,531", "Tax Rate for Calcs": "0", "Tax Effect of Unusual Items": "-3,786"}}, "bs": {"12/31/2020": {"Duration": "12/31/2020", "Total Assets": "13,368,761", "Total Liabilities Net Minority Interest": "4,940,808", "Total Equity Gross Minority Interest": "8,427,953", "Total Capitalization": "13,734,117", "Common Stock Equity": "9,576,773", "Capital Lease Obligations": "16,868", "Net Tangible Assets": "9,576,773", "Working Capital": "987,233", "Invested Capital": "13,734,117", "Tangible Book Value": "9,576,773", "Total Debt": "4,201,779", "Net Debt": "3,033,723", "Share Issued": "201,231", "Ordinary Shares Number": "201,231"}, "12/31/2019": {"Duration": "12/31/2019", "Total Assets": "12,822,394", "Total Liabilities Net Minority Interest": "4,891,337", "Total Equity Gross Minority Interest": "7,931,057", "Total Capitalization": "13,338,289", "Common Stock Equity": "9,168,231", "Capital Lease Obligations": "21,582", "Net Tangible Assets": "9,168,231", "Working Capital": "1,945,057", "Invested Capital": "13,338,289", "Tangible Book Value": "9,168,231", "Total Debt": "4,213,817", "Net Debt": "2,518,073", "Share Issued": "201,231", "Ordinary Shares Number": "201,231"}, "12/31/2018": {"Duration": "12/31/2018", "Total Assets": "13,311,987", "Total Liabilities Net Minority Interest": "4,901,202", "Total Equity Gross Minority Interest": "8,410,785", "Total Capitalization": "13,496,160", "Common Stock Equity": "9,320,920", "Capital Lease Obligations": "12,057", "Net Tangible Assets": "9,320,920", "Working Capital": "2,992,181", "Invested Capital": "13,496,160", "Tangible Book Value": "9,320,920", "Total Debt": "4,187,297", "Net Debt": "2,572,173", "Share Issued": "201,231", "Ordinary Shares Number": "201,231"}}, "cf": {"TTM": {"Duration": "TTM", "Operating Cash Flow": "40,943", "Investing Cash Flow": "-542,434", "Financing Cash Flow": "-27,633", "End Cash Position": "1,123,621", "Capital Expenditure": "-1,080,516", "Issuance of Debt": "0", "Repayment of Debt": "-27,633", "Free Cash Flow": "-1,039,573"}, "12/31/2020": {"Duration": "12/31/2020", "Operating Cash Flow": "40,943", "Investing Cash Flow": "-542,434", "Financing Cash Flow": "-27,633", "End Cash Position": "1,123,621", "Capital Expenditure": "-1,080,516", "Issuance of Debt": "0", "Repayment of Debt": "-27,633", "Free Cash Flow": "-1,039,573"}, "12/31/2019": {"Duration": "12/31/2019", "Operating Cash Flow": "-11,652", "Investing Cash Flow": "66,927", "Financing Cash Flow": "-6,488", "End Cash Position": "1,651,985", "Capital Expenditure": "-1,308,073", "Issuance of Debt": "1,511", "Repayment of Debt": "-7,892", "Free Cash Flow": "-1,319,725"}, "12/31/2018": {"Duration": "12/31/2018", "Operating Cash Flow": "179,968", "Investing Cash Flow": "-33,731", "Financing Cash Flow": "12,898", "End Cash Position": "1,603,067", "Capital Expenditure": "-1,304,347", "Issuance of Debt": "13,261", "Repayment of Debt": "-", "Free Cash Flow": "-1,124,379"}}}}, {"HBM": {"quote": {"05/07/2021": {"value": "9.23", "Market Cap": "2.39B", "Beta (5Y Monthly)": "2.02", "PE Ratio (TTM)": "N/A", "EPS (TTM)": "-0.55", "Earnings Date": "May 11, 2021", "Forward Dividend & Yield": "0.02 (0.20%)", "Ex-Dividend Date": "Mar 08, 2021", "1y Target Est": "10.71"}}, "fin": {"TTM": {"Duration": "TTM", "Total Revenue": "1,092,418", "Cost of Revenue": "1,053,418", "Gross Profit": "39,000", "Operating Expense": "66,871", "Operating Income": "-27,871", "Net Non Operating Interest Income Expense": "-96,910", "Other Income Expense": "-54,308", "Pretax Income": "-179,089", "Tax Provision": "-34,505", "Net Income Common Stockholders": "-144,584", "Diluted NI Available to Com Stockholders": "-144,584", "Basic EPS": "-", "Diluted EPS": "-", "Basic Average Shares": "-", "Diluted Average Shares": "-", "Total Operating Income as Reported": "-37,187", "Total Expenses": "1,120,289", "Interest Income": "1,812", "Interest Expense": "86,255", "Net Interest Income": "-96,910", "Net Income from Continuing & Discontinued Operation": "-144,584", "Normalized Income": "-154,382", "EBIT": "-92,834", "EBITDA": "270,769", "Reconciled Cost of Revenue": "1,053,418", "Reconciled Depreciation": "363,603", "Net Income from Continuing Operation Net Minority Interest": "-144,584", "Total Unusual Items Excluding Goodwill": "12,136", "Total Unusual Items": "12,136", "Normalized EBITDA": "258,633", "Tax Rate for Calcs": "0", "Tax Effect of Unusual Items": "2,338"}, "12/31/2020": {"Duration": "12/31/2020", "Total Revenue": "1,092,418", "Cost of Revenue": "1,053,418", "Gross Profit": "39,000", "Operating Expense": "66,871", "Operating Income": "-27,871", "Net Non Operating Interest Income Expense": "-96,910", "Other Income Expense": "-54,308", "Pretax Income": "-179,089", "Tax Provision": "-34,505", "Net Income Common Stockholders": "-144,584", "Diluted NI Available to Com Stockholders": "-144,584", "Basic EPS": "-", "Diluted EPS": "-", "Basic Average Shares": "-", "Diluted Average Shares": "-", "Total Operating Income as Reported": "-37,187", "Total Expenses": "1,120,289", "Interest Income": "1,812", "Interest Expense": "86,255", "Net Interest Income": "-96,910", "Net Income from Continuing & Discontinued Operation": "-144,584", "Normalized Income": "-154,382", "EBIT": "-92,834", "EBITDA": "-", "Reconciled Cost of Revenue": "1,053,418", "Reconciled Depreciation": "363,603", "Net Income from Continuing Operation Net Minority Interest": "-144,584", "Total Unusual Items Excluding Goodwill": "12,136", "Total Unusual Items": "12,136", "Normalized EBITDA": "258,633", "Tax Rate for Calcs": "0", "Tax Effect of Unusual Items": "2,338"}, "12/31/2019": {"Duration": "12/31/2019", "Total Revenue": "1,237,439", "Cost of Revenue": "1,085,897", "Gross Profit": "151,542", "Operating Expense": "95,279", "Operating Income": "56,263", "Net Non Operating Interest Income Expense": "-146,261", "Other Income Expense": "-362,765", "Pretax Income": "-452,763", "Tax Provision": "-108,953", "Net Income Common Stockholders": "-343,810", "Diluted NI Available to Com Stockholders": "-343,810", "Basic EPS": "-1.32", "Diluted EPS": "-1.32", "Basic Average Shares": "261,272", "Diluted Average Shares": "261,272", "Total Operating Income as Reported": "-288,767", "Total Expenses": "1,181,176", "Interest Income": "8,527", "Interest Expense": "72,767", "Net Interest Income": "-146,261", "Net Income from Continuing & Discontinued Operation": "-343,810", "Normalized Income": "-68,341", "EBIT": "-379,996", "EBITDA": "-", "Reconciled Cost of Revenue": "1,085,897", "Reconciled Depreciation": "346,634", "Net Income from Continuing Operation Net Minority Interest": "-343,810", "Total Unusual Items Excluding Goodwill": "-362,765", "Total Unusual Items": "-362,765", "Normalized EBITDA": "329,403", "Tax Rate for Calcs": "0", "Tax Effect of Unusual Items": "-87,296"}, "12/31/2018": {"Duration": "12/31/2018", "Total Revenue": "1,472,366", "Cost of Revenue": "1,098,626", "Gross Profit": "373,740", "Operating Expense": "77,128", "Operating Income": "296,612", "Net Non Operating Interest Income Expense": "-134,126", "Other Income Expense": "8,351", "Pretax Income": "170,837", "Tax Provision": "85,421", "Net Income Common Stockholders": "85,416", "Diluted NI Available to Com Stockholders": "85,416", "Basic EPS": "0.33", "Diluted EPS": "0.33", "Basic Average Shares": "261,272", "Diluted Average Shares": "261,272", "Total Operating Income as Reported": "298,856", "Total Expenses": "1,175,754", "Interest Income": "8,450", "Interest Expense": "69,295", "Net Interest Income": "-134,126", "Net Income from Continuing & Discontinued Operation": "85,416", "Normalized Income": "79,278", "EBIT": "240,132", "EBITDA": "-", "Reconciled Cost of Revenue": "1,098,626", "Reconciled Depreciation": "333,144", "Net Income from Continuing Operation Net Minority Interest": "85,416", "Total Unusual Items Excluding Goodwill": "8,351", "Total Unusual Items": "8,351", "Normalized EBITDA": "564,925", "Tax Rate for Calcs": "0", "Tax Effect of Unusual Items": "2,213"}}, "bs": {"12/31/2020": {"Duration": "12/31/2020", "Total Assets": "4,666,645", "Total Liabilities Net Minority Interest": "2,966,839", "Total Equity Gross Minority Interest": "1,699,806", "Total Capitalization": "2,835,481", "Common Stock Equity": "1,699,806", "Capital Lease Obligations": "63,514", "Net Tangible Assets": "1,694,397", "Working Capital": "306,888", "Invested Capital": "2,835,481", "Tangible Book Value": "1,694,397", "Total Debt": "1,199,189", "Net Debt": "696,540", "Share Issued": "261,272", "Ordinary Shares Number": "261,272"}, "12/31/2019": {"Duration": "12/31/2019", "Total Assets": "4,455,961", "Total Liabilities Net Minority Interest": "2,607,838", "Total Equity Gross Minority Interest": "1,848,123", "Total Capitalization": "2,833,378", "Common Stock Equity": "1,848,123", "Capital Lease Obligations": "81,947", "Net Tangible Assets": "1,843,096", "Working Capital": "271,284", "Invested Capital": "2,833,378", "Tangible Book Value": "1,843,096", "Total Debt": "1,067,202", "Net Debt": "589,109", "Share Issued": "261,272", "Ordinary Shares Number": "261,272"}, "12/31/2018": {"Duration": "12/31/2018", "Total Assets": "4,685,635", "Total Liabilities Net Minority Interest": "2,506,779", "Total Equity Gross Minority Interest": "2,178,856", "Total Capitalization": "3,159,886", "Common Stock Equity": "2,178,856", "Capital Lease Obligations": "74,235", "Net Tangible Assets": "2,174,694", "Working Capital": "445,228", "Invested Capital": "3,159,886", "Tangible Book Value": "2,174,694", "Total Debt": "1,055,265", "Net Debt": "465,533", "Share Issued": "261,272", "Ordinary Shares Number": "261,272"}}, "cf": {"TTM": {"Duration": "TTM", "Operating Cash Flow": "239,480", "Investing Cash Flow": "-359,018", "Financing Cash Flow": "162,093", "End Cash Position": "439,135", "Capital Expenditure": "-361,185", "Issuance of Capital Stock": "-", "Issuance of Debt": "591,824", "Repayment of Debt": "-443,232", "Repurchase of Capital Stock": "-", "Free Cash Flow": "-121,705"}, "12/31/2020": {"Duration": "12/31/2020", "Operating Cash Flow": "239,480", "Investing Cash Flow": "-359,018", "Financing Cash Flow": "162,093", "End Cash Position": "439,135", "Capital Expenditure": "-361,185", "Issuance of Capital Stock": "-", "Issuance of Debt": "591,824", "Repayment of Debt": "-443,232", "Repurchase of Capital Stock": "-", "Free Cash Flow": "-121,705"}, "12/31/2019": {"Duration": "12/31/2019", "Operating Cash Flow": "310,856", "Investing Cash Flow": "-292,370", "Financing Cash Flow": "-137,778", "End Cash Position": "396,146", "Capital Expenditure": "-259,202", "Issuance of Capital Stock": "0", "Issuance of Debt": "-", "Repayment of Debt": "-32,952", "Repurchase of Capital Stock": "0", "Free Cash Flow": "51,654"}, "12/31/2018": {"Duration": "12/31/2018", "Operating Cash Flow": "479,552", "Investing Cash Flow": "-202,136", "Financing Cash Flow": "-120,354", "End Cash Position": "515,497", "Capital Expenditure": "-190,899", "Issuance of Capital Stock": "-", "Issuance of Debt": "0", "Repayment of Debt": "-20,926", "Repurchase of Capital Stock": "-69", "Free Cash Flow": "288,653"}}}}, {"OPXS": {"quote": {"05/07/2021": {"value": "1.6500", "Market Cap": "13.981M", "Beta (5Y Monthly)": "0.72", "PE Ratio (TTM)": "5.37", "EPS (TTM)": "0.3070", "Earnings Date": "Feb 13, 2020 - Feb 14, 2020", "Forward Dividend & Yield": "N/A (N/A)", "Ex-Dividend Date": "Apr 11, 2018", "1y Target Est": "N/A"}}, "fin": {"TTM": {"Duration": "TTM", "Total Revenue": "24,474", "Cost of Revenue": "19,018", "Gross Profit": "5,456", "Operating Expense": "3,212", "Operating Income": "2,244", "Net Non Operating Interest Income Expense": "-17", "Other Income Expense": "1,770", "Pretax Income": "3,997", "Tax Provision": "406", "Net Income Common Stockholders": "2,632", "Diluted NI Available to Com Stockholders": "2,632", "Basic EPS": "-", "Diluted EPS": "-", "Basic Average Shares": "-", "Diluted Average Shares": "-", "Total Operating Income as Reported": "2,244", "Total Expenses": "22,230", "Interest Expense": "17", "Net Interest Income": "-17", "Net Income from Continuing & Discontinued Operation": "3,591", "Normalized Income": "2,001", "EBIT": "4,014", "EBITDA": "4,259", "Reconciled Cost of Revenue": "19,018", "Reconciled Depreciation": "245", "Net Income from Continuing Operation Net Minority Interest": "3,591", "Total Unusual Items Excluding Goodwill": "1,770", "Total Unusual Items": "1,770", "Normalized EBITDA": "2,489", "Tax Rate for Calcs": "0", "Tax Effect of Unusual Items": "179.7898"}, "9/30/2020": {"Duration": "9/30/2020", "Total Revenue": "25,890", "Cost of Revenue": "19,802", "Gross Profit": "6,088", "Operating Expense": "3,205", "Operating Income": "2,883", "Net Non Operating Interest Income Expense": "-19", "Other Income Expense": "-508", "Pretax Income": "2,356", "Tax Provision": "531", "Net Income Common Stockholders": "1,227", "Diluted NI Available to Com Stockholders": "1,227", "Basic EPS": "0.14", "Diluted EPS": "0.14", "Basic Average Shares": "8,465", "Diluted Average Shares": "8,590", "Total Operating Income as Reported": "2,883", "Total Expenses": "23,007", "Interest Expense": "19", "Net Interest Income": "-19", "Net Income from Continuing & Discontinued Operation": "1,825", "Normalized Income": "2,216", "EBIT": "2,375", "EBITDA": "-", "Reconciled Cost of Revenue": "19,802", "Reconciled Depreciation": "248", "Net Income from Continuing Operation Net Minority Interest": "1,825", "Total Unusual Items Excluding Goodwill": "-508", "Total Unusual Items": "-508", "Normalized EBITDA": "3,131", "Tax Rate for Calcs": "0", "Tax Effect of Unusual Items": "-116.84"}, "9/30/2019": {"Duration": "9/30/2019", "Total Revenue": "24,530", "Cost of Revenue": "18,277", "Gross Profit": "6,253", "Operating Expense": "3,056", "Operating Income": "3,197", "Net Non Operating Interest Income Expense": "-23", "Other Income Expense": "1,344", "Pretax Income": "4,518", "Tax Provision": "-1,150", "Net Income Common Stockholders": "3,800", "Diluted NI Available to Com Stockholders": "3,800", "Basic EPS": "0.45", "Diluted EPS": "0.45", "Basic Average Shares": "8,389", "Diluted Average Shares": "8,493", "Total Operating Income as Reported": "3,197", "Total Expenses": "21,333", "Interest Expense": "23", "Net Interest Income": "-23", "Net Income from Continuing & Discontinued Operation": "5,668", "Normalized Income": "4,687", "EBIT": "4,541", "EBITDA": "-", "Reconciled Cost of Revenue": "18,277", "Reconciled Depreciation": "340", "Net Income from Continuing Operation Net Minority Interest": "5,668", "Total Unusual Items Excluding Goodwill": "1,344", "Total Unusual Items": "1,344", "Normalized EBITDA": "3,537", "Tax Rate for Calcs": "0", "Tax Effect of Unusual Items": "362.88"}, "9/30/2018": {"Duration": "9/30/2018", "Total Revenue": "20,853", "Cost of Revenue": "16,338", "Gross Profit": "4,515", "Operating Expense": "3,029", "Operating Income": "1,486", "Net Non Operating Interest Income Expense": "-20", "Other Income Expense": "95", "Pretax Income": "1,561", "Tax Provision": "167", "Net Income Common Stockholders": "930", "Diluted NI Available to Com Stockholders": "930", "Basic EPS": "0.11", "Diluted EPS": "0.11", "Basic Average Shares": "8,458", "Diluted Average Shares": "8,796", "Total Operating Income as Reported": "1,486", "Total Expenses": "19,367", "Interest Expense": "20", "Net Interest Income": "-20", "Net Income from Continuing & Discontinued Operation": "1,394", "Normalized Income": "1,309", "EBIT": "1,581", "EBITDA": "-", "Reconciled Cost of Revenue": "16,338", "Reconciled Depreciation": "327", "Net Income from Continuing Operation Net Minority Interest": "1,394", "Total Unusual Items Excluding Goodwill": "95", "Total Unusual Items": "95", "Normalized EBITDA": "1,813", "Tax Rate for Calcs": "0", "Tax Effect of Unusual Items": "10.1634"}}, "bs": {"9/30/2020": {"Duration": "9/30/2020", "Total Assets": "20,345", "Total Liabilities Net Minority Interest": "6,369", "Total Equity Gross Minority Interest": "13,976", "Total Capitalization": "14,353", "Common Stock Equity": "13,976", "Capital Lease Obligations": "1,454", "Net Tangible Assets": "13,976", "Working Capital": "14,262", "Invested Capital": "14,353", "Tangible Book Value": "13,976", "Total Debt": "1,831", "Share Issued": "8,796", "Ordinary Shares Number": "8,690", "Preferred Shares Number": "-", "Treasury Shares Number": "105.733"}, "9/30/2019": {"Duration": "9/30/2019", "Total Assets": "17,556", "Total Liabilities Net Minority Interest": "5,348", "Total Equity Gross Minority Interest": "12,208", "Total Capitalization": "12,208", "Common Stock Equity": "12,208", "Capital Lease Obligations": "-", "Net Tangible Assets": "12,208", "Working Capital": "11,705", "Invested Capital": "12,458", "Tangible Book Value": "12,208", "Total Debt": "250", "Share Issued": "8,436", "Ordinary Shares Number": "8,436", "Preferred Shares Number": "-", "Treasury Shares Number": "-"}, "9/30/2018": {"Duration": "9/30/2018", "Total Assets": "12,687", "Total Liabilities Net Minority Interest": "6,343", "Total Equity Gross Minority Interest": "6,344", "Total Capitalization": "6,344", "Common Stock Equity": "6,344", "Capital Lease Obligations": "-", "Net Tangible Assets": "6,344", "Working Capital": "8,491", "Invested Capital": "6,644", "Tangible Book Value": "6,344", "Total Debt": "300", "Share Issued": "8,333", "Ordinary Shares Number": "8,333", "Preferred Shares Number": "1.995", "Treasury Shares Number": "-"}}, "cf": {"TTM": {"Duration": "TTM", "Operating Cash Flow": "4,040", "Investing Cash Flow": "-204", "Financing Cash Flow": "-892", "End Cash Position": "4,627", "Income Tax Paid Supplemental Data": "-", "Interest Paid Supplemental Data": "17", "Capital Expenditure": "-204", "Repayment of Debt": "-", "Repurchase of Capital Stock": "-615", "Free Cash Flow": "3,836"}, "9/30/2020": {"Duration": "9/30/2020", "Operating Cash Flow": "3,911", "Investing Cash Flow": "-152", "Financing Cash Flow": "-127", "End Cash Position": "4,700", "Income Tax Paid Supplemental Data": "289", "Interest Paid Supplemental Data": "19", "Capital Expenditure": "-152", "Repayment of Debt": "-", "Repurchase of Capital Stock": "-200", "Free Cash Flow": "3,759"}, "9/30/2019": {"Duration": "9/30/2019", "Operating Cash Flow": "160", "Investing Cash Flow": "-135", "Financing Cash Flow": "-90", "End Cash Position": "1,068", "Income Tax Paid Supplemental Data": "360", "Interest Paid Supplemental Data": "23", "Capital Expenditure": "-143", "Repayment of Debt": "-50", "Repurchase of Capital Stock": "0", "Free Cash Flow": "17"}, "9/30/2018": {"Duration": "9/30/2018", "Operating Cash Flow": "1,039", "Investing Cash Flow": "-167", "Financing Cash Flow": "-1,421", "End Cash Position": "1,133", "Income Tax Paid Supplemental Data": "144", "Interest Paid Supplemental Data": "20", "Capital Expenditure": "-167", "Repayment of Debt": "-", "Repurchase of Capital Stock": "-700", "Free Cash Flow": "872"}}}}, {"BRZL": {"quote": {"05/07/2021": {"value": "0.0078", "Market Cap": "32.805M", "Beta (5Y Monthly)": "-1.32", "PE Ratio (TTM)": "N/A", "EPS (TTM)": "-0.0450", "Earnings Date": "N/A", "Forward Dividend & Yield": "N/A (3.03%)", "Ex-Dividend Date": "N/A", "1y Target Est": "N/A"}}, "fin": {}, "bs": {}, "cf": {}}}, {"MUX": {"quote": {"05/07/2021": {"value": "1.3000", "Market Cap": "596.943M", "Beta (5Y Monthly)": "1.18", "PE Ratio (TTM)": "N/A", "EPS (TTM)": "-0.3800", "Earnings Date": "May 10, 2021", "Forward Dividend & Yield": "N/A (N/A)", "Ex-Dividend Date": "Mar 07, 2019", "1y Target Est": "1.77"}}, "fin": {"TTM": {"Duration": "TTM", "Total Revenue": "104,789", "Cost of Revenue": "132,142", "Gross Profit": "-27,353", "Operating Expense": "39,031", "Operating Income": "-66,384", "Net Non Operating Interest Income Expense": "-7,434", "Other Income Expense": "-79,929", "Pretax Income": "-153,715", "Tax Provision": "-1,390", "Net Income Common Stockholders": "-152,325", "Diluted NI Available to Com Stockholders": "-152,325", "Basic EPS": "-", "Diluted EPS": "-", "Basic Average Shares": "-", "Diluted Average Shares": "-", "Total Operating Income as Reported": "-153,174", "Total Expenses": "171,173", "Interest Expense": "7,434", "Net Interest Income": "-7,434", "Net Income from Continuing & Discontinued Operation": "-152,325", "Normalized Income": "-74,608", "EBIT": "-146,281", "EBITDA": "-123,191", "Reconciled Cost of Revenue": "132,142", "Reconciled Depreciation": "23,090", "Net Income from Continuing Operation Net Minority Interest": "-152,325", "Total Unusual Items Excluding Goodwill": "-78,426", "Total Unusual Items": "-78,426", "Normalized EBITDA": "-44,765", "Tax Rate for Calcs": "0", "Tax Effect of Unusual Items": "-709.1835"}, "12/31/2020": {"Duration": "12/31/2020", "Total Revenue": "104,789", "Cost of Revenue": "132,142", "Gross Profit": "-27,353", "Operating Expense": "39,031", "Operating Income": "-66,384", "Net Non Operating Interest Income Expense": "-7,434", "Other Income Expense": "-79,929", "Pretax Income": "-153,715", "Tax Provision": "-1,390", "Net Income Common Stockholders": "-152,325", "Diluted NI Available to Com Stockholders": "-152,325", "Basic EPS": "-", "Diluted EPS": "-", "Basic Average Shares": "-", "Diluted Average Shares": "-", "Total Operating Income as Reported": "-153,174", "Total Expenses": "171,173", "Interest Expense": "7,434", "Net Interest Income": "-7,434", "Net Income from Continuing & Discontinued Operation": "-152,325", "Normalized Income": "-74,608", "EBIT": "-146,281", "EBITDA": "-", "Reconciled Cost of Revenue": "132,142", "Reconciled Depreciation": "23,090", "Net Income from Continuing Operation Net Minority Interest": "-152,325", "Total Unusual Items Excluding Goodwill": "-78,426", "Total Unusual Items": "-78,426", "Normalized EBITDA": "-44,765", "Tax Rate for Calcs": "0", "Tax Effect of Unusual Items": "-709.1835"}, "12/31/2019": {"Duration": "12/31/2019", "Total Revenue": "117,019", "Cost of Revenue": "108,599", "Gross Profit": "8,420", "Operating Expense": "63,580", "Operating Income": "-55,160", "Net Non Operating Interest Income Expense": "-6,817", "Other Income Expense": "-1,614", "Pretax Income": "-63,591", "Tax Provision": "-3,844", "Net Income Common Stockholders": "-59,747", "Diluted NI Available to Com Stockholders": "-59,747", "Basic EPS": "-0.17", "Diluted EPS": "-0.17", "Basic Average Shares": "361,845", "Diluted Average Shares": "361,845", "Total Operating Income as Reported": "-63,914", "Total Expenses": "172,179", "Interest Expense": "-", "Net Interest Income": "-6,817", "Net Income from Continuing & Discontinued Operation": "-59,747", "Normalized Income": "-66,283", "EBIT": "-55,160", "EBITDA": "-", "Reconciled Cost of Revenue": "108,599", "Reconciled Depreciation": "25,543", "Net Income from Continuing Operation Net Minority Interest": "-59,747", "Total Unusual Items Excluding Goodwill": "6,956", "Total Unusual Items": "6,956", "Normalized EBITDA": "-36,573", "Tax Rate for Calcs": "0", "Tax Effect of Unusual Items": "420.4819"}, "12/31/2018": {"Duration": "12/31/2018", "Total Revenue": "128,822", "Cost of Revenue": "102,070", "Gross Profit": "26,752", "Operating Expense": "61,429", "Operating Income": "-34,677", "Net Non Operating Interest Income Expense": "-1,619", "Other Income Expense": "-11,344", "Pretax Income": "-47,640", "Tax Provision": "-2,770", "Net Income Common Stockholders": "-44,870", "Diluted NI Available to Com Stockholders": "-44,870", "Basic EPS": "-0.13", "Diluted EPS": "-0.13", "Basic Average Shares": "337,297", "Diluted Average Shares": "337,297", "Total Operating Income as Reported": "-46,542", "Total Expenses": "163,499", "Interest Expense": "-", "Net Interest Income": "-1,619", "Net Income from Continuing & Discontinued Operation": "-44,870", "Normalized Income": "-45,361", "EBIT": "-34,677", "EBITDA": "-", "Reconciled Cost of Revenue": "102,070", "Reconciled Depreciation": "16,425", "Net Income from Continuing Operation Net Minority Interest": "-44,870", "Total Unusual Items Excluding Goodwill": "521", "Total Unusual Items": "521", "Normalized EBITDA": "-18,773", "Tax Rate for Calcs": "0", "Tax Effect of Unusual Items": "30.2932"}}, "bs": {"12/31/2020": {"Duration": "12/31/2020", "Total Assets": "499,936", "Total Liabilities Net Minority Interest": "134,608", "Total Equity Gross Minority Interest": "365,328", "Total Capitalization": "413,488", "Common Stock Equity": "365,328", "Capital Lease Obligations": "5,496", "Net Tangible Assets": "365,328", "Working Capital": "7,943", "Invested Capital": "413,488", "Tangible Book Value": "365,328", "Total Debt": "53,656", "Net Debt": "27,317", "Share Issued": "416,587", "Ordinary Shares Number": "416,587"}, "12/31/2019": {"Duration": "12/31/2019", "Total Assets": "631,223", "Total Liabilities Net Minority Interest": "131,744", "Total Equity Gross Minority Interest": "499,479", "Total Capitalization": "538,995", "Common Stock Equity": "499,479", "Capital Lease Obligations": "7,133", "Net Tangible Assets": "499,479", "Working Capital": "43,183", "Invested Capital": "543,995", "Tangible Book Value": "499,479", "Total Debt": "56,649", "Net Debt": "-", "Share Issued": "400,339", "Ordinary Shares Number": "400,339"}, "12/31/2018": {"Duration": "12/31/2018", "Total Assets": "616,941", "Total Liabilities Net Minority Interest": "130,995", "Total Equity Gross Minority Interest": "485,946", "Total Capitalization": "535,152", "Common Stock Equity": "485,946", "Capital Lease Obligations": "6,429", "Net Tangible Assets": "485,946", "Working Capital": "23,364", "Invested Capital": "535,152", "Tangible Book Value": "485,946", "Total Debt": "55,635", "Net Debt": "33,450", "Share Issued": "344,560", "Ordinary Shares Number": "344,560"}}, "cf": {"TTM": {"Duration": "TTM", "Operating Cash Flow": "-27,873", "Investing Cash Flow": "-11,767", "Financing Cash Flow": "17,578", "End Cash Position": "24,438", "Interest Paid Supplemental Data": "5,131", "Capital Expenditure": "-13,373", "Issuance of Capital Stock": "19,644", "Issuance of Debt": "-", "Repayment of Debt": "-2,204", "Repurchase of Capital Stock": "-", "Free Cash Flow": "-41,246"}, "12/31/2020": {"Duration": "12/31/2020", "Operating Cash Flow": "-27,873", "Investing Cash Flow": "-11,767", "Financing Cash Flow": "17,578", "End Cash Position": "24,438", "Interest Paid Supplemental Data": "5,131", "Capital Expenditure": "-13,373", "Issuance of Capital Stock": "19,644", "Issuance of Debt": "-", "Repayment of Debt": "-2,204", "Repurchase of Capital Stock": "-", "Free Cash Flow": "-41,246"}, "12/31/2019": {"Duration": "12/31/2019", "Operating Cash Flow": "-39,527", "Investing Cash Flow": "-14,061", "Financing Cash Flow": "70,007", "End Cash Position": "46,500", "Interest Paid Supplemental Data": "5,218", "Capital Expenditure": "-29,707", "Issuance of Capital Stock": "71,318", "Issuance of Debt": "0", "Repayment of Debt": "-1,855", "Repurchase of Capital Stock": "-", "Free Cash Flow": "-69,234"}, "12/31/2018": {"Duration": "12/31/2018", "Operating Cash Flow": "487", "Investing Cash Flow": "-69,341", "Financing Cash Flow": "60,440", "End Cash Position": "30,489", "Interest Paid Supplemental Data": "-", "Capital Expenditure": "-81,321", "Issuance of Capital Stock": "15,764", "Issuance of Debt": "50,000", "Repayment of Debt": "-485", "Repurchase of Capital Stock": "0", "Free Cash Flow": "-80,834"}}}}, {"URG": {"quote": {"05/07/2021": {"value": "1.4000", "Market Cap": "262.245M", "Beta (5Y Monthly)": "1.36", "PE Ratio (TTM)": "N/A", "EPS (TTM)": "-0.0900", "Earnings Date": "N/A", "Forward Dividend & Yield": "N/A (N/A)", "Ex-Dividend Date": "N/A", "1y Target Est": "1.18"}}, "fin": {"TTM": {"Duration": "TTM", "Total Revenue": "8,316", "Cost of Revenue": "12,968", "Gross Profit": "-4,652", "Operating Expense": "8,689", "Operating Income": "-13,341", "Net Non Operating Interest Income Expense": "-710", "Other Income Expense": "-734", "Pretax Income": "-14,785", "Tax Provision": "-", "Net Income Common Stockholders": "-14,785", "Diluted NI Available to Com Stockholders": "-14,785", "Basic EPS": "-", "Diluted EPS": "-", "Basic Average Shares": "-", "Diluted Average Shares": "-", "Total Operating Income as Reported": "-13,341", "Total Expenses": "21,657", "Interest Expense": "710", "Net Interest Income": "-710", "Net Income from Continuing & Discontinued Operation": "-14,785", "Normalized Income": "-14,033", "EBIT": "-14,075", "EBITDA": "-9,812", "Reconciled Cost of Revenue": "12,968", "Reconciled Depreciation": "4,263", "Net Income from Continuing Operation Net Minority Interest": "-14,785", "Total Unusual Items Excluding Goodwill": "-752", "Total Unusual Items": "-752", "Normalized EBITDA": "-9,060", "Tax Rate for Calcs": "0", "Tax Effect of Unusual Items": "0"}, "12/31/2020": {"Duration": "12/31/2020", "Total Revenue": "8,316", "Cost of Revenue": "12,968", "Gross Profit": "-4,652", "Operating Expense": "8,689", "Operating Income": "-13,341", "Net Non Operating Interest Income Expense": "-710", "Other Income Expense": "-734", "Pretax Income": "-14,785", "Tax Provision": "-", "Net Income Common Stockholders": "-14,785", "Diluted NI Available to Com Stockholders": "-14,785", "Basic EPS": "-", "Diluted EPS": "-", "Basic Average Shares": "-", "Diluted Average Shares": "-", "Total Operating Income as Reported": "-13,341", "Total Expenses": "21,657", "Interest Expense": "710", "Net Interest Income": "-710", "Net Income from Continuing & Discontinued Operation": "-14,785", "Normalized Income": "-14,033", "EBIT": "-14,075", "EBITDA": "-", "Reconciled Cost of Revenue": "12,968", "Reconciled Depreciation": "4,263", "Net Income from Continuing Operation Net Minority Interest": "-14,785", "Total Unusual Items Excluding Goodwill": "-752", "Total Unusual Items": "-752", "Normalized EBITDA": "-9,060", "Tax Rate for Calcs": "0", "Tax Effect of Unusual Items": "0"}, "12/31/2019": {"Duration": "12/31/2019", "Total Revenue": "32,255", "Cost of Revenue": "30,275", "Gross Profit": "1,980", "Operating Expense": "10,258", "Operating Income": "-8,278", "Net Non Operating Interest Income Expense": "-668", "Other Income Expense": "528", "Pretax Income": "-8,418", "Tax Provision": "-", "Net Income Common Stockholders": "-8,418", "Diluted NI Available to Com Stockholders": "-8,418", "Basic EPS": "-0.05", "Diluted EPS": "-0.05", "Basic Average Shares": "159,903", "Diluted Average Shares": "159,903", "Total Operating Income as Reported": "-8,289", "Total Expenses": "40,533", "Interest Expense": "668", "Net Interest Income": "-668", "Net Income from Continuing & Discontinued Operation": "-8,418", "Normalized Income": "-8,903", "EBIT": "-7,750", "EBITDA": "-", "Reconciled Cost of Revenue": "30,275", "Reconciled Depreciation": "4,413", "Net Income from Continuing Operation Net Minority Interest": "-8,418", "Total Unusual Items Excluding Goodwill": "485", "Total Unusual Items": "485", "Normalized EBITDA": "-3,822", "Tax Rate for Calcs": "0", "Tax Effect of Unusual Items": "0"}, "12/31/2018": {"Duration": "12/31/2018", "Total Revenue": "23,496", "Cost of Revenue": "12,203", "Gross Profit": "11,293", "Operating Expense": "9,986", "Operating Income": "1,307", "Net Non Operating Interest Income Expense": "-1,002", "Other Income Expense": "4,229", "Pretax Income": "4,534", "Tax Provision": "0", "Net Income Common Stockholders": "4,534", "Diluted NI Available to Com Stockholders": "4,534", "Basic EPS": "0.03", "Diluted EPS": "0.03", "Basic Average Shares": "150,035", "Diluted Average Shares": "151,598", "Total Operating Income as Reported": "1,307", "Total Expenses": "22,189", "Interest Expense": "1,002", "Net Interest Income": "-1,002", "Net Income from Continuing & Discontinued Operation": "4,534", "Normalized Income": "3,910", "EBIT": "5,536", "EBITDA": "-", "Reconciled Cost of Revenue": "12,203", "Reconciled Depreciation": "3,603", "Net Income from Continuing Operation Net Minority Interest": "4,534", "Total Unusual Items Excluding Goodwill": "624", "Total Unusual Items": "624", "Normalized EBITDA": "8,515", "Tax Rate for Calcs": "0", "Tax Effect of Unusual Items": "0"}}, "bs": {"12/31/2020": {"Duration": "12/31/2020", "Total Assets": "81,830", "Total Liabilities Net Minority Interest": "47,734", "Total Equity Gross Minority Interest": "34,096", "Total Capitalization": "46,816", "Common Stock Equity": "34,096", "Capital Lease Obligations": "50", "Net Tangible Assets": "34,096", "Working Capital": "1,498", "Invested Capital": "47,275", "Tangible Book Value": "34,096", "Total Debt": "13,229", "Net Debt": "8,911", "Share Issued": "170,254", "Ordinary Shares Number": "170,254"}, "12/31/2019": {"Duration": "12/31/2019", "Total Assets": "90,390", "Total Liabilities Net Minority Interest": "46,057", "Total Equity Gross Minority Interest": "44,333", "Total Capitalization": "56,548", "Common Stock Equity": "44,333", "Capital Lease Obligations": "12", "Net Tangible Assets": "44,333", "Working Capital": "6,376", "Invested Capital": "56,548", "Tangible Book Value": "44,333", "Total Debt": "12,227", "Net Debt": "4,463", "Share Issued": "160,478", "Ordinary Shares Number": "160,478"}, "12/31/2018": {"Duration": "12/31/2018", "Total Assets": "100,363", "Total Liabilities Net Minority Interest": "48,516", "Total Equity Gross Minority Interest": "51,847", "Total Capitalization": "61,447", "Common Stock Equity": "51,847", "Capital Lease Obligations": "-", "Net Tangible Assets": "51,847", "Working Capital": "1,608", "Invested Capital": "66,509", "Tangible Book Value": "51,847", "Total Debt": "14,662", "Net Debt": "8,290", "Share Issued": "159,729", "Ordinary Shares Number": "159,729"}}, "cf": {"TTM": {"Duration": "TTM", "Operating Cash Flow": "-8,443", "Investing Cash Flow": "-25", "Financing Cash Flow": "5,327", "End Cash Position": "12,127", "Capital Expenditure": "-43", "Issuance of Capital Stock": "4,805", "Issuance of Debt": "893", "Repayment of Debt": "1", "Free Cash Flow": "-8,486"}, "12/31/2020": {"Duration": "12/31/2020", "Operating Cash Flow": "-8,443", "Investing Cash Flow": "-25", "Financing Cash Flow": "5,327", "End Cash Position": "12,127", "Capital Expenditure": "-43", "Issuance of Capital Stock": "4,805", "Issuance of Debt": "893", "Repayment of Debt": "-", "Free Cash Flow": "-8,486"}, "12/31/2019": {"Duration": "12/31/2019", "Operating Cash Flow": "3,987", "Investing Cash Flow": "-243", "Financing Cash Flow": "-2,421", "End Cash Position": "15,215", "Capital Expenditure": "-280", "Issuance of Capital Stock": "0", "Issuance of Debt": "-", "Repayment of Debt": "-2,554", "Free Cash Flow": "3,707"}, "12/31/2018": {"Duration": "12/31/2018", "Operating Cash Flow": "-5,363", "Investing Cash Flow": "3,449", "Financing Cash Flow": "4,417", "End Cash Position": "13,830", "Capital Expenditure": "-86", "Issuance of Capital Stock": "10,000", "Issuance of Debt": "-", "Repayment of Debt": "-4,895", "Free Cash Flow": "-5,449"}}}}, {"NJMC": {"quote": {"05/07/2021": {"value": "0.2785", "Market Cap": "38.314M", "Beta (5Y Monthly)": "0.18", "PE Ratio (TTM)": "N/A", "EPS (TTM)": "-0.0050", "Earnings Date": "Nov 14, 2018", "Forward Dividend & Yield": "N/A (N/A)", "Ex-Dividend Date": "N/A", "1y Target Est": "N/A"}}, "fin": {"TTM": {"Duration": "TTM", "Total Revenue": "5,675", "Cost of Revenue": "5,607", "Gross Profit": "67.546", "Operating Expense": "1,053", "Operating Income": "-985.57", "Net Non Operating Interest Income Expense": "-149.483", "Other Income Expense": "395.114", "Pretax Income": "-739.939", "Net Income Common Stockholders": "-642.876", "Diluted NI Available to Com Stockholders": "-642.876", "Basic EPS": "-", "Diluted EPS": "-", "Basic Average Shares": "-", "Diluted Average Shares": "-", "Total Operating Income as Reported": "-995.106", "Total Expenses": "6,661", "Interest Income": "1.696", "Interest Expense": "151.179", "Net Interest Income": "-149.483", "Net Income from Continuing & Discontinued Operation": "-642.876", "Normalized Income": "-991.686", "EBIT": "-588.76", "EBITDA": "-13.089", "Reconciled Cost of Revenue": "5,607", "Reconciled Depreciation": "575.671", "Net Income from Continuing Operation Net Minority Interest": "-642.876", "Total Unusual Items Excluding Goodwill": "348.81", "Total Unusual Items": "348.81", "Normalized EBITDA": "-361.899", "Tax Rate for Calcs": "0", "Tax Effect of Unusual Items": "0"}, "12/31/2020": {"Duration": "12/31/2020", "Total Revenue": "5,675", "Cost of Revenue": "5,607", "Gross Profit": "67.546", "Operating Expense": "1,053", "Operating Income": "-985.57", "Net Non Operating Interest Income Expense": "-149.483", "Other Income Expense": "395.114", "Pretax Income": "-739.939", "Net Income Common Stockholders": "-642.876", "Diluted NI Available to Com Stockholders": "-642.876", "Basic EPS": "-", "Diluted EPS": "-", "Basic Average Shares": "-", "Diluted Average Shares": "-", "Total Operating Income as Reported": "-995.106", "Total Expenses": "6,661", "Interest Income": "1.696", "Interest Expense": "151.179", "Net Interest Income": "-149.483", "Net Income from Continuing & Discontinued Operation": "-642.876", "Normalized Income": "-991.686", "EBIT": "-588.76", "EBITDA": "-", "Reconciled Cost of Revenue": "5,607", "Reconciled Depreciation": "575.671", "Net Income from Continuing Operation Net Minority Interest": "-642.876", "Total Unusual Items Excluding Goodwill": "348.81", "Total Unusual Items": "348.81", "Normalized EBITDA": "-361.899", "Tax Rate for Calcs": "0", "Tax Effect of Unusual Items": "0"}, "12/31/2019": {"Duration": "12/31/2019", "Total Revenue": "6,120", "Cost of Revenue": "5,381", "Gross Profit": "738.548", "Operating Expense": "1,091", "Operating Income": "-352.692", "Net Non Operating Interest Income Expense": "-51.754", "Other Income Expense": "-322.061", "Pretax Income": "-726.507", "Net Income Common Stockholders": "-609.605", "Diluted NI Available to Com Stockholders": "-609.605", "Basic EPS": "-0.00", "Diluted EPS": "-0.00", "Basic Average Shares": "123,658", "Diluted Average Shares": "123,658", "Total Operating Income as Reported": "-686.025", "Total Expenses": "6,472", "Interest Income": "33.017", "Interest Expense": "84.771", "Net Interest Income": "-51.754", "Net Income from Continuing & Discontinued Operation": "-609.605", "Normalized Income": "-276.272", "EBIT": "-641.736", "EBITDA": "-", "Reconciled Cost of Revenue": "5,381", "Reconciled Depreciation": "580.005", "Net Income from Continuing Operation Net Minority Interest": "-609.605", "Total Unusual Items Excluding Goodwill": "-333.333", "Total Unusual Items": "-333.333", "Normalized EBITDA": "271.602", "Tax Rate for Calcs": "0", "Tax Effect of Unusual Items": "0"}, "12/31/2018": {"Duration": "12/31/2018", "Total Revenue": "3,630", "Cost of Revenue": "4,357", "Gross Profit": "-726.881", "Operating Expense": "1,397", "Operating Income": "-2,123", "Net Non Operating Interest Income Expense": "-56.179", "Other Income Expense": "2,932", "Pretax Income": "752.279", "Net Income Common Stockholders": "830.014", "Diluted NI Available to Com Stockholders": "830.014", "Basic EPS": "0.01", "Diluted EPS": "0.01", "Basic Average Shares": "120,025", "Diluted Average Shares": "122,339", "Total Operating Income as Reported": "824.442", "Total Expenses": "5,753", "Interest Income": "27.511", "Interest Expense": "83.69", "Net Interest Income": "-56.179", "Net Income from Continuing & Discontinued Operation": "830.014", "Normalized Income": "-1,310", "EBIT": "835.969", "EBITDA": "-", "Reconciled Cost of Revenue": "4,357", "Reconciled Depreciation": "367.939", "Net Income from Continuing Operation Net Minority Interest": "830.014", "Total Unusual Items Excluding Goodwill": "2,932", "Total Unusual Items": "2,932", "Normalized EBITDA": "-1,728", "Tax Rate for Calcs": "0", "Tax Effect of Unusual Items": "791.6071"}}, "bs": {"12/31/2020": {"Duration": "12/31/2020", "Total Assets": "14,669", "Total Liabilities Net Minority Interest": "3,405", "Total Equity Gross Minority Interest": "11,264", "Total Capitalization": "10,336", "Common Stock Equity": "8,313", "Net Tangible Assets": "8,313", "Working Capital": "2,226", "Invested Capital": "10,714", "Tangible Book Value": "8,313", "Total Debt": "2,401", "Net Debt": "-", "Share Issued": "137,573", "Ordinary Shares Number": "137,573"}, "12/31/2019": {"Duration": "12/31/2019", "Total Assets": "10,852", "Total Liabilities Net Minority Interest": "2,195", "Total Equity Gross Minority Interest": "8,657", "Total Capitalization": "6,736", "Common Stock Equity": "5,653", "Net Tangible Assets": "5,653", "Working Capital": "-38.439", "Invested Capital": "7,075", "Tangible Book Value": "5,653", "Total Debt": "1,422", "Net Debt": "1,204", "Share Issued": "123,812", "Ordinary Shares Number": "123,812"}, "12/31/2018": {"Duration": "12/31/2018", "Total Assets": "10,639", "Total Liabilities Net Minority Interest": "1,493", "Total Equity Gross Minority Interest": "9,146", "Total Capitalization": "6,686", "Common Stock Equity": "6,073", "Net Tangible Assets": "6,073", "Working Capital": "36.652", "Invested Capital": "6,951", "Tangible Book Value": "6,073", "Total Debt": "878.69", "Net Debt": "629.924", "Share Issued": "123,414", "Ordinary Shares Number": "123,414"}}, "cf": {"TTM": {"Duration": "TTM", "Operating Cash Flow": "-482.418", "Investing Cash Flow": "-1,594", "Financing Cash Flow": "4,398", "End Cash Position": "2,540", "Interest Paid Supplemental Data": "148.086", "Capital Expenditure": "-1,594", "Issuance of Capital Stock": "2,907", "Issuance of Debt": "1,603", "Repayment of Debt": "-502.264", "Free Cash Flow": "-2,076"}, "12/31/2020": {"Duration": "12/31/2020", "Operating Cash Flow": "-482.418", "Investing Cash Flow": "-1,594", "Financing Cash Flow": "4,398", "End Cash Position": "2,540", "Interest Paid Supplemental Data": "148.086", "Capital Expenditure": "-1,594", "Issuance of Capital Stock": "2,907", "Issuance of Debt": "1,603", "Repayment of Debt": "-502.264", "Free Cash Flow": "-2,076"}, "12/31/2019": {"Duration": "12/31/2019", "Operating Cash Flow": "206.407", "Investing Cash Flow": "79.78", "Financing Cash Flow": "-317.157", "End Cash Position": "217.796", "Interest Paid Supplemental Data": "84.771", "Capital Expenditure": "-120.22", "Issuance of Capital Stock": "0", "Issuance of Debt": "-", "Repayment of Debt": "-364.715", "Free Cash Flow": "86.187"}, "12/31/2018": {"Duration": "12/31/2018", "Operating Cash Flow": "-1,415", "Investing Cash Flow": "2,146", "Financing Cash Flow": "-606.835", "End Cash Position": "248.766", "Interest Paid Supplemental Data": "94.462", "Capital Expenditure": "-703.881", "Issuance of Capital Stock": "1,207", "Issuance of Debt": "-", "Repayment of Debt": "-1,425", "Free Cash Flow": "-2,119"}}}}, {"NRP": {"quote": {"05/07/2021": {"value": "18.19", "Market Cap": "224.67M", "Beta (5Y Monthly)": "N/A", "PE Ratio (TTM)": "N/A", "EPS (TTM)": "-9.94", "Earnings Date": "Aug 05, 2021 - Aug 09, 2021", "Forward Dividend & Yield": "1.80 (9.90%)", "Ex-Dividend Date": "Feb 19, 2021", "1y Target Est": "15.00"}}, "fin": {"TTM": {"Duration": "TTM", "Total Revenue": "129,011", "Cost of Revenue": "9,198", "Gross Profit": "119,813", "Operating Expense": "39,088", "Operating Income": "80,725", "Net Non Operating Interest Income Expense": "-40,968", "Other Income Expense": "-124,576", "Pretax Income": "-84,819", "Net Income Common Stockholders": "-112,743", "Average Dilution Earnings": "29,400", "Diluted NI Available to Com Stockholders": "-112,743", "Basic EPS": "-", "Diluted EPS": "-", "Basic Average Shares": "-", "Diluted Average Shares": "-", "Total Operating Income as Reported": "-43,851", "Total Expenses": "48,286", "Interest Income": "-", "Interest Expense": "40,968", "Net Interest Income": "-40,968", "Net Income from Continuing & Discontinued Operation": "-84,819", "Normalized Income": "50,485", "EBIT": "-43,851", "EBITDA": "-34,653", "Reconciled Cost of Revenue": "9,198", "Reconciled Depreciation": "9,198", "Net Income from Continuing Operation Net Minority Interest": "-84,819", "Total Unusual Items Excluding Goodwill": "-135,304", "Total Unusual Items": "-135,304", "Normalized EBITDA": "100,651", "Tax Rate for Calcs": "0", "Tax Effect of Unusual Items": "0"}, "12/31/2020": {"Duration": "12/31/2020", "Total Revenue": "129,011", "Cost of Revenue": "9,198", "Gross Profit": "119,813", "Operating Expense": "39,088", "Operating Income": "80,725", "Net Non Operating Interest Income Expense": "-40,968", "Other Income Expense": "-124,576", "Pretax Income": "-84,819", "Net Income Common Stockholders": "-112,743", "Average Dilution Earnings": "-", "Diluted NI Available to Com Stockholders": "-112,743", "Basic EPS": "-", "Diluted EPS": "-", "Basic Average Shares": "-", "Diluted Average Shares": "-", "Total Operating Income as Reported": "-43,851", "Total Expenses": "48,286", "Interest Income": "-", "Interest Expense": "40,968", "Net Interest Income": "-40,968", "Net Income from Continuing & Discontinued Operation": "-84,819", "Normalized Income": "50,485", "EBIT": "-43,851", "EBITDA": "-", "Reconciled Cost of Revenue": "9,198", "Reconciled Depreciation": "9,198", "Net Income from Continuing Operation Net Minority Interest": "-84,819", "Total Unusual Items Excluding Goodwill": "-135,304", "Total Unusual Items": "-135,304", "Normalized EBITDA": "100,651", "Tax Rate for Calcs": "0", "Tax Effect of Unusual Items": "0"}, "12/31/2019": {"Duration": "12/31/2019", "Total Revenue": "210,348", "Cost of Revenue": "14,932", "Gross Profit": "195,416", "Operating Expense": "49,468", "Operating Income": "145,948", "Net Non Operating Interest Income Expense": "-47,453", "Other Income Expense": "-123,909", "Pretax Income": "-25,414", "Net Income Common Stockholders": "-53,369", "Average Dilution Earnings": "-", "Diluted NI Available to Com Stockholders": "-53,369", "Basic EPS": "-4.35", "Diluted EPS": "-4.35", "Basic Average Shares": "12,269", "Diluted Average Shares": "12,269", "Total Operating Income as Reported": "51,321", "Total Expenses": "64,400", "Interest Income": "-", "Interest Expense": "47,453", "Net Interest Income": "-47,453", "Net Income from Continuing & Discontinued Operation": "-24,458", "Normalized Income": "145,584", "EBIT": "22,039", "EBITDA": "-", "Reconciled Cost of Revenue": "14,932", "Reconciled Depreciation": "14,932", "Net Income from Continuing Operation Net Minority Interest": "-25,414", "Total Unusual Items Excluding Goodwill": "-170,998", "Total Unusual Items": "-170,998", "Normalized EBITDA": "207,969", "Tax Rate for Calcs": "0", "Tax Effect of Unusual Items": "0"}, "12/31/2018": {"Duration": "12/31/2018", "Total Revenue": "202,765", "Cost of Revenue": "21,689", "Gross Profit": "181,076", "Operating Expense": "46,005", "Operating Income": "135,071", "Net Non Operating Interest Income Expense": "-70,178", "Other Income Expense": "57,467", "Pretax Income": "122,360", "Net Income Common Stockholders": "107,346", "Average Dilution Earnings": "29,400", "Diluted NI Available to Com Stockholders": "136,746", "Basic EPS": "8.77", "Diluted EPS": "6.76", "Basic Average Shares": "12,240", "Diluted Average Shares": "15,880", "Total Operating Income as Reported": "192,538", "Total Expenses": "67,694", "Interest Income": "-", "Interest Expense": "70,178", "Net Interest Income": "-70,178", "Net Income from Continuing & Discontinued Operation": "139,537", "Normalized Income": "115,162", "EBIT": "192,538", "EBITDA": "-", "Reconciled Cost of Revenue": "21,689", "Reconciled Depreciation": "21,689", "Net Income from Continuing Operation Net Minority Interest": "121,850", "Total Unusual Items Excluding Goodwill": "9,161", "Total Unusual Items": "9,161", "Normalized EBITDA": "205,066", "Tax Rate for Calcs": "0", "Tax Effect of Unusual Items": "2,473"}}, "bs": {"12/31/2020": {"Duration": "12/31/2020", "Total Assets": "921,877", "Total Liabilities Net Minority Interest": "549,016", "Total Equity Gross Minority Interest": "372,861", "Total Capitalization": "805,305", "Preferred Stock Equity": "-", "Common Stock Equity": "372,861", "Net Tangible Assets": "-17,459", "Working Capital": "55,820", "Invested Capital": "844,360", "Tangible Book Value": "355,402", "Total Debt": "471,499", "Net Debt": "371,709", "Share Issued": "12,261", "Ordinary Shares Number": "12,261"}, "12/31/2019": {"Duration": "12/31/2019", "Total Assets": "1,085,907", "Total Liabilities Net Minority Interest": "585,292", "Total Equity Gross Minority Interest": "500,615", "Total Capitalization": "973,972", "Preferred Stock Equity": "-", "Common Stock Equity": "503,550", "Net Tangible Assets": "-17,687", "Working Capital": "69,376", "Invested Capital": "1,019,748", "Tangible Book Value": "485,863", "Total Debt": "516,198", "Net Debt": "417,933", "Share Issued": "12,261", "Ordinary Shares Number": "12,261"}, "12/31/2018": {"Duration": "12/31/2018", "Total Assets": "1,341,647", "Total Liabilities Net Minority Interest": "756,514", "Total Equity Gross Minority Interest": "585,133", "Total Capitalization": "1,145,642", "Preferred Stock Equity": "-", "Common Stock Equity": "588,068", "Net Tangible Assets": "-42,513", "Working Capital": "93,797", "Invested Capital": "1,260,826", "Tangible Book Value": "545,555", "Total Debt": "672,758", "Net Debt": "570,919", "Share Issued": "12,249", "Ordinary Shares Number": "12,249"}}, "cf": {"TTM": {"Duration": "TTM", "Operating Cash Flow": "89,274", "Investing Cash Flow": "1,680", "Financing Cash Flow": "-89,429", "End Cash Position": "99,790", "Interest Paid Supplemental Data": "39,830", "Capital Expenditure": "-", "Issuance of Capital Stock": "-", "Issuance of Debt": "0", "Repayment of Debt": "-46,176", "Repurchase of Capital Stock": "0", "Free Cash Flow": "89,274"}, "12/31/2020": {"Duration": "12/31/2020", "Operating Cash Flow": "89,274", "Investing Cash Flow": "1,680", "Financing Cash Flow": "-89,429", "End Cash Position": "99,790", "Interest Paid Supplemental Data": "39,830", "Capital Expenditure": "-", "Issuance of Capital Stock": "-", "Issuance of Debt": "0", "Repayment of Debt": "-46,176", "Repurchase of Capital Stock": "0", "Free Cash Flow": "89,274"}, "12/31/2019": {"Duration": "12/31/2019", "Operating Cash Flow": "137,311", "Investing Cash Flow": "7,592", "Financing Cash Flow": "-252,668", "End Cash Position": "98,265", "Interest Paid Supplemental Data": "58,597", "Capital Expenditure": "-22", "Issuance of Capital Stock": "0", "Issuance of Debt": "300,000", "Repayment of Debt": "-463,082", "Repurchase of Capital Stock": "0", "Free Cash Flow": "137,289"}, "12/31/2018": {"Duration": "12/31/2018", "Operating Cash Flow": "188,923", "Investing Cash Flow": "190,628", "Financing Cash Flow": "-203,348", "End Cash Position": "206,030", "Interest Paid Supplemental Data": "64,991", "Capital Expenditure": "-", "Issuance of Capital Stock": "0", "Issuance of Debt": "35,000", "Repayment of Debt": "-175,706", "Repurchase of Capital Stock": "-8,844", "Free Cash Flow": "188,923"}}}}, {"TGB": {"quote": {"05/07/2021": {"value": "2.3900", "Market Cap": "665.739M", "Beta (5Y Monthly)": "2.37", "PE Ratio (TTM)": "N/A", "EPS (TTM)": "-0.0760", "Earnings Date": "Aug 02, 2021 - Aug 06, 2021", "Forward Dividend & Yield": "N/A (N/A)", "Ex-Dividend Date": "N/A", "1y Target Est": "2.03"}}, "fin": {"TTM": {"Duration": "TTM", "Total Revenue": "343,267", "Cost of Revenue": "319,542", "Gross Profit": "23,725", "Operating Expense": "20,163", "Operating Income": "3,562", "Net Non Operating Interest Income Expense": "-42,211", "Other Income Expense": "6,029", "Pretax Income": "-32,620", "Tax Provision": "-9,096", "Net Income Common Stockholders": "-23,524", "Diluted NI Available to Com Stockholders": "-23,524", "Basic EPS": "-", "Diluted EPS": "-", "Basic Average Shares": "-", "Diluted Average Shares": "-", "Total Expenses": "339,705", "Interest Income": "249", "Interest Expense": "37,288", "Net Interest Income": "-42,211", "Net Income from Continuing & Discontinued Operation": "-23,524", "Normalized Income": "-27,871", "EBIT": "4,668", "EBITDA": "99,969", "Reconciled Cost of Revenue": "319,542", "Reconciled Depreciation": "95,301", "Net Income from Continuing Operation Net Minority Interest": "-23,524", "Total Unusual Items Excluding Goodwill": "6,029", "Total Unusual Items": "6,029", "Normalized EBITDA": "93,940", "Tax Rate for Calcs": "0", "Tax Effect of Unusual Items": "1,682"}, "12/31/2020": {"Duration": "12/31/2020", "Total Revenue": "343,267", "Cost of Revenue": "319,542", "Gross Profit": "23,725", "Operating Expense": "20,163", "Operating Income": "3,562", "Net Non Operating Interest Income Expense": "-42,211", "Other Income Expense": "6,029", "Pretax Income": "-32,620", "Tax Provision": "-9,096", "Net Income Common Stockholders": "-23,524", "Diluted NI Available to Com Stockholders": "-23,524", "Basic EPS": "-", "Diluted EPS": "-", "Basic Average Shares": "-", "Diluted Average Shares": "-", "Total Expenses": "339,705", "Interest Income": "249", "Interest Expense": "37,288", "Net Interest Income": "-42,211", "Net Income from Continuing & Discontinued Operation": "-23,524", "Normalized Income": "-27,871", "EBIT": "4,668", "EBITDA": "-", "Reconciled Cost of Revenue": "319,542", "Reconciled Depreciation": "95,301", "Net Income from Continuing Operation Net Minority Interest": "-23,524", "Total Unusual Items Excluding Goodwill": "6,029", "Total Unusual Items": "6,029", "Normalized EBITDA": "93,940", "Tax Rate for Calcs": "0", "Tax Effect of Unusual Items": "1,682"}, "12/31/2019": {"Duration": "12/31/2019", "Total Revenue": "329,163", "Cost of Revenue": "368,306", "Gross Profit": "-39,143", "Operating Expense": "20,976", "Operating Income": "-60,119", "Net Non Operating Interest Income Expense": "-37,545", "Other Income Expense": "11,945", "Pretax Income": "-85,719", "Tax Provision": "-32,337", "Net Income Common Stockholders": "-53,382", "Diluted NI Available to Com Stockholders": "-53,382", "Basic EPS": "-0.22", "Diluted EPS": "-0.22", "Basic Average Shares": "243,914", "Diluted Average Shares": "243,914", "Total Expenses": "389,282", "Interest Income": "1,202", "Interest Expense": "34,593", "Net Interest Income": "-37,545", "Net Income from Continuing & Discontinued Operation": "-53,382", "Normalized Income": "-60,824", "EBIT": "-51,126", "EBITDA": "-", "Reconciled Cost of Revenue": "368,306", "Reconciled Depreciation": "109,756", "Net Income from Continuing Operation Net Minority Interest": "-53,382", "Total Unusual Items Excluding Goodwill": "11,945", "Total Unusual Items": "11,945", "Normalized EBITDA": "46,685", "Tax Rate for Calcs": "0", "Tax Effect of Unusual Items": "4,503"}, "12/31/2018": {"Duration": "12/31/2018", "Total Revenue": "343,870", "Cost of Revenue": "302,648", "Gross Profit": "41,222", "Operating Expense": "14,998", "Operating Income": "26,224", "Net Non Operating Interest Income Expense": "-35,005", "Other Income Expense": "-26,545", "Pretax Income": "-35,326", "Tax Provision": "448", "Net Income Common Stockholders": "-35,774", "Diluted NI Available to Com Stockholders": "-35,774", "Basic EPS": "-0.16", "Diluted EPS": "-0.16", "Basic Average Shares": "227,866", "Diluted Average Shares": "227,866", "Total Expenses": "317,646", "Interest Income": "1,254", "Interest Expense": "32,077", "Net Interest Income": "-35,005", "Net Income from Continuing & Discontinued Operation": "-35,774", "Normalized Income": "-16,263", "EBIT": "-3,249", "EBITDA": "-", "Reconciled Cost of Revenue": "302,648", "Reconciled Depreciation": "70,781", "Net Income from Continuing Operation Net Minority Interest": "-35,774", "Total Unusual Items Excluding Goodwill": "-26,545", "Total Unusual Items": "-26,545", "Normalized EBITDA": "94,077", "Tax Rate for Calcs": "0", "Tax Effect of Unusual Items": "-7,034"}}, "bs": {"12/31/2020": {"Duration": "12/31/2020", "Total Assets": "910,365", "Total Liabilities Net Minority Interest": "592,993", "Total Equity Gross Minority Interest": "317,372", "Total Capitalization": "638,794", "Common Stock Equity": "317,372", "Capital Lease Obligations": "34,446", "Net Tangible Assets": "312,122", "Working Capital": "78,714", "Invested Capital": "646,330", "Tangible Book Value": "312,122", "Total Debt": "363,404", "Net Debt": "243,848", "Share Issued": "282,115", "Ordinary Shares Number": "282,115"}, "12/31/2019": {"Duration": "12/31/2019", "Total Assets": "883,996", "Total Liabilities Net Minority Interest": "582,310", "Total Equity Gross Minority Interest": "301,686", "Total Capitalization": "638,160", "Common Stock Equity": "301,686", "Capital Lease Obligations": "30,385", "Net Tangible Assets": "296,331", "Working Capital": "46,559", "Invested Capital": "644,786", "Tangible Book Value": "296,331", "Total Debt": "373,485", "Net Debt": "289,902", "Share Issued": "246,194", "Ordinary Shares Number": "246,194"}, "12/31/2018": {"Duration": "12/31/2018", "Total Assets": "972,723", "Total Liabilities Net Minority Interest": "625,646", "Total Equity Gross Minority Interest": "347,077", "Total Capitalization": "685,098", "Common Stock Equity": "347,077", "Capital Lease Obligations": "14,110", "Net Tangible Assets": "341,452", "Working Capital": "46,997", "Invested Capital": "688,448", "Tangible Book Value": "341,452", "Total Debt": "355,481", "Net Debt": "295,706", "Share Issued": "228,431", "Ordinary Shares Number": "228,431"}}, "cf": {"TTM": {"Duration": "TTM", "Operating Cash Flow": "106,195", "Investing Cash Flow": "-59,643", "Financing Cash Flow": "-11,936", "End Cash Position": "85,110", "Capital Expenditure": "-65,496", "Issuance of Capital Stock": "34,299", "Issuance of Debt": "-", "Repayment of Debt": "-14,362", "Free Cash Flow": "40,699"}, "12/31/2020": {"Duration": "12/31/2020", "Operating Cash Flow": "106,195", "Investing Cash Flow": "-59,643", "Financing Cash Flow": "-11,936", "End Cash Position": "85,110", "Capital Expenditure": "-65,496", "Issuance of Capital Stock": "34,299", "Issuance of Debt": "-", "Repayment of Debt": "-14,362", "Free Cash Flow": "40,699"}, "12/31/2019": {"Duration": "12/31/2019", "Operating Cash Flow": "42,641", "Investing Cash Flow": "-16,931", "Financing Cash Flow": "-16,742", "End Cash Position": "53,198", "Capital Expenditure": "-50,751", "Issuance of Capital Stock": "-", "Issuance of Debt": "34,013", "Repayment of Debt": "-18,920", "Free Cash Flow": "-8,110"}, "12/31/2018": {"Duration": "12/31/2018", "Operating Cash Flow": "94,078", "Investing Cash Flow": "-94,394", "Financing Cash Flow": "-33,595", "End Cash Position": "45,665", "Capital Expenditure": "-94,866", "Issuance of Capital Stock": "-", "Issuance of Debt": "8,943", "Repayment of Debt": "-12,293", "Free Cash Flow": "-788"}}}}, {"LQMT": {"quote": {"05/07/2021": {"value": "0.0835", "Market Cap": "78.643M", "Beta (5Y Monthly)": "N/A", "PE Ratio (TTM)": "N/A", "EPS (TTM)": "-0.0030", "Earnings Date": "Aug 02, 2021 - Aug 06, 2021", "Forward Dividend & Yield": "N/A (N/A)", "Ex-Dividend Date": "N/A", "1y Target Est": "2.36"}}, "fin": {"TTM": {"Duration": "TTM", "Total Revenue": "989", "Cost of Revenue": "621", "Gross Profit": "368", "Operating Expense": "3,908", "Operating Income": "-3,540", "Net Non Operating Interest Income Expense": "378", "Other Income Expense": "519", "Pretax Income": "-2,643", "Tax Provision": "0", "Net Income Common Stockholders": "-2,642", "Diluted NI Available to Com Stockholders": "-2,642", "Basic EPS": "-", "Diluted EPS": "-", "Basic Average Shares": "-", "Diluted Average Shares": "-", "Total Operating Income as Reported": "-3,505", "Total Expenses": "4,529", "Net Income from Continuing & Discontinued Operation": "-2,642", "Normalized Income": "-2,677", "Interest Income": "378", "Interest Expense": "-", "Net Interest Income": "378", "EBIT": "-3,540", "EBITDA": "-3,138", "Reconciled Cost of Revenue": "621", "Reconciled Depreciation": "402", "Net Income from Continuing Operation Net Minority Interest": "-2,642", "Total Unusual Items Excluding Goodwill": "35", "Total Unusual Items": "35", "Normalized EBITDA": "-3,173", "Tax Rate for Calcs": "0", "Tax Effect of Unusual Items": "0"}, "12/31/2020": {"Duration": "12/31/2020", "Total Revenue": "989", "Cost of Revenue": "621", "Gross Profit": "368", "Operating Expense": "3,908", "Operating Income": "-3,540", "Net Non Operating Interest Income Expense": "378", "Other Income Expense": "519", "Pretax Income": "-2,643", "Tax Provision": "0", "Net Income Common Stockholders": "-2,642", "Diluted NI Available to Com Stockholders": "-2,642", "Basic EPS": "-", "Diluted EPS": "-", "Basic Average Shares": "-", "Diluted Average Shares": "-", "Total Operating Income as Reported": "-3,505", "Total Expenses": "4,529", "Net Income from Continuing & Discontinued Operation": "-2,642", "Normalized Income": "-2,677", "Interest Income": "378", "Interest Expense": "-", "Net Interest Income": "378", "EBIT": "-3,540", "EBITDA": "-", "Reconciled Cost of Revenue": "621", "Reconciled Depreciation": "402", "Net Income from Continuing Operation Net Minority Interest": "-2,642", "Total Unusual Items Excluding Goodwill": "35", "Total Unusual Items": "35", "Normalized EBITDA": "-3,173", "Tax Rate for Calcs": "0", "Tax Effect of Unusual Items": "0"}, "12/31/2019": {"Duration": "12/31/2019", "Total Revenue": "1,373", "Cost of Revenue": "832", "Gross Profit": "541", "Operating Expense": "6,766", "Operating Income": "-6,225", "Net Non Operating Interest Income Expense": "459", "Other Income Expense": "-1,665", "Pretax Income": "-7,431", "Tax Provision": "0", "Net Income Common Stockholders": "-7,430", "Diluted NI Available to Com Stockholders": "-7,430", "Basic EPS": "-0.01", "Diluted EPS": "-0.01", "Basic Average Shares": "914,352", "Diluted Average Shares": "914,352", "Total Operating Income as Reported": "-7,890", "Total Expenses": "7,598", "Net Income from Continuing & Discontinued Operation": "-7,430", "Normalized Income": "-5,765", "Interest Income": "459", "Interest Expense": "-", "Net Interest Income": "459", "EBIT": "-6,225", "EBITDA": "-", "Reconciled Cost of Revenue": "832", "Reconciled Depreciation": "1,129", "Net Income from Continuing Operation Net Minority Interest": "-7,430", "Total Unusual Items Excluding Goodwill": "-1,665", "Total Unusual Items": "-1,665", "Normalized EBITDA": "-3,431", "Tax Rate for Calcs": "0", "Tax Effect of Unusual Items": "0"}, "12/31/2018": {"Duration": "12/31/2018", "Total Revenue": "532", "Cost of Revenue": "1,164", "Gross Profit": "-632", "Operating Expense": "8,328", "Operating Income": "-8,960", "Net Non Operating Interest Income Expense": "259", "Other Income Expense": "1,267", "Pretax Income": "-7,434", "Tax Provision": "0", "Net Income Common Stockholders": "-7,433", "Diluted NI Available to Com Stockholders": "-7,433", "Basic EPS": "-0.01", "Diluted EPS": "-0.01", "Basic Average Shares": "910,546", "Diluted Average Shares": "910,546", "Total Operating Income as Reported": "-8,960", "Total Expenses": "9,492", "Net Income from Continuing & Discontinued Operation": "-7,433", "Normalized Income": "-8,700", "Interest Income": "259", "Interest Expense": "0", "Net Interest Income": "259", "EBIT": "-7,434", "EBITDA": "-", "Reconciled Cost of Revenue": "1,164", "Reconciled Depreciation": "1,078", "Net Income from Continuing Operation Net Minority Interest": "-7,433", "Total Unusual Items Excluding Goodwill": "1,267", "Total Unusual Items": "1,267", "Normalized EBITDA": "-7,623", "Tax Rate for Calcs": "0", "Tax Effect of Unusual Items": "0"}}, "bs": {"12/31/2020": {"Duration": "12/31/2020", "Total Assets": "38,809", "Total Liabilities Net Minority Interest": "1,419", "Total Equity Gross Minority Interest": "37,390", "Total Capitalization": "37,466", "Common Stock Equity": "37,466", "Net Tangible Assets": "37,308", "Working Capital": "16,498", "Invested Capital": "37,466", "Tangible Book Value": "37,308", "Total Debt": "-", "Share Issued": "914,450", "Ordinary Shares Number": "914,450", "Preferred Shares Number": "506.936"}, "12/31/2019": {"Duration": "12/31/2019", "Total Assets": "41,331", "Total Liabilities Net Minority Interest": "1,763", "Total Equity Gross Minority Interest": "39,568", "Total Capitalization": "39,643", "Common Stock Equity": "39,643", "Net Tangible Assets": "39,404", "Working Capital": "23,693", "Invested Capital": "39,643", "Tangible Book Value": "39,404", "Total Debt": "-", "Share Issued": "914,450", "Ordinary Shares Number": "914,450", "Preferred Shares Number": "506.936"}, "12/31/2018": {"Duration": "12/31/2018", "Total Assets": "47,851", "Total Liabilities Net Minority Interest": "2,335", "Total Equity Gross Minority Interest": "45,516", "Total Capitalization": "45,590", "Common Stock Equity": "45,590", "Net Tangible Assets": "45,268", "Working Capital": "35,194", "Invested Capital": "45,590", "Tangible Book Value": "45,268", "Total Debt": "-", "Share Issued": "914,207", "Ordinary Shares Number": "914,207", "Preferred Shares Number": "506.936"}}, "cf": {"TTM": {"Duration": "TTM", "Operating Cash Flow": "-2,230", "Investing Cash Flow": "-15,799", "Financing Cash Flow": "0", "End Cash Position": "1,519", "Capital Expenditure": "-116", "Issuance of Capital Stock": "-", "Issuance of Debt": "-", "Repayment of Debt": "-", "Free Cash Flow": "-2,346"}, "12/31/2020": {"Duration": "12/31/2020", "Operating Cash Flow": "-2,230", "Investing Cash Flow": "-15,799", "Financing Cash Flow": "0", "End Cash Position": "1,519", "Capital Expenditure": "-116", "Issuance of Capital Stock": "-", "Issuance of Debt": "-", "Repayment of Debt": "-", "Free Cash Flow": "-2,346"}, "12/31/2019": {"Duration": "12/31/2019", "Operating Cash Flow": "-3,872", "Investing Cash Flow": "-11,835", "Financing Cash Flow": "21", "End Cash Position": "19,548", "Capital Expenditure": "-630", "Issuance of Capital Stock": "-", "Issuance of Debt": "-", "Repayment of Debt": "-", "Free Cash Flow": "-4,502"}, "12/31/2018": {"Duration": "12/31/2018", "Operating Cash Flow": "-6,251", "Investing Cash Flow": "-292", "Financing Cash Flow": "463", "End Cash Position": "35,234", "Capital Expenditure": "-292", "Issuance of Capital Stock": "0", "Issuance of Debt": "-", "Repayment of Debt": "0", "Free Cash Flow": "-6,543"}}}}, {"SMGI": {"quote": {"05/07/2021": {"value": "0.1820", "Market Cap": "3.58M", "Beta (5Y Monthly)": "0.56", "PE Ratio (TTM)": "N/A", "EPS (TTM)": "-0.9030", "Earnings Date": "Apr 19, 2021", "Forward Dividend & Yield": "N/A (N/A)", "Ex-Dividend Date": "Dec 10, 2015", "1y Target Est": "N/A"}}, "fin": {"TTM": {"Duration": "TTM", "Total Revenue": "26,666", "Cost of Revenue": "29,477", "Gross Profit": "-2,811", "Operating Expense": "5,267", "Operating Income": "-8,079", "Net Non Operating Interest Income Expense": "-3,801", "Other Income Expense": "-2,225", "Pretax Income": "-14,105", "Net Income Common Stockholders": "-16,123", "Diluted NI Available to Com Stockholders": "-16,123", "Basic EPS": "-", "Diluted EPS": "-", "Basic Average Shares": "-", "Diluted Average Shares": "-", "Total Operating Income as Reported": "-10,649", "Total Expenses": "34,744", "Net Income from Continuing & Discontinued Operation": "-15,869", "Normalized Income": "-11,849", "Interest Expense": "3,801", "Net Interest Income": "-3,801", "EBIT": "-10,304", "EBITDA": "-5,116", "Reconciled Cost of Revenue": "29,477", "Reconciled Depreciation": "5,188", "Net Income from Continuing Operation Net Minority Interest": "-14,105", "Total Unusual Items Excluding Goodwill": "-2,256", "Total Unusual Items": "-2,256", "Normalized EBITDA": "-2,860", "Tax Rate for Calcs": "0", "Tax Effect of Unusual Items": "0"}, "12/31/2020": {"Duration": "12/31/2020", "Total Revenue": "26,666", "Cost of Revenue": "29,477", "Gross Profit": "-2,811", "Operating Expense": "5,267", "Operating Income": "-8,079", "Net Non Operating Interest Income Expense": "-3,801", "Other Income Expense": "-2,225", "Pretax Income": "-14,105", "Net Income Common Stockholders": "-16,123", "Diluted NI Available to Com Stockholders": "-16,123", "Basic EPS": "-", "Diluted EPS": "-", "Basic Average Shares": "-", "Diluted Average Shares": "-", "Total Operating Income as Reported": "-10,649", "Total Expenses": "34,744", "Net Income from Continuing & Discontinued Operation": "-15,869", "Normalized Income": "-11,849", "Interest Expense": "3,801", "Net Interest Income": "-3,801", "EBIT": "-10,304", "EBITDA": "-", "Reconciled Cost of Revenue": "29,477", "Reconciled Depreciation": "5,188", "Net Income from Continuing Operation Net Minority Interest": "-14,105", "Total Unusual Items Excluding Goodwill": "-2,256", "Total Unusual Items": "-2,256", "Normalized EBITDA": "-2,860", "Tax Rate for Calcs": "0", "Tax Effect of Unusual Items": "0"}, "12/31/2019": {"Duration": "12/31/2019", "Total Revenue": "6,474", "Cost of Revenue": "5,532", "Gross Profit": "942.569", "Operating Expense": "3,210", "Operating Income": "-2,268", "Net Non Operating Interest Income Expense": "-897.065", "Other Income Expense": "-819.387", "Pretax Income": "-3,984", "Net Income Common Stockholders": "-4,015", "Diluted NI Available to Com Stockholders": "-4,015", "Basic EPS": "-0.29", "Diluted EPS": "-0.29", "Basic Average Shares": "13,824", "Diluted Average Shares": "13,824", "Total Operating Income as Reported": "-3,036", "Total Expenses": "8,742", "Net Income from Continuing & Discontinued Operation": "-3,984", "Normalized Income": "-3,216", "Interest Expense": "897.065", "Net Interest Income": "-897.065", "EBIT": "-3,087", "EBITDA": "-", "Reconciled Cost of Revenue": "5,532", "Reconciled Depreciation": "659.751", "Net Income from Continuing Operation Net Minority Interest": "-3,984", "Total Unusual Items Excluding Goodwill": "-768.494", "Total Unusual Items": "-768.494", "Normalized EBITDA": "-1,659", "Tax Rate for Calcs": "0", "Tax Effect of Unusual Items": "0"}, "12/31/2018": {"Duration": "12/31/2018", "Total Revenue": "4,422", "Cost of Revenue": "2,769", "Gross Profit": "1,653", "Operating Expense": "2,435", "Operating Income": "-781.758", "Net Non Operating Interest Income Expense": "-310.03", "Other Income Expense": "-51.59", "Pretax Income": "-1,143", "Net Income Common Stockholders": "-1,143", "Diluted NI Available to Com Stockholders": "-1,143", "Basic EPS": "-0.11", "Diluted EPS": "-0.11", "Basic Average Shares": "10,365", "Diluted Average Shares": "10,365", "Total Operating Income as Reported": "-842.499", "Total Expenses": "5,204", "Net Income from Continuing & Discontinued Operation": "-1,143", "Normalized Income": "-1,083", "Interest Expense": "310.03", "Net Interest Income": "-310.03", "EBIT": "-833.348", "EBITDA": "-", "Reconciled Cost of Revenue": "2,769", "Reconciled Depreciation": "105.287", "Net Income from Continuing Operation Net Minority Interest": "-1,143", "Total Unusual Items Excluding Goodwill": "-60.741", "Total Unusual Items": "-60.741", "Normalized EBITDA": "-667.32", "Tax Rate for Calcs": "0", "Tax Effect of Unusual Items": "0"}}, "bs": {"12/31/2020": {"Duration": "12/31/2020", "Total Assets": "27,425", "Total Liabilities Net Minority Interest": "38,243", "Total Equity Gross Minority Interest": "-10,818", "Total Capitalization": "6,678", "Preferred Stock Equity": "0.002", "Common Stock Equity": "-10,818", "Capital Lease Obligations": "1,422", "Net Tangible Assets": "-10,818", "Working Capital": "-11,145", "Invested Capital": "16,972", "Tangible Book Value": "-10,818", "Total Debt": "29,212", "Net Debt": "27,526", "Share Issued": "19,446", "Ordinary Shares Number": "19,446"}, "12/31/2019": {"Duration": "12/31/2019", "Total Assets": "6,431", "Total Liabilities Net Minority Interest": "7,353", "Total Equity Gross Minority Interest": "-921.448", "Total Capitalization": "475.268", "Preferred Stock Equity": "0.002", "Common Stock Equity": "-921.45", "Capital Lease Obligations": "349.855", "Net Tangible Assets": "-1,053", "Working Capital": "-4,063", "Invested Capital": "3,324", "Tangible Book Value": "-1,053", "Total Debt": "4,595", "Net Debt": "4,215", "Share Issued": "14,881", "Ordinary Shares Number": "14,881"}, "12/31/2018": {"Duration": "12/31/2018", "Total Assets": "3,526", "Total Liabilities Net Minority Interest": "3,624", "Total Equity Gross Minority Interest": "-97.949", "Total Capitalization": "1,079", "Preferred Stock Equity": "-", "Common Stock Equity": "-97.949", "Capital Lease Obligations": "94.28", "Net Tangible Assets": "-613.356", "Working Capital": "-1,422", "Invested Capital": "2,195", "Tangible Book Value": "-613.356", "Total Debt": "2,387", "Net Debt": "2,291", "Share Issued": "11,911", "Ordinary Shares Number": "11,911"}}, "cf": {"TTM": {"Duration": "TTM", "Operating Cash Flow": "-3,973", "Investing Cash Flow": "-6,838", "Financing Cash Flow": "11,760", "End Cash Position": "979.088", "Income Tax Paid Supplemental Data": "0", "Interest Paid Supplemental Data": "-1,979", "Capital Expenditure": "-404.2", "Issuance of Capital Stock": "0", "Issuance of Debt": "12,885", "Repayment of Debt": "-1,386", "Free Cash Flow": "-4,377"}, "12/31/2020": {"Duration": "12/31/2020", "Operating Cash Flow": "-3,973", "Investing Cash Flow": "-6,838", "Financing Cash Flow": "11,760", "End Cash Position": "979.088", "Income Tax Paid Supplemental Data": "0", "Interest Paid Supplemental Data": "-1,979", "Capital Expenditure": "-404.2", "Issuance of Capital Stock": "0", "Issuance of Debt": "12,885", "Repayment of Debt": "-1,386", "Free Cash Flow": "-4,377"}, "12/31/2019": {"Duration": "12/31/2019", "Operating Cash Flow": "-281.097", "Investing Cash Flow": "-548.399", "Financing Cash Flow": "858.242", "End Cash Position": "30.354", "Income Tax Paid Supplemental Data": "0", "Interest Paid Supplemental Data": "221.14", "Capital Expenditure": "-48.399", "Issuance of Capital Stock": "359", "Issuance of Debt": "1,535", "Repayment of Debt": "-1,015", "Free Cash Flow": "-329.496"}, "12/31/2018": {"Duration": "12/31/2018", "Operating Cash Flow": "-384.377", "Investing Cash Flow": "-402.564", "Financing Cash Flow": "702.979", "End Cash Position": "1.608", "Income Tax Paid Supplemental Data": "0", "Interest Paid Supplemental Data": "119.438", "Capital Expenditure": "-116.564", "Issuance of Capital Stock": "276.043", "Issuance of Debt": "1,089", "Repayment of Debt": "-633.42", "Free Cash Flow": "-500.941"}}}}, {"USPR": {"quote": {"05/07/2021": {"value": "", "Net Assets": "N/A", "Beta (5Y Monthly)": "N/A", "Yield": "N/A", "5y Average Return": "N/A", "Holdings Turnover": "N/A", "Last Dividend": "N/A", "Average for Category": "N/A", "Inception Date": "N/A"}}, "fin": {}, "bs": {}, "cf": {}}}, {"RIO": {"quote": {"05/07/2021": {"value": "93.17", "Market Cap": "148.73B", "Beta (5Y Monthly)": "0.55", "PE Ratio (TTM)": "15.53", "EPS (TTM)": "6.00", "Earnings Date": "N/A", "Forward Dividend & Yield": "4.64 (5.08%)", "Ex-Dividend Date": "Mar 04, 2021", "1y Target Est": "100.09"}}, "fin": {"TTM": {"Duration": "TTM", "Total Revenue": "44,611,000", "Cost of Revenue": "15,485,000", "Gross Profit": "29,126,000", "Operating Expense": "11,044,000", "Operating Income": "18,082,000", "Net Non Operating Interest Income Expense": "-507,000", "Pretax Income": "15,391,000", "Tax Provision": "4,991,000", "Net Income Common Stockholders": "9,769,000", "Diluted NI Available to Com Stockholders": "9,769,000", "Basic EPS": "-", "Diluted EPS": "-", "Basic Average Shares": "-", "Diluted Average Shares": "-", "Total Operating Income as Reported": "16,829,000", "Rent Expense Supplemental": "344,000", "Total Expenses": "26,529,000", "Net Income from Continuing & Discontinued Operation": "9,769,000", "Normalized Income": "10,729,160", "Interest Income": "137,000", "Interest Expense": "648,000", "Net Interest Income": "-507,000", "EBIT": "16,039,000", "EBITDA": "20,318,000", "Reconciled Cost of Revenue": "15,485,000", "Reconciled Depreciation": "4,279,000", "Net Income from Continuing Operation Net Minority Interest": "9,769,000", "Total Unusual Items Excluding Goodwill": "-1,412,000", "Total Unusual Items": "-1,412,000", "Normalized EBITDA": "21,730,000", "Tax Rate for Calcs": "0", "Tax Effect of Unusual Items": "-451,840"}, "12/31/2020": {"Duration": "12/31/2020", "Total Revenue": "44,611,000", "Cost of Revenue": "15,485,000", "Gross Profit": "29,126,000", "Operating Expense": "11,044,000", "Operating Income": "18,082,000", "Net Non Operating Interest Income Expense": "-507,000", "Pretax Income": "15,391,000", "Tax Provision": "4,991,000", "Net Income Common Stockholders": "9,769,000", "Diluted NI Available to Com Stockholders": "9,769,000", "Basic EPS": "-", "Diluted EPS": "-", "Basic Average Shares": "-", "Diluted Average Shares": "-", "Total Operating Income as Reported": "16,829,000", "Rent Expense Supplemental": "344,000", "Total Expenses": "26,529,000", "Net Income from Continuing & Discontinued Operation": "9,769,000", "Normalized Income": "10,729,160", "Interest Income": "137,000", "Interest Expense": "648,000", "Net Interest Income": "-507,000", "EBIT": "16,039,000", "EBITDA": "-", "Reconciled Cost of Revenue": "15,485,000", "Reconciled Depreciation": "4,279,000", "Net Income from Continuing Operation Net Minority Interest": "9,769,000", "Total Unusual Items Excluding Goodwill": "-1,412,000", "Total Unusual Items": "-1,412,000", "Normalized EBITDA": "21,730,000", "Tax Rate for Calcs": "0", "Tax Effect of Unusual Items": "-451,840"}, "12/31/2019": {"Duration": "12/31/2019", "Total Revenue": "43,165,000", "Cost of Revenue": "16,412,000", "Gross Profit": "26,753,000", "Operating Expense": "11,540,000", "Operating Income": "15,213,000", "Net Non Operating Interest Income Expense": "-634,000", "Pretax Income": "11,119,000", "Tax Provision": "4,147,000", "Net Income Common Stockholders": "8,010,000", "Diluted NI Available to Com Stockholders": "8,010,000", "Basic EPS": "4.91", "Diluted EPS": "4.88", "Basic Average Shares": "1,630,100", "Diluted Average Shares": "1,642,100", "Total Operating Income as Reported": "11,466,000", "Rent Expense Supplemental": "-", "Total Expenses": "27,952,000", "Net Income from Continuing & Discontinued Operation": "8,010,000", "Normalized Income": "10,719,700", "Interest Income": "296,000", "Interest Expense": "550,000", "Net Interest Income": "-634,000", "EBIT": "11,669,000", "EBITDA": "-", "Reconciled Cost of Revenue": "16,412,000", "Reconciled Depreciation": "4,384,000", "Net Income from Continuing Operation Net Minority Interest": "8,010,000", "Total Unusual Items Excluding Goodwill": "-3,871,000", "Total Unusual Items": "-3,871,000", "Normalized EBITDA": "19,924,000", "Tax Rate for Calcs": "0", "Tax Effect of Unusual Items": "-1,161,300"}, "12/31/2018": {"Duration": "12/31/2018", "Total Revenue": "40,522,000", "Cost of Revenue": "16,559,000", "Gross Profit": "23,963,000", "Operating Expense": "11,578,600", "Operating Income": "12,384,400", "Net Non Operating Interest Income Expense": "-609,000", "Pretax Income": "18,167,000", "Tax Provision": "4,242,000", "Net Income Common Stockholders": "13,638,000", "Diluted NI Available to Com Stockholders": "13,638,000", "Basic EPS": "7.93", "Diluted EPS": "7.88", "Basic Average Shares": "1,755,547", "Diluted Average Shares": "1,768,029", "Total Operating Income as Reported": "17,687,000", "Rent Expense Supplemental": "-", "Total Expenses": "28,137,600", "Net Income from Continuing & Discontinued Operation": "13,638,000", "Normalized Income": "10,003,794", "Interest Income": "242,000", "Interest Expense": "481,000", "Net Interest Income": "-609,000", "EBIT": "18,648,000", "EBITDA": "-", "Reconciled Cost of Revenue": "16,559,000", "Reconciled Depreciation": "4,015,000", "Net Income from Continuing Operation Net Minority Interest": "13,638,000", "Total Unusual Items Excluding Goodwill": "5,118,600", "Total Unusual Items": "5,118,600", "Normalized EBITDA": "17,544,400", "Tax Rate for Calcs": "0", "Tax Effect of Unusual Items": "1,484,394"}}, "bs": {"12/31/2020": {"Duration": "12/31/2020", "Total Assets": "97,390,000", "Total Liabilities Net Minority Interest": "45,487,000", "Total Equity Gross Minority Interest": "51,903,000", "Total Capitalization": "59,356,000", "Common Stock Equity": "47,054,000", "Capital Lease Obligations": "1,178,000", "Net Tangible Assets": "43,624,000", "Working Capital": "9,248,000", "Invested Capital": "59,707,000", "Tangible Book Value": "43,624,000", "Total Debt": "13,831,000", "Net Debt": "3,989,000", "Share Issued": "1,626,892", "Ordinary Shares Number": "1,618,114", "Treasury Shares Number": "8,778"}, "12/31/2019": {"Duration": "12/31/2019", "Total Assets": "87,802,000", "Total Liabilities Net Minority Interest": "42,560,000", "Total Equity Gross Minority Interest": "45,242,000", "Total Capitalization": "52,618,000", "Common Stock Equity": "40,532,000", "Capital Lease Obligations": "1,309,000", "Net Tangible Assets": "37,146,000", "Working Capital": "6,178,000", "Invested Capital": "53,338,000", "Tangible Book Value": "37,146,000", "Total Debt": "14,115,000", "Net Debt": "6,738,000", "Share Issued": "1,259,345", "Ordinary Shares Number": "1,249,924", "Treasury Shares Number": "9,421"}, "12/31/2018": {"Duration": "12/31/2018", "Total Assets": "90,949,000", "Total Liabilities Net Minority Interest": "41,126,000", "Total Equity Gross Minority Interest": "49,823,000", "Total Capitalization": "56,087,000", "Common Stock Equity": "43,686,000", "Capital Lease Obligations": "44,000", "Net Tangible Assets": "40,228,000", "Working Capital": "10,037,000", "Invested Capital": "56,394,000", "Tangible Book Value": "40,228,000", "Total Debt": "12,752,000", "Net Debt": "3,211,000", "Share Issued": "1,287,660", "Ordinary Shares Number": "1,278,215", "Treasury Shares Number": "9,445"}}, "cf": {"TTM": {"Duration": "TTM", "Operating Cash Flow": "15,875,000", "Investing Cash Flow": "-6,556,000", "Financing Cash Flow": "-7,130,000", "End Cash Position": "10,381,000", "Capital Expenditure": "-6,189,000", "Issuance of Debt": "125,000", "Repayment of Debt": "-721,000", "Repurchase of Capital Stock": "-208,000", "Free Cash Flow": "9,686,000"}, "12/31/2020": {"Duration": "12/31/2020", "Operating Cash Flow": "15,875,000", "Investing Cash Flow": "-6,556,000", "Financing Cash Flow": "-7,130,000", "End Cash Position": "10,381,000", "Capital Expenditure": "-6,189,000", "Issuance of Debt": "125,000", "Repayment of Debt": "-721,000", "Repurchase of Capital Stock": "-208,000", "Free Cash Flow": "9,686,000"}, "12/31/2019": {"Duration": "12/31/2019", "Operating Cash Flow": "14,912,000", "Investing Cash Flow": "-5,501,000", "Financing Cash Flow": "-12,219,000", "End Cash Position": "8,027,000", "Capital Expenditure": "-5,488,000", "Issuance of Debt": "80,000", "Repayment of Debt": "-203,000", "Repurchase of Capital Stock": "-1,552,000", "Free Cash Flow": "9,424,000"}, "12/31/2018": {"Duration": "12/31/2018", "Operating Cash Flow": "11,821,000", "Investing Cash Flow": "1,321,000", "Financing Cash Flow": "-12,951,000", "End Cash Position": "10,889,000", "Capital Expenditure": "-5,430,000", "Issuance of Debt": "54,000", "Repayment of Debt": "-2,300,000", "Repurchase of Capital Stock": "-5,386,000", "Free Cash Flow": "6,391,000"}}}}, {"PVG": {"quote": {"05/07/2021": {"value": "11.45", "Market Cap": "2.126B", "Beta (5Y Monthly)": "N/A", "PE Ratio (TTM)": "N/A", "EPS (TTM)": "-0.12", "Earnings Date": "Aug 03, 2021 - Aug 09, 2021", "Forward Dividend & Yield": "N/A (N/A)", "Ex-Dividend Date": "N/A", "1y Target Est": "13.66"}}, "fin": {"TTM": {"Duration": "TTM", "Total Revenue": "633,453", "Cost of Revenue": "405,959", "Gross Profit": "227,494", "Operating Expense": "19,487", "Operating Income": "208,007", "Net Non Operating Interest Income Expense": "-20,597", "Other Income Expense": "-132,994", "Pretax Income": "54,416", "Tax Provision": "75,029", "Net Income Common Stockholders": "-20,613", "Diluted NI Available to Com Stockholders": "-20,613", "Basic EPS": "-", "Diluted EPS": "-", "Basic Average Shares": "-", "Diluted Average Shares": "-", "Total Operating Income as Reported": "208,243", "Rent Expense Supplemental": "-", "Total Expenses": "425,446", "Interest Income": "1,182", "Interest Expense": "21,779", "Net Interest Income": "-20,597", "Net Income from Continuing & Discontinued Operation": "-20,613", "Normalized Income": "59,183", "EBIT": "76,195", "EBITDA": "197,680", "Reconciled Cost of Revenue": "405,959", "Reconciled Depreciation": "121,485", "Net Income from Continuing Operation Net Minority Interest": "-20,613", "Total Unusual Items Excluding Goodwill": "-132,994", "Total Unusual Items": "-132,994", "Normalized EBITDA": "330,674", "Tax Rate for Calcs": "0", "Tax Effect of Unusual Items": "-53,198"}, "12/31/2020": {"Duration": "12/31/2020", "Total Revenue": "617,585", "Cost of Revenue": "396,304", "Gross Profit": "221,281", "Operating Expense": "21,467", "Operating Income": "199,814", "Net Non Operating Interest Income Expense": "-24,595", "Other Income Expense": "-132,194", "Pretax Income": "43,025", "Tax Provision": "81,463", "Net Income Common Stockholders": "-38,438", "Diluted NI Available to Com Stockholders": "-38,438", "Basic EPS": "-", "Diluted EPS": "-", "Basic Average Shares": "-", "Diluted Average Shares": "-", "Total Operating Income as Reported": "200,076", "Rent Expense Supplemental": "-", "Total Expenses": "417,771", "Interest Income": "927", "Interest Expense": "25,522", "Net Interest Income": "-24,595", "Net Income from Continuing & Discontinued Operation": "-38,438", "Normalized Income": "58,725", "EBIT": "68,547", "EBITDA": "-", "Reconciled Cost of Revenue": "280,060", "Reconciled Depreciation": "117,052", "Net Income from Continuing Operation Net Minority Interest": "-38,438", "Total Unusual Items Excluding Goodwill": "-132,194", "Total Unusual Items": "-132,194", "Normalized EBITDA": "317,793", "Tax Rate for Calcs": "0", "Tax Effect of Unusual Items": "-35,031"}, "12/31/2019": {"Duration": "12/31/2019", "Total Revenue": "484,540", "Cost of Revenue": "333,157", "Gross Profit": "151,383", "Operating Expense": "19,120", "Operating Income": "132,263", "Net Non Operating Interest Income Expense": "-33,625", "Other Income Expense": "-16,361", "Pretax Income": "82,277", "Tax Provision": "41,360", "Net Income Common Stockholders": "40,917", "Diluted NI Available to Com Stockholders": "40,917", "Basic EPS": "0.22", "Diluted EPS": "0.22", "Basic Average Shares": "184,731", "Diluted Average Shares": "185,731", "Total Operating Income as Reported": "132,709", "Rent Expense Supplemental": "-", "Total Expenses": "352,277", "Interest Income": "1,231", "Interest Expense": "34,856", "Net Interest Income": "-33,625", "Net Income from Continuing & Discontinued Operation": "40,917", "Normalized Income": "52,942", "EBIT": "117,133", "EBITDA": "-", "Reconciled Cost of Revenue": "250,958", "Reconciled Depreciation": "82,848", "Net Income from Continuing Operation Net Minority Interest": "40,917", "Total Unusual Items Excluding Goodwill": "-16,361", "Total Unusual Items": "-16,361", "Normalized EBITDA": "216,342", "Tax Rate for Calcs": "0", "Tax Effect of Unusual Items": "-4,336"}, "12/31/2018": {"Duration": "12/31/2018", "Total Revenue": "454,556", "Cost of Revenue": "303,927", "Gross Profit": "150,629", "Operating Expense": "16,356", "Operating Income": "134,273", "Net Non Operating Interest Income Expense": "-63,630", "Other Income Expense": "-17,159", "Pretax Income": "53,484", "Tax Provision": "16,864", "Net Income Common Stockholders": "36,620", "Diluted NI Available to Com Stockholders": "36,620", "Basic EPS": "0.20", "Diluted EPS": "0.20", "Basic Average Shares": "182,905", "Diluted Average Shares": "183,882", "Total Operating Income as Reported": "134,841", "Rent Expense Supplemental": "3,402", "Total Expenses": "320,283", "Interest Income": "2,728", "Interest Expense": "66,329", "Net Interest Income": "-63,630", "Net Income from Continuing & Discontinued Operation": "36,620", "Normalized Income": "48,374", "EBIT": "119,813", "EBITDA": "-", "Reconciled Cost of Revenue": "236,587", "Reconciled Depreciation": "67,466", "Net Income from Continuing Operation Net Minority Interest": "36,620", "Total Unusual Items Excluding Goodwill": "-17,159", "Total Unusual Items": "-17,159", "Normalized EBITDA": "204,438", "Tax Rate for Calcs": "0", "Tax Effect of Unusual Items": "-5,405"}}, "bs": {"12/31/2020": {"Duration": "12/31/2020", "Total Assets": "1,430,814", "Total Liabilities Net Minority Interest": "501,113", "Total Equity Gross Minority Interest": "929,701", "Total Capitalization": "1,125,659", "Common Stock Equity": "929,701", "Capital Lease Obligations": "4,984", "Net Tangible Assets": "929,701", "Working Capital": "75,898", "Invested Capital": "1,125,659", "Tangible Book Value": "929,701", "Total Debt": "267,609", "Net Debt": "21,205", "Share Issued": "187,433", "Ordinary Shares Number": "187,433"}, "12/31/2019": {"Duration": "12/31/2019", "Total Assets": "1,573,167", "Total Liabilities Net Minority Interest": "618,865", "Total Equity Gross Minority Interest": "954,302", "Total Capitalization": "1,351,555", "Common Stock Equity": "954,302", "Capital Lease Obligations": "5,988", "Net Tangible Assets": "954,302", "Working Capital": "-66,805", "Invested Capital": "1,351,555", "Tangible Book Value": "954,302", "Total Debt": "469,908", "Net Debt": "374,079", "Share Issued": "185,373", "Ordinary Shares Number": "185,373"}, "12/31/2018": {"Duration": "12/31/2018", "Total Assets": "1,613,418", "Total Liabilities Net Minority Interest": "710,292", "Total Equity Gross Minority Interest": "903,126", "Total Capitalization": "1,441,530", "Common Stock Equity": "903,126", "Capital Lease Obligations": "230", "Net Tangible Assets": "903,126", "Working Capital": "-48,163", "Invested Capital": "1,527,491", "Tangible Book Value": "903,126", "Total Debt": "624,595", "Net Debt": "578,958", "Share Issued": "184,163", "Ordinary Shares Number": "184,163"}}, "cf": {"TTM": {"Duration": "TTM", "Operating Cash Flow": "327,288", "Investing Cash Flow": "51,080", "Financing Cash Flow": "-213,382", "End Cash Position": "205,552", "Capital Expenditure": "-52,928", "Issuance of Capital Stock": "-", "Issuance of Debt": "-", "Repayment of Debt": "-233,200", "Repurchase of Capital Stock": "-", "Free Cash Flow": "274,360"}, "12/31/2020": {"Duration": "12/31/2020", "Operating Cash Flow": "317,309", "Investing Cash Flow": "51,893", "Financing Cash Flow": "-218,683", "End Cash Position": "174,753", "Capital Expenditure": "-49,039", "Issuance of Capital Stock": "-", "Issuance of Debt": "16,000", "Repayment of Debt": "-232,835", "Repurchase of Capital Stock": "0", "Free Cash Flow": "268,270"}, "12/31/2019": {"Duration": "12/31/2019", "Operating Cash Flow": "225,073", "Investing Cash Flow": "-40,825", "Financing Cash Flow": "-207,044", "End Cash Position": "23,174", "Capital Expenditure": "-44,130", "Issuance of Capital Stock": "0", "Issuance of Debt": "0", "Repayment of Debt": "-104,484", "Repurchase of Capital Stock": "-82,416", "Free Cash Flow": "180,943"}, "12/31/2018": {"Duration": "12/31/2018", "Operating Cash Flow": "197,244", "Investing Cash Flow": "-27,334", "Financing Cash Flow": "-179,398", "End Cash Position": "45,407", "Capital Expenditure": "-32,892", "Issuance of Capital Stock": "2,304", "Issuance of Debt": "480,000", "Repayment of Debt": "-587,402", "Repurchase of Capital Stock": "-", "Free Cash Flow": "164,352"}}}}, {"SHGP": {"quote": {"05/07/2021": {"value": "0.0030", "Market Cap": "197,291", "Beta (5Y Monthly)": "5.01", "PE Ratio (TTM)": "N/A", "EPS (TTM)": "-0.0030", "Earnings Date": "N/A", "Forward Dividend & Yield": "N/A (N/A)", "Ex-Dividend Date": "N/A", "1y Target Est": "N/A"}}, "fin": {}, "bs": {}, "cf": {}}}, {"VRDR": {"quote": {"05/07/2021": {"value": "0.0551", "Market Cap": "6.394M", "Beta (5Y Monthly)": "1.31", "PE Ratio (TTM)": "N/A", "EPS (TTM)": "-0.0020", "Earnings Date": "N/A", "Forward Dividend & Yield": "N/A (N/A)", "Ex-Dividend Date": "N/A", "1y Target Est": "N/A"}}, "fin": {"TTM": {"Duration": "TTM", "Total Revenue": "0", "Cost of Revenue": "0", "Gross Profit": "0", "Operating Expense": "228.148", "Operating Income": "-228.148", "Other Income Expense": "-", "Pretax Income": "-228.148", "Tax Provision": "0", "Net Income Common Stockholders": "-215.696", "Diluted NI Available to Com Stockholders": "-215.696", "Basic EPS": "-", "Diluted EPS": "-", "Basic Average Shares": "-", "Diluted Average Shares": "-", "Total Operating Income as Reported": "-228.148", "Total Expenses": "228.148", "Net Income from Continuing & Discontinued Operation": "-215.696", "Normalized Income": "-215.696", "EBIT": "-228.148", "EBITDA": "-215.759", "Reconciled Cost of Revenue": "0", "Reconciled Depreciation": "12.389", "Net Income from Continuing Operation Net Minority Interest": "-215.696", "Total Unusual Items Excluding Goodwill": "-", "Total Unusual Items": "-", "Normalized EBITDA": "-215.759", "Tax Rate for Calcs": "0", "Tax Effect of Unusual Items": "0"}, "6/30/2020": {"Duration": "6/30/2020", "Total Revenue": "0", "Cost of Revenue": "0", "Gross Profit": "0", "Operating Expense": "309.402", "Operating Income": "-309.402", "Other Income Expense": "-", "Pretax Income": "-309.402", "Tax Provision": "0", "Net Income Common Stockholders": "-298.657", "Diluted NI Available to Com Stockholders": "-298.657", "Basic EPS": "-0.00", "Diluted EPS": "-0.00", "Basic Average Shares": "115,083", "Diluted Average Shares": "115,083", "Total Operating Income as Reported": "-309.402", "Total Expenses": "309.402", "Net Income from Continuing & Discontinued Operation": "-298.657", "Normalized Income": "-298.657", "EBIT": "-309.402", "EBITDA": "-", "Reconciled Cost of Revenue": "0", "Reconciled Depreciation": "6.181", "Net Income from Continuing Operation Net Minority Interest": "-298.657", "Total Unusual Items Excluding Goodwill": "-", "Total Unusual Items": "-", "Normalized EBITDA": "-303.221", "Tax Rate for Calcs": "0", "Tax Effect of Unusual Items": "0"}, "6/30/2019": {"Duration": "6/30/2019", "Total Revenue": "12.036", "Cost of Revenue": "23.141", "Gross Profit": "-11.105", "Operating Expense": "162.886", "Operating Income": "-173.991", "Other Income Expense": "302.724", "Pretax Income": "128.733", "Tax Provision": "0", "Net Income Common Stockholders": "94.262", "Diluted NI Available to Com Stockholders": "94.262", "Basic EPS": "0.00", "Diluted EPS": "0.00", "Basic Average Shares": "115,039", "Diluted Average Shares": "115,039", "Total Operating Income as Reported": "-173.991", "Total Expenses": "186.027", "Net Income from Continuing & Discontinued Operation": "94.262", "Normalized Income": "94.262", "EBIT": "-173.991", "EBITDA": "-", "Reconciled Cost of Revenue": "23.141", "Reconciled Depreciation": "6.016", "Net Income from Continuing Operation Net Minority Interest": "94.262", "Total Unusual Items Excluding Goodwill": "-", "Total Unusual Items": "-", "Normalized EBITDA": "-167.975", "Tax Rate for Calcs": "0", "Tax Effect of Unusual Items": "0"}, "6/30/2018": {"Duration": "6/30/2018", "Total Revenue": "73.939", "Cost of Revenue": "86.14", "Gross Profit": "-12.201", "Operating Expense": "416.293", "Operating Income": "-428.494", "Other Income Expense": "140.464", "Pretax Income": "-288.03", "Tax Provision": "0", "Net Income Common Stockholders": "-305.829", "Diluted NI Available to Com Stockholders": "-305.829", "Basic EPS": "-0.00", "Diluted EPS": "-0.00", "Basic Average Shares": "102,390", "Diluted Average Shares": "102,390", "Total Operating Income as Reported": "-428.494", "Total Expenses": "502.433", "Net Income from Continuing & Discontinued Operation": "-305.829", "Normalized Income": "-305.829", "EBIT": "-428.494", "EBITDA": "-", "Reconciled Cost of Revenue": "86.14", "Reconciled Depreciation": "18.617", "Net Income from Continuing Operation Net Minority Interest": "-305.829", "Total Unusual Items Excluding Goodwill": "-", "Total Unusual Items": "-", "Normalized EBITDA": "-409.877", "Tax Rate for Calcs": "0", "Tax Effect of Unusual Items": "0"}}, "bs": {"6/30/2020": {"Duration": "6/30/2020", "Total Assets": "42.569", "Total Liabilities Net Minority Interest": "2,336", "Total Equity Gross Minority Interest": "-2,293", "Total Capitalization": "-1,755", "Common Stock Equity": "-1,755", "Net Tangible Assets": "-1,755", "Working Capital": "-2,294", "Invested Capital": "-1,755", "Tangible Book Value": "-1,755", "Total Debt": "-", "Share Issued": "116,039", "Ordinary Shares Number": "116,039"}, "6/30/2019": {"Duration": "6/30/2019", "Total Assets": "11.637", "Total Liabilities Net Minority Interest": "2,232", "Total Equity Gross Minority Interest": "-2,221", "Total Capitalization": "-1,694", "Common Stock Equity": "-1,694", "Net Tangible Assets": "-1,694", "Working Capital": "-2,221", "Invested Capital": "-1,694", "Tangible Book Value": "-1,694", "Total Debt": "0.193", "Share Issued": "115,039", "Ordinary Shares Number": "115,039"}, "6/30/2018": {"Duration": "6/30/2018", "Total Assets": "31.448", "Total Liabilities Net Minority Interest": "2,447", "Total Equity Gross Minority Interest": "-2,415", "Total Capitalization": "-1,854", "Common Stock Equity": "-1,854", "Net Tangible Assets": "-1,854", "Working Capital": "-2,421", "Invested Capital": "-1,854", "Tangible Book Value": "-1,854", "Total Debt": "2.659", "Share Issued": "115,039", "Ordinary Shares Number": "115,039"}}, "cf": {"TTM": {"Duration": "TTM", "Operating Cash Flow": "-46.915", "Investing Cash Flow": "-", "Financing Cash Flow": "12.002", "End Cash Position": "2.617", "Income Tax Paid Supplemental Data": "0", "Interest Paid Supplemental Data": "0", "Capital Expenditure": "-", "Issuance of Capital Stock": "12", "Issuance of Debt": "-", "Repayment of Debt": "0.002", "Free Cash Flow": "-47.743"}, "6/30/2020": {"Duration": "6/30/2020", "Operating Cash Flow": "-213.763", "Investing Cash Flow": "-0.828", "Financing Cash Flow": "11.81", "End Cash Position": "24.027", "Income Tax Paid Supplemental Data": "0", "Interest Paid Supplemental Data": "0.001", "Capital Expenditure": "-0.828", "Issuance of Capital Stock": "12", "Issuance of Debt": "0", "Repayment of Debt": "-0.19", "Free Cash Flow": "-214.591"}, "6/30/2019": {"Duration": "6/30/2019", "Operating Cash Flow": "40.702", "Investing Cash Flow": "0", "Financing Cash Flow": "-2.411", "End Cash Position": "10.662", "Income Tax Paid Supplemental Data": "0", "Interest Paid Supplemental Data": "0.074", "Capital Expenditure": "-", "Issuance of Capital Stock": "0", "Issuance of Debt": "0", "Repayment of Debt": "-2.411", "Free Cash Flow": "40.702"}, "6/30/2018": {"Duration": "6/30/2018", "Operating Cash Flow": "-51.134", "Investing Cash Flow": "0", "Financing Cash Flow": "-4.873", "End Cash Position": "10.032", "Income Tax Paid Supplemental Data": "0", "Interest Paid Supplemental Data": "0.205", "Capital Expenditure": "-", "Issuance of Capital Stock": "0", "Issuance of Debt": "0", "Repayment of Debt": "-4.873", "Free Cash Flow": "-51.134"}}}}, {"VALE": {"quote": {"05/07/2021": {"value": "22.08", "Market Cap": "113.288B", "Beta (5Y Monthly)": "0.56", "PE Ratio (TTM)": "10.78", "EPS (TTM)": "2.05", "Earnings Date": "N/A", "Forward Dividend & Yield": "1.19 (5.72%)", "Ex-Dividend Date": "Mar 05, 2021", "1y Target Est": "23.24"}}, "fin": {"TTM": {"Duration": "TTM", "Total Revenue": "45,694,000", "Cost of Revenue": "19,388,000", "Gross Profit": "26,306,000", "Operating Expense": "2,433,000", "Operating Income": "23,873,000", "Net Non Operating Interest Income Expense": "-3,835,000", "Other Income Expense": "-7,294,000", "Pretax Income": "12,744,000", "Tax Provision": "2,897,000", "Net Income Common Stockholders": "10,188,000", "Diluted NI Available to Com Stockholders": "10,188,000", "Basic EPS": "-", "Diluted EPS": "-", "Basic Average Shares": "-", "Diluted Average Shares": "-", "Total Operating Income as Reported": "16,260,000", "Total Expenses": "21,821,000", "Interest Income": "-", "Interest Expense": "3,365,000", "Net Interest Income": "-3,835,000", "Net Income from Continuing & Discontinued Operation": "10,188,000", "Normalized Income": "15,118,454", "EBIT": "16,109,000", "EBITDA": "19,259,000", "Reconciled Cost of Revenue": "16,279,000", "Reconciled Depreciation": "3,150,000", "Net Income from Continuing Operation Net Minority Interest": "10,188,000", "Total Unusual Items Excluding Goodwill": "-6,381,000", "Total Unusual Items": "-6,381,000", "Normalized EBITDA": "25,640,000", "Tax Rate for Calcs": "0", "Tax Effect of Unusual Items": "-1,450,546"}, "12/31/2020": {"Duration": "12/31/2020", "Total Revenue": "40,018,000", "Cost of Revenue": "19,039,000", "Gross Profit": "20,979,000", "Operating Expense": "2,611,000", "Operating Income": "18,368,000", "Net Non Operating Interest Income Expense": "-3,207,000", "Other Income Expense": "-10,192,000", "Pretax Income": "4,969,000", "Tax Provision": "438,000", "Net Income Common Stockholders": "4,881,000", "Diluted NI Available to Com Stockholders": "4,881,000", "Basic EPS": "-", "Diluted EPS": "-", "Basic Average Shares": "-", "Diluted Average Shares": "-", "Total Operating Income as Reported": "10,843,000", "Total Expenses": "21,650,000", "Interest Income": "375,000", "Interest Expense": "2,439,000", "Net Interest Income": "-3,207,000", "Net Income from Continuing & Discontinued Operation": "4,881,000", "Normalized Income": "11,654,718", "EBIT": "7,408,000", "EBITDA": "-", "Reconciled Cost of Revenue": "15,854,000", "Reconciled Depreciation": "3,234,000", "Net Income from Continuing Operation Net Minority Interest": "4,881,000", "Total Unusual Items Excluding Goodwill": "-9,129,000", "Total Unusual Items": "-9,129,000", "Normalized EBITDA": "19,771,000", "Tax Rate for Calcs": "0", "Tax Effect of Unusual Items": "-2,355,282"}, "12/31/2019": {"Duration": "12/31/2019", "Total Revenue": "37,570,000", "Cost of Revenue": "21,187,000", "Gross Profit": "16,383,000", "Operating Expense": "2,541,000", "Operating Income": "13,842,000", "Net Non Operating Interest Income Expense": "-3,943,000", "Other Income Expense": "-12,674,000", "Pretax Income": "-2,775,000", "Tax Provision": "-595,000", "Net Income Common Stockholders": "-1,683,000", "Diluted NI Available to Com Stockholders": "-1,683,000", "Basic EPS": "-0.33", "Diluted EPS": "-0.33", "Basic Average Shares": "5,100,000", "Diluted Average Shares": "5,100,000", "Total Operating Income as Reported": "1,319,000", "Total Expenses": "23,728,000", "Interest Income": "247,000", "Interest Expense": "2,554,000", "Net Interest Income": "-3,943,000", "Net Income from Continuing & Discontinued Operation": "-1,683,000", "Normalized Income": "7,743,498", "EBIT": "-221,000", "EBITDA": "-", "Reconciled Cost of Revenue": "17,517,000", "Reconciled Depreciation": "3,726,000", "Net Income from Continuing Operation Net Minority Interest": "-1,683,000", "Total Unusual Items Excluding Goodwill": "-11,993,000", "Total Unusual Items": "-11,993,000", "Normalized EBITDA": "15,498,000", "Tax Rate for Calcs": "0", "Tax Effect of Unusual Items": "-2,566,502"}, "12/31/2018": {"Duration": "12/31/2018", "Total Revenue": "36,575,000", "Cost of Revenue": "22,109,000", "Gross Profit": "14,466,000", "Operating Expense": "1,612,000", "Operating Income": "12,854,000", "Net Non Operating Interest Income Expense": "-2,621,000", "Other Income Expense": "-3,417,000", "Pretax Income": "6,816,000", "Tax Provision": "-172,000", "Net Income Common Stockholders": "6,860,000", "Diluted NI Available to Com Stockholders": "6,860,000", "Basic EPS": "1.32", "Diluted EPS": "1.32", "Basic Average Shares": "5,196,970", "Diluted Average Shares": "5,196,970", "Total Operating Income as Reported": "11,955,000", "Total Expenses": "23,721,000", "Interest Income": "177,000", "Interest Expense": "1,743,000", "Net Interest Income": "-2,621,000", "Net Income from Continuing & Discontinued Operation": "6,860,000", "Normalized Income": "9,087,100", "EBIT": "8,559,000", "EBITDA": "-", "Reconciled Cost of Revenue": "18,820,000", "Reconciled Depreciation": "3,351,000", "Net Income from Continuing Operation Net Minority Interest": "6,952,000", "Total Unusual Items Excluding Goodwill": "-3,235,000", "Total Unusual Items": "-3,235,000", "Normalized EBITDA": "15,145,000", "Tax Rate for Calcs": "0", "Tax Effect of Unusual Items": "-1,099,900"}}, "bs": {"12/31/2020": {"Duration": "12/31/2020", "Total Assets": "92,007,000", "Total Liabilities Net Minority Interest": "57,186,000", "Total Equity Gross Minority Interest": "34,821,000", "Total Capitalization": "53,991,000", "Common Stock Equity": "35,744,000", "Capital Lease Obligations": "-", "Net Tangible Assets": "26,448,000", "Working Capital": "9,809,000", "Invested Capital": "55,852,000", "Tangible Book Value": "26,448,000", "Total Debt": "20,108,000", "Net Debt": "6,621,000", "Share Issued": "5,284,475", "Ordinary Shares Number": "5,129,911", "Treasury Shares Number": "154,564"}, "12/31/2019": {"Duration": "12/31/2019", "Total Assets": "91,713,000", "Total Liabilities Net Minority Interest": "52,720,000", "Total Equity Gross Minority Interest": "38,993,000", "Total Capitalization": "55,449,000", "Common Stock Equity": "40,067,000", "Capital Lease Obligations": "1,791,000", "Net Tangible Assets": "31,568,000", "Working Capital": "3,197,000", "Invested Capital": "57,643,000", "Tangible Book Value": "31,568,000", "Total Debt": "19,367,000", "Net Debt": "10,226,000", "Share Issued": "5,284,475", "Ordinary Shares Number": "5,128,282", "Treasury Shares Number": "156,192"}, "12/31/2018": {"Duration": "12/31/2018", "Total Assets": "88,190,000", "Total Liabilities Net Minority Interest": "43,358,000", "Total Equity Gross Minority Interest": "44,832,000", "Total Capitalization": "60,815,000", "Common Stock Equity": "43,985,000", "Capital Lease Obligations": "-", "Net Tangible Assets": "36,023,000", "Working Capital": "6,181,000", "Invested Capital": "62,952,000", "Tangible Book Value": "36,023,000", "Total Debt": "18,967,000", "Net Debt": "13,183,000", "Share Issued": "5,284,475", "Ordinary Shares Number": "5,126,258", "Treasury Shares Number": "158,216"}}, "cf": {"TTM": {"Duration": "TTM", "Operating Cash Flow": "19,659,000", "Investing Cash Flow": "-5,944,000", "Financing Cash Flow": "-12,133,000", "Cash Flow from Discontinued Operation": "-", "End Cash Position": "13,370,000", "Capital Expenditure": "-4,315,000", "Issuance of Debt": "2,090,000", "Repayment of Debt": "-7,146,000", "Repurchase of Capital Stock": "-", "Free Cash Flow": "15,344,000"}, "12/31/2020": {"Duration": "12/31/2020", "Operating Cash Flow": "14,322,000", "Investing Cash Flow": "-4,669,000", "Financing Cash Flow": "-2,676,000", "Cash Flow from Discontinued Operation": "0", "End Cash Position": "13,487,000", "Capital Expenditure": "-4,430,000", "Issuance of Debt": "6,800,000", "Repayment of Debt": "-6,283,000", "Repurchase of Capital Stock": "0", "Free Cash Flow": "9,892,000"}, "12/31/2019": {"Duration": "12/31/2019", "Operating Cash Flow": "12,110,000", "Investing Cash Flow": "-6,989,000", "Financing Cash Flow": "-3,495,000", "Cash Flow from Discontinued Operation": "0", "End Cash Position": "7,350,000", "Capital Expenditure": "-3,704,000", "Issuance of Debt": "-", "Repayment of Debt": "-2,499,000", "Repurchase of Capital Stock": "0", "Free Cash Flow": "8,406,000"}, "12/31/2018": {"Duration": "12/31/2018", "Operating Cash Flow": "12,901,000", "Investing Cash Flow": "159,000", "Financing Cash Flow": "-11,128,000", "Cash Flow from Discontinued Operation": "-46,000", "End Cash Position": "5,784,000", "Capital Expenditure": "-3,784,000", "Issuance of Debt": "1,225,000", "Repayment of Debt": "-7,841,000", "Repurchase of Capital Stock": "-1,000,000", "Free Cash Flow": "9,117,000"}}}}, {"APGA": {"quote": {"05/07/2021": {"value": "", "Net Assets": "N/A", "Beta (5Y Monthly)": "N/A", "Yield": "N/A", "5y Average Return": "N/A", "Holdings Turnover": "N/A", "Last Dividend": "N/A", "Average for Category": "N/A", "Inception Date": "N/A"}}, "fin": {}, "bs": {}, "cf": {}}}, {"AMNP": {"quote": {"05/07/2021": {"value": "0.0350", "Market Cap": "2.558M", "Beta (5Y Monthly)": "1.99", "PE Ratio (TTM)": "N/A", "EPS (TTM)": "-0.0010", "Earnings Date": "N/A", "Forward Dividend & Yield": "N/A (N/A)", "Ex-Dividend Date": "N/A", "1y Target Est": "N/A"}}, "fin": {}, "bs": {}, "cf": {}}}, {"RYMM": {"quote": {"05/07/2021": {"value": "0.0280", "Market Cap": "933,718", "Beta (5Y Monthly)": "2.23", "PE Ratio (TTM)": "N/A", "EPS (TTM)": "-0.0040", "Earnings Date": "N/A", "Forward Dividend & Yield": "N/A (N/A)", "Ex-Dividend Date": "N/A", "1y Target Est": "N/A"}}, "fin": {}, "bs": {}, "cf": {}}}, {"CGLD": {"quote": {"05/07/2021": {"value": "0.1400", "Market Cap": "104,614", "Beta (5Y Monthly)": "1.25", "PE Ratio (TTM)": "N/A", "EPS (TTM)": "-0.1310", "Earnings Date": "N/A", "Forward Dividend & Yield": "0.01 (12.80%)", "Ex-Dividend Date": "Dec 29, 2016", "1y Target Est": "N/A"}}, "fin": {}, "bs": {}, "cf": {}}}, {"GDFI": {"quote": {"05/07/2021": {"value": "", "Net Assets": "N/A", "Beta (5Y Monthly)": "N/A", "Yield": "N/A", "5y Average Return": "N/A", "Holdings Turnover": "N/A", "Last Dividend": "N/A", "Average for Category": "N/A", "Inception Date": "N/A"}}, "fin": {}, "bs": {}, "cf": {}}}, {"GJST": {"quote": {"05/07/2021": {"value": "0.0598", "Market Cap": "20.464M", "Beta (5Y Monthly)": "-0.44", "PE Ratio (TTM)": "N/A", "EPS (TTM)": "-0.0010", "Earnings Date": "N/A", "Forward Dividend & Yield": "N/A (N/A)", "Ex-Dividend Date": "N/A", "1y Target Est": "N/A"}}, "fin": {}, "bs": {}, "cf": {}}}, {"GULD": {"quote": {"05/07/2021": {"value": "", "Net Assets": "N/A", "Beta (5Y Monthly)": "N/A", "Yield": "N/A", "5y Average Return": "N/A", "Holdings Turnover": "N/A", "Last Dividend": "N/A", "Average for Category": "N/A", "Inception Date": "N/A"}}, "fin": {}, "bs": {}, "cf": {}}}, {"IFAM": {"quote": {"05/07/2021": {"value": "0.0329", "Market Cap": "248,875", "Beta (5Y Monthly)": "1.07", "PE Ratio (TTM)": "", "EPS (TTM)": "0.0000", "Earnings Date": "N/A", "Forward Dividend & Yield": "N/A (N/A)", "Ex-Dividend Date": "N/A", "1y Target Est": "N/A"}}, "fin": {}, "bs": {}, "cf": {}}}, {"LBSV": {"quote": {"05/07/2021": {"value": "", "Net Assets": "N/A", "Beta (5Y Monthly)": "N/A", "Yield": "N/A", "5y Average Return": "N/A", "Holdings Turnover": "N/A", "Last Dividend": "N/A", "Average for Category": "N/A", "Inception Date": "N/A"}}, "fin": {}, "bs": {}, "cf": {}}}, {"LTUM": {"quote": {"05/07/2021": {"value": "0.3610", "Market Cap": "35.164M", "Beta (5Y Monthly)": "1.21", "PE Ratio (TTM)": "N/A", "EPS (TTM)": "-0.0020", "Earnings Date": "N/A", "Forward Dividend & Yield": "N/A (N/A)", "Ex-Dividend Date": "N/A", "1y Target Est": "N/A"}}, "fin": {"TTM": {"Duration": "TTM", "Total Revenue": "0", "Operating Expense": "159.32", "Operating Income": "-159.32", "Net Non Operating Interest Income Expense": "0", "Other Income Expense": "-", "Pretax Income": "-159.32", "Tax Provision": "0", "Net Income Common Stockholders": "-159.32", "Diluted NI Available to Com Stockholders": "-159.32", "Basic EPS": "-", "Diluted EPS": "-", "Basic Average Shares": "-", "Diluted Average Shares": "-", "Total Operating Income as Reported": "-159.32", "Total Expenses": "159.32", "Net Income from Continuing & Discontinued Operation": "-159.32", "Normalized Income": "-159.32", "Interest Income": "0", "Net Interest Income": "0", "EBIT": "-159.32", "EBITDA": "-159.32", "Net Income from Continuing Operation Net Minority Interest": "-159.32", "Total Unusual Items Excluding Goodwill": "0", "Total Unusual Items": "0", "Normalized EBITDA": "-159.32", "Tax Rate for Calcs": "0", "Tax Effect of Unusual Items": "0"}, "12/31/2020": {"Duration": "12/31/2020", "Total Revenue": "0", "Operating Expense": "159.32", "Operating Income": "-159.32", "Net Non Operating Interest Income Expense": "0", "Other Income Expense": "-", "Pretax Income": "-159.32", "Tax Provision": "0", "Net Income Common Stockholders": "-159.32", "Diluted NI Available to Com Stockholders": "-159.32", "Basic EPS": "-", "Diluted EPS": "-", "Basic Average Shares": "-", "Diluted Average Shares": "-", "Total Operating Income as Reported": "-159.32", "Total Expenses": "159.32", "Net Income from Continuing & Discontinued Operation": "-159.32", "Normalized Income": "-159.32", "Interest Income": "0", "Net Interest Income": "0", "EBIT": "-159.32", "EBITDA": "-", "Net Income from Continuing Operation Net Minority Interest": "-159.32", "Total Unusual Items Excluding Goodwill": "0", "Total Unusual Items": "0", "Normalized EBITDA": "-159.32", "Tax Rate for Calcs": "0", "Tax Effect of Unusual Items": "0"}, "12/31/2019": {"Duration": "12/31/2019", "Total Revenue": "0", "Operating Expense": "262.226", "Operating Income": "-262.226", "Net Non Operating Interest Income Expense": "0.14", "Other Income Expense": "42.189", "Pretax Income": "-219.897", "Tax Provision": "0", "Net Income Common Stockholders": "-219.897", "Diluted NI Available to Com Stockholders": "-219.897", "Basic EPS": "-0.00", "Diluted EPS": "-0.00", "Basic Average Shares": "95,652", "Diluted Average Shares": "95,652", "Total Operating Income as Reported": "-652.426", "Total Expenses": "262.226", "Net Income from Continuing & Discontinued Operation": "-219.897", "Normalized Income": "-262.086", "Interest Income": "0.14", "Net Interest Income": "0.14", "EBIT": "-262.226", "EBITDA": "-", "Net Income from Continuing Operation Net Minority Interest": "-219.897", "Total Unusual Items Excluding Goodwill": "42.189", "Total Unusual Items": "42.189", "Normalized EBITDA": "-304.415", "Tax Rate for Calcs": "0", "Tax Effect of Unusual Items": "0"}, "12/31/2018": {"Duration": "12/31/2018", "Total Revenue": "0", "Operating Expense": "361.629", "Operating Income": "-361.629", "Net Non Operating Interest Income Expense": "0.102", "Other Income Expense": "257.034", "Pretax Income": "-104.493", "Tax Provision": "0", "Net Income Common Stockholders": "-104.493", "Diluted NI Available to Com Stockholders": "-104.493", "Basic EPS": "-0.00", "Diluted EPS": "-0.00", "Basic Average Shares": "93,591", "Diluted Average Shares": "93,591", "Total Operating Income as Reported": "-", "Total Expenses": "361.629", "Net Income from Continuing & Discontinued Operation": "-104.493", "Normalized Income": "-361.527", "Interest Income": "0.102", "Net Interest Income": "0.102", "EBIT": "-361.629", "EBITDA": "-", "Net Income from Continuing Operation Net Minority Interest": "-104.493", "Total Unusual Items Excluding Goodwill": "257.034", "Total Unusual Items": "257.034", "Normalized EBITDA": "-618.663", "Tax Rate for Calcs": "0", "Tax Effect of Unusual Items": "0"}}, "bs": {"12/31/2020": {"Duration": "12/31/2020", "Total Assets": "206.051", "Total Liabilities Net Minority Interest": "14.816", "Total Equity Gross Minority Interest": "191.235", "Total Capitalization": "191.235", "Common Stock Equity": "191.235", "Net Tangible Assets": "191.235", "Working Capital": "191.235", "Invested Capital": "191.235", "Tangible Book Value": "191.235", "Share Issued": "95,652", "Ordinary Shares Number": "95,652"}, "12/31/2019": {"Duration": "12/31/2019", "Total Assets": "367.464", "Total Liabilities Net Minority Interest": "16.909", "Total Equity Gross Minority Interest": "350.555", "Total Capitalization": "350.555", "Common Stock Equity": "350.555", "Net Tangible Assets": "350.555", "Working Capital": "350.555", "Invested Capital": "350.555", "Tangible Book Value": "350.555", "Share Issued": "95,652", "Ordinary Shares Number": "95,652"}, "12/31/2018": {"Duration": "12/31/2018", "Total Assets": "1,026", "Total Liabilities Net Minority Interest": "456.194", "Total Equity Gross Minority Interest": "569.681", "Total Capitalization": "569.681", "Common Stock Equity": "569.681", "Net Tangible Assets": "569.681", "Working Capital": "192.018", "Invested Capital": "569.681", "Tangible Book Value": "569.681", "Share Issued": "95,652", "Ordinary Shares Number": "95,652"}}, "cf": {"TTM": {"Duration": "TTM", "Operating Cash Flow": "-155.135", "Investing Cash Flow": "0", "Financing Cash Flow": "-", "End Cash Position": "191.125", "Income Tax Paid Supplemental Data": "0", "Interest Paid Supplemental Data": "0", "Capital Expenditure": "-", "Issuance of Capital Stock": "-", "Free Cash Flow": "-155.135"}, "12/31/2020": {"Duration": "12/31/2020", "Operating Cash Flow": "-155.135", "Investing Cash Flow": "0", "Financing Cash Flow": "-", "End Cash Position": "191.125", "Income Tax Paid Supplemental Data": "0", "Interest Paid Supplemental Data": "0", "Capital Expenditure": "-", "Issuance of Capital Stock": "-", "Free Cash Flow": "-155.135"}, "12/31/2019": {"Duration": "12/31/2019", "Operating Cash Flow": "-967.255", "Investing Cash Flow": "758.486", "Financing Cash Flow": "0", "End Cash Position": "346.26", "Income Tax Paid Supplemental Data": "0", "Interest Paid Supplemental Data": "0", "Capital Expenditure": "-", "Issuance of Capital Stock": "0", "Free Cash Flow": "-967.255"}, "12/31/2018": {"Duration": "12/31/2018", "Operating Cash Flow": "-393.594", "Investing Cash Flow": "199.996", "Financing Cash Flow": "422.535", "End Cash Position": "555.029", "Income Tax Paid Supplemental Data": "0", "Interest Paid Supplemental Data": "0", "Capital Expenditure": "-0.137", "Issuance of Capital Stock": "100", "Free Cash Flow": "-393.731"}}}}, {"REON": {"quote": {"05/07/2021": {"value": "", "Net Assets": "N/A", "Beta (5Y Monthly)": "N/A", "Yield": "N/A", "5y Average Return": "N/A", "Holdings Turnover": "N/A", "Last Dividend": "N/A", "Average for Category": "N/A", "Inception Date": "N/A"}}, "fin": {}, "bs": {}, "cf": {}}}, {"PUBC": {"quote": {"05/07/2021": {"value": "0.1600", "Market Cap": "34.376M", "Beta (5Y Monthly)": "-1.98", "PE Ratio (TTM)": "N/A", "EPS (TTM)": "-0.0070", "Earnings Date": "N/A", "Forward Dividend & Yield": "N/A (N/A)", "Ex-Dividend Date": "N/A", "1y Target Est": "N/A"}}, "fin": {"TTM": {"Duration": "TTM", "Total Revenue": "164.9", "Cost of Revenue": "-", "Gross Profit": "-", "Operating Expense": "1,564", "Operating Income": "-1,399", "Net Non Operating Interest Income Expense": "-33.872", "Other Income Expense": "-", "Pretax Income": "-1,587", "Tax Provision": "-", "Net Income Common Stockholders": "-1,587", "Diluted NI Available to Com Stockholders": "-1,587", "Basic EPS": "-", "Diluted EPS": "-", "Basic Average Shares": "-", "Diluted Average Shares": "-", "Total Operating Income as Reported": "-1,599", "Total Expenses": "1,564", "Interest Expense": "-", "Net Interest Income": "-33.872", "Net Income from Continuing & Discontinued Operation": "-1,587", "Normalized Income": "-1,387", "EBIT": "-1,553", "EBITDA": "-1,553", "Reconciled Cost of Revenue": "-", "Reconciled Depreciation": "-", "Net Income from Continuing Operation Net Minority Interest": "-1,587", "Total Unusual Items Excluding Goodwill": "-200", "Total Unusual Items": "-200", "Normalized EBITDA": "-1,353", "Tax Rate for Calcs": "0", "Tax Effect of Unusual Items": "0"}, "11/30/2020": {"Duration": "11/30/2020", "Total Revenue": "169.41", "Cost of Revenue": "-", "Gross Profit": "-", "Operating Expense": "1,505", "Operating Income": "-1,335", "Net Non Operating Interest Income Expense": "-16.097", "Other Income Expense": "-153.717", "Pretax Income": "-1,505", "Tax Provision": "-", "Net Income Common Stockholders": "-1,505", "Diluted NI Available to Com Stockholders": "-1,505", "Basic EPS": "-0.01", "Diluted EPS": "-0.01", "Basic Average Shares": "214,851", "Diluted Average Shares": "214,851", "Total Operating Income as Reported": "-1,535", "Total Expenses": "1,505", "Interest Expense": "16.097", "Net Interest Income": "-16.097", "Net Income from Continuing & Discontinued Operation": "-1,505", "Normalized Income": "-1,305", "EBIT": "-1,489", "EBITDA": "-", "Reconciled Cost of Revenue": "-", "Reconciled Depreciation": "0.772", "Net Income from Continuing Operation Net Minority Interest": "-1,505", "Total Unusual Items Excluding Goodwill": "-200", "Total Unusual Items": "-200", "Normalized EBITDA": "-1,288", "Tax Rate for Calcs": "0", "Tax Effect of Unusual Items": "0"}, "11/30/2019": {"Duration": "11/30/2019", "Total Revenue": "361.93", "Cost of Revenue": "-", "Gross Profit": "-", "Operating Expense": "1,712", "Operating Income": "-1,350", "Net Non Operating Interest Income Expense": "-552.74", "Other Income Expense": "-1,231", "Pretax Income": "-3,133", "Tax Provision": "-", "Net Income Common Stockholders": "-3,133", "Diluted NI Available to Com Stockholders": "-3,133", "Basic EPS": "-0.02", "Diluted EPS": "-0.02", "Basic Average Shares": "155,012", "Diluted Average Shares": "155,012", "Total Operating Income as Reported": "-1,350", "Total Expenses": "1,712", "Interest Expense": "552.74", "Net Interest Income": "-552.74", "Net Income from Continuing & Discontinued Operation": "-3,133", "Normalized Income": "-1,902", "EBIT": "-2,581", "EBITDA": "-", "Reconciled Cost of Revenue": "-", "Reconciled Depreciation": "2.316", "Net Income from Continuing Operation Net Minority Interest": "-3,133", "Total Unusual Items Excluding Goodwill": "-1,231", "Total Unusual Items": "-1,231", "Normalized EBITDA": "-1,347", "Tax Rate for Calcs": "0", "Tax Effect of Unusual Items": "0"}, "11/30/2018": {"Duration": "11/30/2018", "Total Revenue": "564.296", "Cost of Revenue": "211.9", "Gross Profit": "352.396", "Operating Expense": "1,660", "Operating Income": "-1,096", "Net Non Operating Interest Income Expense": "-68.955", "Other Income Expense": "0.026", "Pretax Income": "-1,164", "Tax Provision": "-", "Net Income Common Stockholders": "-1,164", "Diluted NI Available to Com Stockholders": "-1,164", "Basic EPS": "-0.01", "Diluted EPS": "-0.01", "Basic Average Shares": "141,347", "Diluted Average Shares": "141,347", "Total Operating Income as Reported": "-1,096", "Total Expenses": "1,660", "Interest Expense": "68.955", "Net Interest Income": "-68.955", "Net Income from Continuing & Discontinued Operation": "-1,164", "Normalized Income": "-1,164", "EBIT": "-1,096", "EBITDA": "-", "Reconciled Cost of Revenue": "211.9", "Reconciled Depreciation": "10.006", "Net Income from Continuing Operation Net Minority Interest": "-1,164", "Total Unusual Items Excluding Goodwill": "0", "Total Unusual Items": "0", "Normalized EBITDA": "-1,086", "Tax Rate for Calcs": "0", "Tax Effect of Unusual Items": "0"}}, "bs": {"11/30/2020": {"Duration": "11/30/2020", "Total Assets": "635.34", "Total Liabilities Net Minority Interest": "1,937", "Total Equity Gross Minority Interest": "-1,302", "Total Capitalization": "-1,173", "Common Stock Equity": "-1,302", "Net Tangible Assets": "-1,302", "Working Capital": "-1,793", "Invested Capital": "-1,020", "Tangible Book Value": "-1,302", "Total Debt": "281.816", "Net Debt": "274.366", "Share Issued": "214,951", "Ordinary Shares Number": "214,951"}, "11/30/2019": {"Duration": "11/30/2019", "Total Assets": "231.188", "Total Liabilities Net Minority Interest": "976.821", "Total Equity Gross Minority Interest": "-745.633", "Total Capitalization": "-745.633", "Common Stock Equity": "-745.633", "Net Tangible Assets": "-745.633", "Working Capital": "-946.405", "Invested Capital": "-588.037", "Tangible Book Value": "-745.633", "Total Debt": "157.596", "Net Debt": "149.196", "Share Issued": "208,651", "Ordinary Shares Number": "208,651"}, "11/30/2018": {"Duration": "11/30/2018", "Total Assets": "227.378", "Total Liabilities Net Minority Interest": "5,221", "Total Equity Gross Minority Interest": "-4,994", "Total Capitalization": "-4,994", "Common Stock Equity": "-4,994", "Net Tangible Assets": "-4,994", "Working Capital": "-5,197", "Invested Capital": "-3,969", "Tangible Book Value": "-4,994", "Total Debt": "1,025", "Net Debt": "1,017", "Share Issued": "141,347", "Ordinary Shares Number": "141,347"}}, "cf": {"TTM": {"Duration": "TTM", "Operating Cash Flow": "-1,281", "Investing Cash Flow": "-", "Financing Cash Flow": "1,287", "End Cash Position": "5.14", "Interest Paid Supplemental Data": "0", "Capital Expenditure": "-", "Issuance of Debt": "-", "Repayment of Debt": "-6.8", "Free Cash Flow": "-1,281"}, "11/30/2020": {"Duration": "11/30/2020", "Operating Cash Flow": "-1,265", "Investing Cash Flow": "-", "Financing Cash Flow": "1,264", "End Cash Position": "7.45", "Interest Paid Supplemental Data": "0", "Capital Expenditure": "-", "Issuance of Debt": "178", "Repayment of Debt": "-4.78", "Free Cash Flow": "-1,265"}, "11/30/2019": {"Duration": "11/30/2019", "Operating Cash Flow": "-550.894", "Investing Cash Flow": "0", "Financing Cash Flow": "551.013", "End Cash Position": "8.4", "Interest Paid Supplemental Data": "0", "Capital Expenditure": "-", "Issuance of Debt": "-", "Repayment of Debt": "-44.5", "Free Cash Flow": "-550.894"}, "11/30/2018": {"Duration": "11/30/2018", "Operating Cash Flow": "-780.005", "Investing Cash Flow": "0", "Financing Cash Flow": "782", "End Cash Position": "8.281", "Interest Paid Supplemental Data": "0", "Capital Expenditure": "-", "Issuance of Debt": "-", "Repayment of Debt": "-", "Free Cash Flow": "-780.005"}}}}, {"VRCV": {"quote": {"05/07/2021": {"value": "0.0200", "Market Cap": "931,470", "Beta (5Y Monthly)": "-1.18", "PE Ratio (TTM)": "N/A", "EPS (TTM)": "-0.4980", "Earnings Date": "N/A", "Forward Dividend & Yield": "N/A (N/A)", "Ex-Dividend Date": "N/A", "1y Target Est": "N/A"}}, "fin": {}, "bs": {}, "cf": {}}}, {"MFCB": {"fin": {}, "bs": {}, "cf": {}}}, {"SCIO": {"fin": {}, "bs": {}, "cf": {}}}, {"DDRI": {"fin": {}, "bs": {}, "cf": {}}}, {"LEXG": {"fin": {}, "bs": {}, "cf": {}}}, {"GMO": {"fin": {}, "bs": {}, "cf": {}}}, {"PGRX": {"fin": {}, "bs": {}, "cf": {}}}, {"MWOG": {"fin": {}, "bs": {}, "cf": {}}}, {"SLVH": {"fin": {}, "bs": {}, "cf": {}}}, {"TAHO": {"fin": {}, "bs": {}, "cf": {}}}, {"MAXE": {"fin": {}, "cf": {}}}, {"IDAH": {"fin": {}, "bs": {}, "cf": {}}}, {"AXIO": {"fin": {}, "bs": {}, "cf": {}}}, {"CCRE": {"fin": {}, "bs": {}, "cf": {}}}, {"IROG": {"fin": {}, "bs": {}, "cf": {}}}, {"IRLD": {"fin": {}, "bs": {}, "cf": {}}}, {"PSNP": {"fin": {}, "bs": {}, "cf": {}}}]