[{"AMAT": {"quote": {"03/28/2021": {"value": "128.64", "Market Cap": "118.048B", "Beta (5Y Monthly)": "1.49", "PE Ratio (TTM)": "30.77", "EPS (TTM)": "4.18", "Earnings Date": "May 12, 2021 - May 17, 2021", "Forward Dividend & Yield": "0.96 (0.75%)", "Ex-Dividend Date": "May 26, 2021", "1y Target Est": "134.28"}, "05/07/2021": {"value": "132.95", "Market Cap": "122.003B", "Beta (5Y Monthly)": "1.45", "PE Ratio (TTM)": "31.80", "EPS (TTM)": "4.18", "Earnings Date": "May 12, 2021 - May 17, 2021", "Forward Dividend & Yield": "0.96 (0.73%)", "Ex-Dividend Date": "May 26, 2021", "1y Target Est": "155.45"}}, "fin": {"TTM": {"Duration": "TTM", "Total Revenue": "18,202,000", "Cost of Revenue": "10,019,000", "Gross Profit": "8,183,000", "Operating Expense": "3,425,000", "Operating Income": "4,758,000", "Net Non Operating Interest Income Expense": "-205,000", "Pretax Income": "4,401,000", "Tax Provision": "544,000", "Net Income Common Stockholders": "3,857,000", "Diluted NI Available to Com Stockholders": "3,857,000", "Basic EPS": "-", "Diluted EPS": "-", "Basic Average Shares": "-", "Diluted Average Shares": "-", "Total Operating Income as Reported": "4,606,000", "Total Expenses": "13,444,000", "Net Income from Continuing & Discontinued Operation": "3,857,000", "Normalized Income": "3,990,212", "Interest Income": "37,000", "Interest Expense": "242,000", "Net Interest Income": "-205,000", "EBIT": "4,643,000", "EBITDA": "5,019,000", "Reconciled Cost of Revenue": "10,019,000", "Reconciled Depreciation": "376,000", "Net Income from Continuing Operation Net Minority Interest": "3,857,000", "Total Unusual Items Excluding Goodwill": "-152,000", "Total Unusual Items": "-152,000", "Normalized EBITDA": "5,171,000", "Tax Rate for Calcs": "0", "Tax Effect of Unusual Items": "-18,788"}, "10/31/2020": {"Duration": "10/31/2020", "Total Revenue": "17,202,000", "Cost of Revenue": "9,510,000", "Gross Profit": "7,692,000", "Operating Expense": "3,327,000", "Operating Income": "4,365,000", "Net Non Operating Interest Income Expense": "-199,000", "Pretax Income": "4,166,000", "Tax Provision": "547,000", "Net Income Common Stockholders": "3,619,000", "Diluted NI Available to Com Stockholders": "3,619,000", "Basic EPS": "3.95", "Diluted EPS": "3.92", "Basic Average Shares": "916,000", "Diluted Average Shares": "923,000", "Total Operating Income as Reported": "4,365,000", "Total Expenses": "12,837,000", "Net Income from Continuing & Discontinued Operation": "3,619,000", "Normalized Income": "3,619,000", "Interest Income": "41,000", "Interest Expense": "240,000", "Net Interest Income": "-199,000", "EBIT": "4,406,000", "EBITDA": "-", "Reconciled Cost of Revenue": "9,510,000", "Reconciled Depreciation": "376,000", "Net Income from Continuing Operation Net Minority Interest": "3,619,000", "Total Unusual Items Excluding Goodwill": "-", "Total Unusual Items": "-", "Normalized EBITDA": "4,782,000", "Tax Rate for Calcs": "0", "Tax Effect of Unusual Items": "0"}, "10/31/2019": {"Duration": "10/31/2019", "Total Revenue": "14,608,000", "Cost of Revenue": "8,222,000", "Gross Profit": "6,386,000", "Operating Expense": "3,036,000", "Operating Income": "3,350,000", "Net Non Operating Interest Income Expense": "-81,000", "Pretax Income": "3,269,000", "Tax Provision": "563,000", "Net Income Common Stockholders": "2,706,000", "Diluted NI Available to Com Stockholders": "2,706,000", "Basic EPS": "2.89", "Diluted EPS": "2.86", "Basic Average Shares": "937,000", "Diluted Average Shares": "945,000", "Total Operating Income as Reported": "3,350,000", "Total Expenses": "11,258,000", "Net Income from Continuing & Discontinued Operation": "2,706,000", "Normalized Income": "2,706,000", "Interest Income": "156,000", "Interest Expense": "237,000", "Net Interest Income": "-81,000", "EBIT": "3,506,000", "EBITDA": "-", "Reconciled Cost of Revenue": "8,222,000", "Reconciled Depreciation": "363,000", "Net Income from Continuing Operation Net Minority Interest": "2,706,000", "Total Unusual Items Excluding Goodwill": "-", "Total Unusual Items": "-", "Normalized EBITDA": "3,869,000", "Tax Rate for Calcs": "0", "Tax Effect of Unusual Items": "0"}, "10/31/2018": {"Duration": "10/31/2018", "Total Revenue": "17,253,000", "Cost of Revenue": "9,436,000", "Gross Profit": "7,817,000", "Operating Expense": "3,021,000", "Operating Income": "4,796,000", "Net Non Operating Interest Income Expense": "-102,000", "Pretax Income": "4,694,000", "Tax Provision": "1,381,000", "Net Income Common Stockholders": "3,313,000", "Diluted NI Available to Com Stockholders": "3,313,000", "Basic EPS": "3.27", "Diluted EPS": "3.23", "Basic Average Shares": "1,013,000", "Diluted Average Shares": "1,026,000", "Total Operating Income as Reported": "4,796,000", "Total Expenses": "12,457,000", "Net Income from Continuing & Discontinued Operation": "3,313,000", "Normalized Income": "3,313,000", "Interest Income": "132,000", "Interest Expense": "234,000", "Net Interest Income": "-102,000", "EBIT": "4,928,000", "EBITDA": "-", "Reconciled Cost of Revenue": "9,436,000", "Reconciled Depreciation": "457,000", "Net Income from Continuing Operation Net Minority Interest": "3,313,000", "Total Unusual Items Excluding Goodwill": "-", "Total Unusual Items": "-", "Normalized EBITDA": "5,385,000", "Tax Rate for Calcs": "0", "Tax Effect of Unusual Items": "0"}}, "bs": {"10/31/2020": {"Duration": "10/31/2020", "Total Assets": "22,353,000", "Total Liabilities Net Minority Interest": "11,775,000", "Total Equity Gross Minority Interest": "10,578,000", "Total Capitalization": "16,026,000", "Common Stock Equity": "10,578,000", "Capital Lease Obligations": "259,000", "Net Tangible Assets": "6,959,000", "Working Capital": "8,910,000", "Invested Capital": "16,026,000", "Tangible Book Value": "6,959,000", "Total Debt": "5,707,000", "Net Debt": "97,000", "Share Issued": "2,005,000", "Ordinary Shares Number": "914,000", "Treasury Shares Number": "1,091,000"}, "10/31/2019": {"Duration": "10/31/2019", "Total Assets": "19,024,000", "Total Liabilities Net Minority Interest": "10,810,000", "Total Equity Gross Minority Interest": "8,214,000", "Total Capitalization": "12,927,000", "Common Stock Equity": "8,214,000", "Capital Lease Obligations": "-", "Net Tangible Assets": "4,659,000", "Working Capital": "5,759,000", "Invested Capital": "13,527,000", "Tangible Book Value": "4,659,000", "Total Debt": "5,313,000", "Net Debt": "2,184,000", "Share Issued": "1,995,000", "Ordinary Shares Number": "916,000", "Treasury Shares Number": "1,079,000"}, "10/31/2018": {"Duration": "10/31/2018", "Total Assets": "17,773,000", "Total Liabilities Net Minority Interest": "10,934,000", "Total Equity Gross Minority Interest": "6,839,000", "Total Capitalization": "12,148,000", "Common Stock Equity": "6,839,000", "Capital Lease Obligations": "-", "Net Tangible Assets": "3,258,000", "Working Capital": "6,679,000", "Invested Capital": "12,148,000", "Tangible Book Value": "3,258,000", "Total Debt": "5,309,000", "Net Debt": "1,869,000", "Share Issued": "1,986,000", "Ordinary Shares Number": "967,000", "Treasury Shares Number": "1,019,000"}}, "cf": {"TTM": {"Duration": "TTM", "Operating Cash Flow": "4,238,000", "Investing Cash Flow": "-184,000", "Financing Cash Flow": "-1,150,000", "End Cash Position": "6,328,000", "Income Tax Paid Supplemental Data": "570,000", "Interest Paid Supplemental Data": "220,000", "Capital Expenditure": "-441,000", "Issuance of Capital Stock": "159,000", "Issuance of Debt": "-", "Repayment of Debt": "-", "Repurchase of Capital Stock": "-449,000", "Free Cash Flow": "3,797,000"}, "10/31/2020": {"Duration": "10/31/2020", "Operating Cash Flow": "3,804,000", "Investing Cash Flow": "-130,000", "Financing Cash Flow": "-1,337,000", "End Cash Position": "5,466,000", "Income Tax Paid Supplemental Data": "542,000", "Interest Paid Supplemental Data": "219,000", "Capital Expenditure": "-422,000", "Issuance of Capital Stock": "174,000", "Issuance of Debt": "2,979,000", "Repayment of Debt": "-2,882,000", "Repurchase of Capital Stock": "-649,000", "Free Cash Flow": "3,382,000"}, "10/31/2019": {"Duration": "10/31/2019", "Operating Cash Flow": "3,247,000", "Investing Cash Flow": "-443,000", "Financing Cash Flow": "-3,115,000", "End Cash Position": "3,129,000", "Income Tax Paid Supplemental Data": "522,000", "Interest Paid Supplemental Data": "219,000", "Capital Expenditure": "-441,000", "Issuance of Capital Stock": "145,000", "Issuance of Debt": "0", "Repayment of Debt": "0", "Repurchase of Capital Stock": "-2,403,000", "Free Cash Flow": "2,806,000"}, "10/31/2018": {"Duration": "10/31/2018", "Operating Cash Flow": "3,787,000", "Investing Cash Flow": "571,000", "Financing Cash Flow": "-5,928,000", "End Cash Position": "3,440,000", "Income Tax Paid Supplemental Data": "-300,000", "Interest Paid Supplemental Data": "-219,000", "Capital Expenditure": "-622,000", "Issuance of Capital Stock": "124,000", "Issuance of Debt": "0", "Repayment of Debt": "0", "Repurchase of Capital Stock": "-5,283,000", "Free Cash Flow": "3,165,000"}}}}, {"AMBA": {"quote": {"03/28/2021": {"value": "98.27", "Market Cap": "3.456B", "Beta (5Y Monthly)": "1.40", "PE Ratio (TTM)": "N/A", "EPS (TTM)": "-1.72", "Earnings Date": "May 31, 2021 - Jun 04, 2021", "Forward Dividend & Yield": "N/A (N/A)", "Ex-Dividend Date": "N/A", "1y Target Est": "129.67"}, "05/07/2021": {"value": "92.66", "Market Cap": "3.36B", "Beta (5Y Monthly)": "1.37", "PE Ratio (TTM)": "N/A", "EPS (TTM)": "-1.72", "Earnings Date": "Jun 01, 2021", "Forward Dividend & Yield": "N/A (N/A)", "Ex-Dividend Date": "N/A", "1y Target Est": "132.47"}}, "fin": {"TTM": {"Duration": "TTM", "Total Revenue": "222,990", "Cost of Revenue": "87,417", "Gross Profit": "135,573", "Operating Expense": "196,739", "Operating Income": "-61,166", "Other Income Expense": "3,863", "Pretax Income": "-57,303", "Tax Provision": "2,483", "Net Income Common Stockholders": "-59,786", "Diluted NI Available to Com Stockholders": "-59,786", "Basic EPS": "-", "Diluted EPS": "-", "Basic Average Shares": "-", "Diluted Average Shares": "-", "Total Operating Income as Reported": "-61,166", "Total Expenses": "284,156", "Net Income from Continuing & Discontinued Operation": "-59,786", "Normalized Income": "-59,786", "EBIT": "-61,166", "EBITDA": "-49,199", "Reconciled Cost of Revenue": "87,417", "Reconciled Depreciation": "11,967", "Net Income from Continuing Operation Net Minority Interest": "-59,786", "Normalized EBITDA": "-49,199", "Tax Rate for Calcs": "0", "Tax Effect of Unusual Items": "0"}, "1/31/2021": {"Duration": "1/31/2021", "Total Revenue": "222,990", "Cost of Revenue": "87,417", "Gross Profit": "135,573", "Operating Expense": "196,739", "Operating Income": "-61,166", "Other Income Expense": "3,863", "Pretax Income": "-57,303", "Tax Provision": "2,483", "Net Income Common Stockholders": "-59,786", "Diluted NI Available to Com Stockholders": "-59,786", "Basic EPS": "-1.72", "Diluted EPS": "-1.72", "Basic Average Shares": "34,680", "Diluted Average Shares": "34,680", "Total Operating Income as Reported": "-61,166", "Total Expenses": "284,156", "Net Income from Continuing & Discontinued Operation": "-59,786", "Normalized Income": "-59,786", "EBIT": "-61,166", "EBITDA": "-", "Reconciled Cost of Revenue": "87,417", "Reconciled Depreciation": "11,967", "Net Income from Continuing Operation Net Minority Interest": "-59,786", "Normalized EBITDA": "-49,199", "Tax Rate for Calcs": "0", "Tax Effect of Unusual Items": "0"}, "1/31/2020": {"Duration": "1/31/2020", "Total Revenue": "228,732", "Cost of Revenue": "96,023", "Gross Profit": "132,709", "Operating Expense": "182,358", "Operating Income": "-49,649", "Other Income Expense": "8,021", "Pretax Income": "-41,628", "Tax Provision": "3,164", "Net Income Common Stockholders": "-44,792", "Diluted NI Available to Com Stockholders": "-44,792", "Basic EPS": "-1.35", "Diluted EPS": "-1.35", "Basic Average Shares": "33,084", "Diluted Average Shares": "33,084", "Total Operating Income as Reported": "-49,649", "Total Expenses": "278,381", "Net Income from Continuing & Discontinued Operation": "-44,792", "Normalized Income": "-44,792", "EBIT": "-49,649", "EBITDA": "-", "Reconciled Cost of Revenue": "96,023", "Reconciled Depreciation": "11,631", "Net Income from Continuing Operation Net Minority Interest": "-44,792", "Normalized EBITDA": "-38,018", "Tax Rate for Calcs": "0", "Tax Effect of Unusual Items": "0"}, "1/31/2019": {"Duration": "1/31/2019", "Total Revenue": "227,768", "Cost of Revenue": "89,624", "Gross Profit": "138,144", "Operating Expense": "178,564", "Operating Income": "-40,420", "Other Income Expense": "5,868", "Pretax Income": "-34,552", "Tax Provision": "-4,105", "Net Income Common Stockholders": "-30,447", "Diluted NI Available to Com Stockholders": "-30,447", "Basic EPS": "-0.93", "Diluted EPS": "-0.93", "Basic Average Shares": "32,714", "Diluted Average Shares": "32,714", "Total Operating Income as Reported": "-40,420", "Total Expenses": "268,188", "Net Income from Continuing & Discontinued Operation": "-30,447", "Normalized Income": "-30,447", "EBIT": "-40,420", "EBITDA": "-", "Reconciled Cost of Revenue": "89,624", "Reconciled Depreciation": "7,221", "Net Income from Continuing Operation Net Minority Interest": "-30,447", "Normalized EBITDA": "-33,199", "Tax Rate for Calcs": "0", "Tax Effect of Unusual Items": "0"}}, "bs": {"1/31/2021": {"Duration": "1/31/2021", "Total Assets": "573,280", "Total Liabilities Net Minority Interest": "98,304", "Total Equity Gross Minority Interest": "474,976", "Total Capitalization": "474,976", "Common Stock Equity": "474,976", "Capital Lease Obligations": "10,436", "Net Tangible Assets": "429,672", "Working Capital": "423,337", "Invested Capital": "474,976", "Tangible Book Value": "429,672", "Total Debt": "10,436", "Share Issued": "35,547", "Ordinary Shares Number": "35,547"}, "1/31/2020": {"Duration": "1/31/2020", "Total Assets": "527,276", "Total Liabilities Net Minority Interest": "79,204", "Total Equity Gross Minority Interest": "448,072", "Total Capitalization": "448,072", "Common Stock Equity": "448,072", "Capital Lease Obligations": "10,156", "Net Tangible Assets": "403,645", "Working Capital": "397,737", "Invested Capital": "448,072", "Tangible Book Value": "403,645", "Total Debt": "10,156", "Share Issued": "33,806", "Ordinary Shares Number": "33,806"}, "1/31/2019": {"Duration": "1/31/2019", "Total Assets": "466,853", "Total Liabilities Net Minority Interest": "47,364", "Total Equity Gross Minority Interest": "419,489", "Total Capitalization": "419,489", "Common Stock Equity": "419,489", "Capital Lease Obligations": "-", "Net Tangible Assets": "381,952", "Working Capital": "370,566", "Invested Capital": "419,489", "Tangible Book Value": "381,952", "Total Debt": "-", "Share Issued": "32,304", "Ordinary Shares Number": "32,304"}}, "cf": {"TTM": {"Duration": "TTM", "Operating Cash Flow": "30,800", "Investing Cash Flow": "-31,324", "Financing Cash Flow": "10,396", "End Cash Position": "241,284", "Income Tax Paid Supplemental Data": "1,531", "Capital Expenditure": "-4,942", "Repurchase of Capital Stock": "-1,000", "Free Cash Flow": "25,858"}, "1/31/2021": {"Duration": "1/31/2021", "Operating Cash Flow": "30,800", "Investing Cash Flow": "-31,324", "Financing Cash Flow": "10,396", "End Cash Position": "241,284", "Income Tax Paid Supplemental Data": "1,531", "Capital Expenditure": "-4,942", "Repurchase of Capital Stock": "-1,000", "Free Cash Flow": "25,858"}, "1/31/2020": {"Duration": "1/31/2020", "Operating Cash Flow": "39,414", "Investing Cash Flow": "-8,576", "Financing Cash Flow": "6,516", "End Cash Position": "231,412", "Income Tax Paid Supplemental Data": "1,811", "Capital Expenditure": "-1,821", "Repurchase of Capital Stock": "-", "Free Cash Flow": "37,593"}, "1/31/2019": {"Duration": "1/31/2019", "Operating Cash Flow": "24,472", "Investing Cash Flow": "-79,142", "Financing Cash Flow": "-97,953", "End Cash Position": "194,058", "Income Tax Paid Supplemental Data": "1,409", "Capital Expenditure": "-2,940", "Repurchase of Capital Stock": "-99,904", "Free Cash Flow": "21,532"}}}}, {"ASX": {"quote": {"03/28/2021": {"value": "7.70", "Market Cap": "16.054B", "Beta (5Y Monthly)": "1.32", "PE Ratio (TTM)": "17.26", "EPS (TTM)": "0.45", "Earnings Date": "N/A", "Forward Dividend & Yield": "0.14 (1.77%)", "Ex-Dividend Date": "Aug 13, 2020", "1y Target Est": "8.55"}, "05/07/2021": {"value": "8.19", "Market Cap": "17.342B", "Beta (5Y Monthly)": "1.31", "PE Ratio (TTM)": "15.51", "EPS (TTM)": "0.53", "Earnings Date": "N/A", "Forward Dividend & Yield": "0.14 (1.74%)", "Ex-Dividend Date": "Aug 13, 2020", "1y Target Est": "8.92"}}, "fin": {"TTM": {"Duration": "TTM", "Total Revenue": "499,091,710", "Cost of Revenue": "415,235,442", "Gross Profit": "83,856,268", "Operating Expense": "42,388,962", "Operating Income": "41,467,306", "Net Non Operating Interest Income Expense": "-2,617,728", "Other Income Expense": "3,020,220", "Pretax Income": "41,869,798", "Tax Provision": "8,431,898", "Net Income Common Stockholders": "31,636,580", "Average Dilution Earnings": "-", "Diluted NI Available to Com Stockholders": "31,115,507", "Basic EPS": "-", "Diluted EPS": "-", "Basic Average Shares": "-", "Diluted Average Shares": "-", "Total Operating Income as Reported": "40,381,574", "Total Expenses": "457,624,404", "Net Income from Continuing & Discontinued Operation": "31,636,580", "Normalized Income": "30,234,506", "Interest Income": "-", "Interest Expense": "3,266,025", "Net Interest Income": "-2,617,728", "EBIT": "45,135,823", "EBITDA": "96,753,888", "Reconciled Cost of Revenue": "415,235,442", "Reconciled Depreciation": "51,618,065", "Net Income from Continuing Operation Net Minority Interest": "31,636,580", "Total Unusual Items Excluding Goodwill": "1,755,629", "Total Unusual Items": "1,755,629", "Normalized EBITDA": "94,998,259", "Tax Rate for Calcs": "0", "Tax Effect of Unusual Items": "353,555"}, "12/31/2020": {"Duration": "12/31/2020", "Total Revenue": "476,978,710", "Cost of Revenue": "398,994,442", "Gross Profit": "77,984,268", "Operating Expense": "41,519,962", "Operating Income": "36,464,306", "Net Non Operating Interest Income Expense": "-2,938,728", "Other Income Expense": "2,243,220", "Pretax Income": "35,768,798", "Tax Provision": "7,116,898", "Net Income Common Stockholders": "26,970,580", "Average Dilution Earnings": "-521,073", "Diluted NI Available to Com Stockholders": "26,449,507", "Basic EPS": "12.94", "Diluted EPS": "12.62", "Basic Average Shares": "2,132,380", "Diluted Average Shares": "2,144,317", "Total Operating Income as Reported": "35,378,574", "Total Expenses": "440,514,404", "Net Income from Continuing & Discontinued Operation": "26,970,580", "Normalized Income": "25,810,077", "Interest Income": "520,783", "Interest Expense": "3,587,025", "Net Interest Income": "-2,938,728", "EBIT": "39,355,823", "EBITDA": "-", "Reconciled Cost of Revenue": "398,994,442", "Reconciled Depreciation": "51,259,065", "Net Income from Continuing Operation Net Minority Interest": "26,970,580", "Total Unusual Items Excluding Goodwill": "1,450,629", "Total Unusual Items": "1,450,629", "Normalized EBITDA": "89,164,259", "Tax Rate for Calcs": "0", "Tax Effect of Unusual Items": "290,126"}, "12/31/2019": {"Duration": "12/31/2019", "Total Revenue": "413,182,184", "Cost of Revenue": "348,871,391", "Gross Profit": "64,310,793", "Operating Expense": "39,740,157", "Operating Income": "24,570,636", "Net Non Operating Interest Income Expense": "-3,653,714", "Other Income Expense": "2,362,889", "Pretax Income": "23,279,811", "Tax Provision": "5,011,246", "Net Income Common Stockholders": "17,060,591", "Average Dilution Earnings": "-385,865", "Diluted NI Available to Com Stockholders": "16,674,726", "Basic EPS": "7.92", "Diluted EPS": "7.72", "Basic Average Shares": "2,127,525", "Diluted Average Shares": "2,131,383", "Total Operating Income as Reported": "23,257,849", "Total Expenses": "388,611,548", "Net Income from Continuing & Discontinued Operation": "17,060,591", "Normalized Income": "15,709,143", "Interest Income": "549,681", "Interest Expense": "4,300,283", "Net Interest Income": "-3,653,714", "EBIT": "27,580,094", "EBITDA": "-", "Reconciled Cost of Revenue": "348,871,391", "Reconciled Depreciation": "50,466,841", "Net Income from Continuing Operation Net Minority Interest": "17,060,591", "Total Unusual Items Excluding Goodwill": "1,732,626", "Total Unusual Items": "1,732,626", "Normalized EBITDA": "76,314,309", "Tax Rate for Calcs": "0", "Tax Effect of Unusual Items": "381,178"}, "12/31/2018": {"Duration": "12/31/2018", "Total Revenue": "371,092,421", "Cost of Revenue": "309,929,371", "Gross Profit": "61,163,050", "Operating Expense": "34,154,300", "Operating Income": "27,008,750", "Net Non Operating Interest Income Expense": "-3,568,241", "Other Income Expense": "8,497,169", "Pretax Income": "31,937,678", "Tax Provision": "4,513,369", "Net Income Common Stockholders": "26,220,721", "Average Dilution Earnings": "-418,295", "Diluted NI Available to Com Stockholders": "25,802,426", "Basic EPS": "11.90", "Diluted EPS": "11.68", "Basic Average Shares": "2,122,857", "Diluted Average Shares": "2,125,565", "Total Operating Income as Reported": "27,019,332", "Total Expenses": "344,083,671", "Net Income from Continuing & Discontinued Operation": "26,220,721", "Normalized Income": "25,979,030", "Interest Income": "-", "Interest Expense": "3,597,932", "Net Interest Income": "-3,568,241", "EBIT": "35,535,610", "EBITDA": "-", "Reconciled Cost of Revenue": "309,929,371", "Reconciled Depreciation": "42,688,903", "Net Income from Continuing Operation Net Minority Interest": "26,220,721", "Total Unusual Items Excluding Goodwill": "281,036", "Total Unusual Items": "281,036", "Normalized EBITDA": "77,943,477", "Tax Rate for Calcs": "0", "Tax Effect of Unusual Items": "39,345"}}, "bs": {"12/31/2020": {"Duration": "12/31/2020", "Total Assets": "583,576,894", "Total Liabilities Net Minority Interest": "351,845,734", "Total Equity Gross Minority Interest": "231,731,160", "Total Capitalization": "367,628,088", "Common Stock Equity": "216,115,107", "Capital Lease Obligations": "5,875,830", "Net Tangible Assets": "134,529,000", "Working Capital": "49,420,536", "Invested Capital": "408,168,999", "Tangible Book Value": "134,529,000", "Total Debt": "197,929,722", "Net Debt": "140,515,821", "Share Issued": "4,351,592", "Ordinary Shares Number": "4,278,651", "Treasury Shares Number": "72,941"}, "12/31/2019": {"Duration": "12/31/2019", "Total Assets": "557,223,706", "Total Liabilities Net Minority Interest": "344,421,394", "Total Equity Gross Minority Interest": "212,802,312", "Total Capitalization": "371,665,385", "Common Stock Equity": "199,427,400", "Capital Lease Obligations": "5,808,925", "Net Tangible Assets": "120,204,572", "Working Capital": "47,700,816", "Invested Capital": "414,367,181", "Tangible Book Value": "120,204,572", "Total Debt": "220,748,706", "Net Debt": "154,808,906", "Share Issued": "4,402,825", "Ordinary Shares Number": "4,329,884", "Treasury Shares Number": "72,941"}, "12/31/2018": {"Duration": "12/31/2018", "Total Assets": "534,061,927", "Total Liabilities Net Minority Interest": "315,034,005", "Total Equity Gross Minority Interest": "219,027,922", "Total Capitalization": "345,493,666", "Common Stock Equity": "201,388,435", "Capital Lease Obligations": "-", "Net Tangible Assets": "120,516,289", "Working Capital": "42,926,793", "Invested Capital": "399,536,169", "Tangible Book Value": "120,516,289", "Total Debt": "198,147,734", "Net Debt": "146,629,298", "Share Issued": "4,321,714", "Ordinary Shares Number": "4,248,773", "Treasury Shares Number": "72,941"}}, "cf": {"TTM": {"Duration": "TTM", "Operating Cash Flow": "77,363,638", "Investing Cash Flow": "-61,394,303", "Financing Cash Flow": "-14,866,344", "End Cash Position": "74,931,991", "Capital Expenditure": "-63,626,455", "Issuance of Capital Stock": "-", "Issuance of Debt": "-", "Repayment of Debt": "-", "Repurchase of Capital Stock": "-", "Free Cash Flow": "13,737,183"}, "12/31/2020": {"Duration": "12/31/2020", "Operating Cash Flow": "75,060,638", "Investing Cash Flow": "-60,946,303", "Financing Cash Flow": "-21,995,344", "End Cash Position": "51,538,071", "Capital Expenditure": "-63,178,455", "Issuance of Capital Stock": "-", "Issuance of Debt": "199,987,569", "Repayment of Debt": "-209,117,239", "Repurchase of Capital Stock": "0", "Free Cash Flow": "11,882,183"}, "12/31/2019": {"Duration": "12/31/2019", "Operating Cash Flow": "72,303,250", "Investing Cash Flow": "-54,579,057", "Financing Cash Flow": "-6,498,808", "End Cash Position": "60,130,875", "Capital Expenditure": "-58,509,273", "Issuance of Capital Stock": "0", "Issuance of Debt": "185,036,285", "Repayment of Debt": "-165,249,077", "Repurchase of Capital Stock": "0", "Free Cash Flow": "13,793,977"}, "12/31/2018": {"Duration": "12/31/2018", "Operating Cash Flow": "51,074,691", "Investing Cash Flow": "-129,542,322", "Financing Cash Flow": "83,111,406", "End Cash Position": "51,518,436", "Capital Expenditure": "-41,964,208", "Issuance of Capital Stock": "0", "Issuance of Debt": "222,071,395", "Repayment of Debt": "-120,418,223", "Repurchase of Capital Stock": "-71,302", "Free Cash Flow": "9,110,483"}}}}, {"KLIC": {"quote": {"03/28/2021": {"value": "46.42", "Market Cap": "2.882B", "Beta (5Y Monthly)": "1.18", "PE Ratio (TTM)": "33.44", "EPS (TTM)": "1.39", "Earnings Date": "Apr 27, 2021 - May 03, 2021", "Forward Dividend & Yield": "0.56 (1.26%)", "Ex-Dividend Date": "Mar 24, 2021", "1y Target Est": "59.50"}, "05/07/2021": {"value": "50.69", "Market Cap": "3.009B", "Beta (5Y Monthly)": "N/A", "PE Ratio (TTM)": "21.59", "EPS (TTM)": "2.35", "Earnings Date": "Jul 27, 2021 - Aug 02, 2021", "Forward Dividend & Yield": "0.56 (1.16%)", "Ex-Dividend Date": "Mar 24, 2021", "1y Target Est": "71.20"}}, "fin": {"TTM": {"Duration": "TTM", "Total Revenue": "746,736", "Cost of Revenue": "397,639", "Gross Profit": "349,097", "Operating Expense": "249,960", "Operating Income": "99,137", "Net Non Operating Interest Income Expense": "4,188", "Other Income Expense": "-", "Pretax Income": "103,325", "Tax Provision": "16,163", "Earnings from Equity Interest Net of Tax": "24", "Net Income Common Stockholders": "87,186", "Diluted NI Available to Com Stockholders": "87,186", "Basic EPS": "-", "Diluted EPS": "-", "Basic Average Shares": "-", "Diluted Average Shares": "-", "Total Operating Income as Reported": "99,137", "Total Expenses": "647,599", "Net Income from Continuing & Discontinued Operation": "87,186", "Normalized Income": "87,186", "Interest Income": "5,353", "Interest Expense": "1,165", "Net Interest Income": "4,188", "EBIT": "104,490", "EBITDA": "124,617", "Reconciled Cost of Revenue": "397,639", "Reconciled Depreciation": "20,127", "Net Income from Continuing Operation Net Minority Interest": "87,186", "Total Unusual Items Excluding Goodwill": "-", "Total Unusual Items": "-", "Normalized EBITDA": "124,617", "Tax Rate for Calcs": "0", "Tax Effect of Unusual Items": "0"}, "9/30/2020": {"Duration": "9/30/2020", "Total Revenue": "623,176", "Cost of Revenue": "325,201", "Gross Profit": "297,975", "Operating Expense": "239,466", "Operating Income": "58,509", "Net Non Operating Interest Income Expense": "5,825", "Other Income Expense": "-689", "Pretax Income": "64,334", "Tax Provision": "11,998", "Earnings from Equity Interest Net of Tax": "-36", "Net Income Common Stockholders": "52,300", "Diluted NI Available to Com Stockholders": "52,300", "Basic EPS": "0.83", "Diluted EPS": "0.83", "Basic Average Shares": "62,828", "Diluted Average Shares": "63,359", "Total Operating Income as Reported": "58,509", "Total Expenses": "564,667", "Net Income from Continuing & Discontinued Operation": "52,300", "Normalized Income": "52,300", "Interest Income": "7,541", "Interest Expense": "1,716", "Net Interest Income": "5,825", "EBIT": "66,050", "EBITDA": "-", "Reconciled Cost of Revenue": "325,201", "Reconciled Depreciation": "19,739", "Net Income from Continuing Operation Net Minority Interest": "52,300", "Total Unusual Items Excluding Goodwill": "-689", "Total Unusual Items": "-689", "Normalized EBITDA": "85,789", "Tax Rate for Calcs": "0", "Tax Effect of Unusual Items": "0"}, "9/30/2019": {"Duration": "9/30/2019", "Total Revenue": "540,052", "Cost of Revenue": "285,462", "Gross Profit": "254,590", "Operating Expense": "232,980", "Operating Income": "21,610", "Net Non Operating Interest Income Expense": "13,077", "Other Income Expense": "-1,614", "Pretax Income": "34,687", "Tax Provision": "22,910", "Earnings from Equity Interest Net of Tax": "-124", "Net Income Common Stockholders": "11,653", "Diluted NI Available to Com Stockholders": "11,653", "Basic EPS": "0.18", "Diluted EPS": "0.18", "Basic Average Shares": "65,286", "Diluted Average Shares": "65,948", "Total Operating Income as Reported": "21,610", "Total Expenses": "518,442", "Net Income from Continuing & Discontinued Operation": "11,653", "Normalized Income": "11,653", "Interest Income": "15,132", "Interest Expense": "2,055", "Net Interest Income": "13,077", "EBIT": "36,742", "EBITDA": "-", "Reconciled Cost of Revenue": "285,462", "Reconciled Depreciation": "20,304", "Net Income from Continuing Operation Net Minority Interest": "11,653", "Total Unusual Items Excluding Goodwill": "0", "Total Unusual Items": "0", "Normalized EBITDA": "57,046", "Tax Rate for Calcs": "0", "Tax Effect of Unusual Items": "0"}, "9/30/2018": {"Duration": "9/30/2018", "Total Revenue": "889,121", "Cost of Revenue": "479,680", "Gross Profit": "409,441", "Operating Expense": "242,809", "Operating Income": "166,632", "Net Non Operating Interest Income Expense": "10,917", "Other Income Expense": "-2,024", "Pretax Income": "177,549", "Tax Provision": "120,744", "Earnings from Equity Interest Net of Tax": "-129", "Net Income Common Stockholders": "56,676", "Diluted NI Available to Com Stockholders": "56,676", "Basic EPS": "0.82", "Diluted EPS": "0.80", "Basic Average Shares": "69,380", "Diluted Average Shares": "70,419", "Total Operating Income as Reported": "166,632", "Total Expenses": "722,489", "Net Income from Continuing & Discontinued Operation": "56,676", "Normalized Income": "56,676", "Interest Income": "11,971", "Interest Expense": "1,054", "Net Interest Income": "10,917", "EBIT": "178,603", "EBITDA": "-", "Reconciled Cost of Revenue": "479,680", "Reconciled Depreciation": "19,015", "Net Income from Continuing Operation Net Minority Interest": "56,676", "Total Unusual Items Excluding Goodwill": "0", "Total Unusual Items": "0", "Normalized EBITDA": "197,618", "Tax Rate for Calcs": "0", "Tax Effect of Unusual Items": "0"}}, "bs": {"9/30/2020": {"Duration": "9/30/2020", "Total Assets": "1,054,566", "Total Liabilities Net Minority Interest": "296,572", "Total Equity Gross Minority Interest": "757,994", "Total Capitalization": "757,994", "Common Stock Equity": "757,994", "Capital Lease Obligations": "24,228", "Net Tangible Assets": "663,327", "Working Capital": "702,303", "Invested Capital": "757,994", "Tangible Book Value": "663,327", "Total Debt": "24,228", "Share Issued": "85,364", "Ordinary Shares Number": "61,558", "Treasury Shares Number": "23,806"}, "9/30/2019": {"Duration": "9/30/2019", "Total Assets": "1,079,616", "Total Liabilities Net Minority Interest": "310,553", "Total Equity Gross Minority Interest": "769,063", "Total Capitalization": "769,063", "Common Stock Equity": "769,063", "Capital Lease Obligations": "14,207", "Net Tangible Assets": "670,721", "Working Capital": "719,109", "Invested Capital": "829,967", "Tangible Book Value": "670,721", "Total Debt": "75,111", "Share Issued": "85,364", "Ordinary Shares Number": "63,172", "Treasury Shares Number": "22,192"}, "9/30/2018": {"Duration": "9/30/2018", "Total Assets": "1,185,740", "Total Liabilities Net Minority Interest": "305,533", "Total Equity Gross Minority Interest": "880,207", "Total Capitalization": "880,207", "Common Stock Equity": "880,207", "Capital Lease Obligations": "15,187", "Net Tangible Assets": "770,786", "Working Capital": "813,197", "Invested Capital": "880,207", "Tangible Book Value": "770,786", "Total Debt": "15,187", "Share Issued": "84,659", "Ordinary Shares Number": "67,143", "Treasury Shares Number": "17,516"}}, "cf": {"TTM": {"Duration": "TTM", "Operating Cash Flow": "128,019", "Investing Cash Flow": "-232,220", "Financing Cash Flow": "-157,168", "End Cash Position": "236,005", "Income Tax Paid Supplemental Data": "18,311", "Interest Paid Supplemental Data": "1,743", "Capital Expenditure": "-14,391", "Issuance of Debt": "71,176", "Repayment of Debt": "-147,333", "Repurchase of Capital Stock": "-50,961", "Free Cash Flow": "113,628"}, "9/30/2020": {"Duration": "9/30/2020", "Operating Cash Flow": "94,412", "Investing Cash Flow": "-125,957", "Financing Cash Flow": "-145,809", "End Cash Position": "188,127", "Income Tax Paid Supplemental Data": "13,271", "Interest Paid Supplemental Data": "1,716", "Capital Expenditure": "-11,719", "Issuance of Debt": "86,239", "Repayment of Debt": "-147,266", "Repurchase of Capital Stock": "-54,549", "Free Cash Flow": "82,693"}, "9/30/2019": {"Duration": "9/30/2019", "Operating Cash Flow": "65,967", "Investing Cash Flow": "47,468", "Financing Cash Flow": "-71,318", "End Cash Position": "364,184", "Income Tax Paid Supplemental Data": "22,073", "Interest Paid Supplemental Data": "1,634", "Capital Expenditure": "-11,742", "Issuance of Debt": "90,904", "Repayment of Debt": "-30,773", "Repurchase of Capital Stock": "-99,897", "Free Cash Flow": "54,225"}, "9/30/2018": {"Duration": "9/30/2018", "Operating Cash Flow": "123,499", "Investing Cash Flow": "-96,871", "Financing Cash Flow": "-99,135", "End Cash Position": "321,148", "Income Tax Paid Supplemental Data": "13,179", "Interest Paid Supplemental Data": "1,054", "Capital Expenditure": "-20,496", "Issuance of Debt": "-", "Repayment of Debt": "-704", "Repurchase of Capital Stock": "-90,310", "Free Cash Flow": "103,003"}}}}, {"ACLS": {"quote": {"03/28/2021": {"value": "39.19", "Market Cap": "1.324B", "Beta (5Y Monthly)": "1.42", "PE Ratio (TTM)": "26.84", "EPS (TTM)": "1.46", "Earnings Date": "May 03, 2021 - May 07, 2021", "Forward Dividend & Yield": "N/A (N/A)", "Ex-Dividend Date": "N/A", "1y Target Est": "48.50"}, "05/07/2021": {"value": "41.02", "Market Cap": "1.382B", "Beta (5Y Monthly)": "1.40", "PE Ratio (TTM)": "25.46", "EPS (TTM)": "1.61", "Earnings Date": "Aug 02, 2021 - Aug 06, 2021", "Forward Dividend & Yield": "N/A (N/A)", "Ex-Dividend Date": "N/A", "1y Target Est": "51.83"}}, "fin": {"TTM": {"Duration": "TTM", "Total Revenue": "488,345", "Cost of Revenue": "278,875", "Gross Profit": "209,470", "Operating Expense": "144,782", "Operating Income": "64,688", "Net Non Operating Interest Income Expense": "-4,648", "Other Income Expense": "1,785", "Pretax Income": "61,825", "Tax Provision": "6,584", "Net Income Common Stockholders": "55,241", "Diluted NI Available to Com Stockholders": "55,241", "Basic EPS": "-", "Diluted EPS": "-", "Basic Average Shares": "-", "Diluted Average Shares": "-", "Total Operating Income as Reported": "64,688", "Total Expenses": "423,657", "Net Income from Continuing & Discontinued Operation": "55,241", "Normalized Income": "55,241", "Interest Income": "289", "Interest Expense": "4,937", "Net Interest Income": "-4,648", "EBIT": "66,762", "EBITDA": "66,762", "Reconciled Cost of Revenue": "278,875", "Reconciled Depreciation": "-", "Net Income from Continuing Operation Net Minority Interest": "55,241", "Total Unusual Items Excluding Goodwill": "-", "Total Unusual Items": "-", "Normalized EBITDA": "66,762", "Tax Rate for Calcs": "0", "Tax Effect of Unusual Items": "0"}, "12/31/2020": {"Duration": "12/31/2020", "Total Revenue": "474,560", "Cost of Revenue": "275,976", "Gross Profit": "198,584", "Operating Expense": "140,543", "Operating Income": "58,041", "Net Non Operating Interest Income Expense": "-4,473", "Other Income Expense": "2,318", "Pretax Income": "55,886", "Tax Provision": "5,904", "Net Income Common Stockholders": "49,982", "Diluted NI Available to Com Stockholders": "49,982", "Basic EPS": "-", "Diluted EPS": "-", "Basic Average Shares": "-", "Diluted Average Shares": "-", "Total Operating Income as Reported": "58,041", "Total Expenses": "416,519", "Net Income from Continuing & Discontinued Operation": "49,982", "Normalized Income": "49,982", "Interest Income": "738", "Interest Expense": "5,211", "Net Interest Income": "-4,473", "EBIT": "61,097", "EBITDA": "-", "Reconciled Cost of Revenue": "275,976", "Reconciled Depreciation": "9,939", "Net Income from Continuing Operation Net Minority Interest": "49,982", "Total Unusual Items Excluding Goodwill": "-", "Total Unusual Items": "-", "Normalized EBITDA": "71,036", "Tax Rate for Calcs": "0", "Tax Effect of Unusual Items": "0"}, "12/31/2019": {"Duration": "12/31/2019", "Total Revenue": "342,958", "Cost of Revenue": "198,806", "Gross Profit": "144,152", "Operating Expense": "119,947", "Operating Income": "24,205", "Net Non Operating Interest Income Expense": "-2,200", "Other Income Expense": "-1,083", "Pretax Income": "20,922", "Tax Provision": "3,888", "Net Income Common Stockholders": "17,034", "Diluted NI Available to Com Stockholders": "17,034", "Basic EPS": "0.52", "Diluted EPS": "0.50", "Basic Average Shares": "32,559", "Diluted Average Shares": "33,828", "Total Operating Income as Reported": "24,205", "Total Expenses": "318,753", "Net Income from Continuing & Discontinued Operation": "17,034", "Normalized Income": "17,034", "Interest Income": "2,955", "Interest Expense": "5,155", "Net Interest Income": "-2,200", "EBIT": "26,077", "EBITDA": "-", "Reconciled Cost of Revenue": "198,806", "Reconciled Depreciation": "7,880", "Net Income from Continuing Operation Net Minority Interest": "17,034", "Total Unusual Items Excluding Goodwill": "-", "Total Unusual Items": "-", "Normalized EBITDA": "33,957", "Tax Rate for Calcs": "0", "Tax Effect of Unusual Items": "0"}, "12/31/2018": {"Duration": "12/31/2018", "Total Revenue": "442,575", "Cost of Revenue": "262,939", "Gross Profit": "179,636", "Operating Expense": "119,677", "Operating Income": "59,959", "Net Non Operating Interest Income Expense": "-2,782", "Other Income Expense": "-2,472", "Pretax Income": "54,705", "Tax Provision": "8,820", "Net Income Common Stockholders": "45,885", "Diluted NI Available to Com Stockholders": "45,885", "Basic EPS": "1.42", "Diluted EPS": "1.35", "Basic Average Shares": "32,286", "Diluted Average Shares": "34,002", "Total Operating Income as Reported": "59,959", "Total Expenses": "382,616", "Net Income from Continuing & Discontinued Operation": "45,885", "Normalized Income": "45,885", "Interest Income": "2,328", "Interest Expense": "5,110", "Net Interest Income": "-2,782", "EBIT": "59,815", "EBITDA": "-", "Reconciled Cost of Revenue": "262,939", "Reconciled Depreciation": "5,772", "Net Income from Continuing Operation Net Minority Interest": "45,885", "Total Unusual Items Excluding Goodwill": "0", "Total Unusual Items": "0", "Normalized EBITDA": "65,587", "Tax Rate for Calcs": "0", "Tax Effect of Unusual Items": "0"}}, "bs": {"12/31/2020": {"Duration": "12/31/2020", "Total Assets": "624,624", "Total Liabilities Net Minority Interest": "143,022", "Total Equity Gross Minority Interest": "481,602", "Total Capitalization": "481,602", "Common Stock Equity": "481,602", "Capital Lease Obligations": "48,149", "Net Tangible Assets": "481,602", "Working Capital": "386,360", "Invested Capital": "481,602", "Tangible Book Value": "481,602", "Total Debt": "48,149", "Share Issued": "33,633", "Ordinary Shares Number": "33,633"}, "12/31/2019": {"Duration": "12/31/2019", "Total Assets": "548,094", "Total Liabilities Net Minority Interest": "128,667", "Total Equity Gross Minority Interest": "419,427", "Total Capitalization": "419,427", "Common Stock Equity": "419,427", "Capital Lease Obligations": "48,548", "Net Tangible Assets": "419,427", "Working Capital": "307,015", "Invested Capital": "419,427", "Tangible Book Value": "419,427", "Total Debt": "48,548", "Share Issued": "32,585", "Ordinary Shares Number": "32,585"}, "12/31/2018": {"Duration": "12/31/2018", "Total Assets": "548,441", "Total Liabilities Net Minority Interest": "140,104", "Total Equity Gross Minority Interest": "408,337", "Total Capitalization": "408,337", "Common Stock Equity": "408,337", "Capital Lease Obligations": "47,757", "Net Tangible Assets": "408,337", "Working Capital": "311,774", "Invested Capital": "408,337", "Tangible Book Value": "408,337", "Total Debt": "47,757", "Share Issued": "32,558", "Ordinary Shares Number": "32,558"}}, "cf": {"TTM": {"Duration": "TTM", "Operating Cash Flow": "-", "Investing Cash Flow": "-", "Financing Cash Flow": "-", "End Cash Position": "-", "Income Tax Paid Supplemental Data": "-", "Interest Paid Supplemental Data": "-", "Capital Expenditure": "-", "Repayment of Debt": "-", "Repurchase of Capital Stock": "-", "Free Cash Flow": "-"}, "12/31/2020": {"Duration": "12/31/2020", "Operating Cash Flow": "69,703", "Investing Cash Flow": "-7,266", "Financing Cash Flow": "-2,387", "End Cash Position": "204,232", "Income Tax Paid Supplemental Data": "876", "Interest Paid Supplemental Data": "5,156", "Capital Expenditure": "-7,434", "Repayment of Debt": "-399", "Repurchase of Capital Stock": "-7,501", "Free Cash Flow": "62,269"}, "12/31/2019": {"Duration": "12/31/2019", "Operating Cash Flow": "-13,594", "Investing Cash Flow": "-11,969", "Financing Cash Flow": "-13,408", "End Cash Position": "146,534", "Income Tax Paid Supplemental Data": "1,028", "Interest Paid Supplemental Data": "5,207", "Capital Expenditure": "-11,969", "Repayment of Debt": "-", "Repurchase of Capital Stock": "-17,744", "Free Cash Flow": "-25,563"}, "12/31/2018": {"Duration": "12/31/2018", "Operating Cash Flow": "46,965", "Investing Cash Flow": "-4,715", "Financing Cash Flow": "1,186", "End Cash Position": "184,902", "Income Tax Paid Supplemental Data": "858", "Interest Paid Supplemental Data": "5,470", "Capital Expenditure": "-4,715", "Repayment of Debt": "-", "Repurchase of Capital Stock": "-", "Free Cash Flow": "42,250"}}}}, {"AEHR": {"quote": {"03/28/2021": {"value": "2.4200", "Market Cap": "56.849M", "Beta (5Y Monthly)": "1.23", "PE Ratio (TTM)": "N/A", "EPS (TTM)": "-0.1940", "Earnings Date": "Mar 31, 2021 - Apr 05, 2021", "Forward Dividend & Yield": "N/A (N/A)", "Ex-Dividend Date": "N/A", "1y Target Est": "N/A"}, "05/07/2021": {"value": "2.2900", "Market Cap": "54.039M", "Beta (5Y Monthly)": "1.20", "PE Ratio (TTM)": "N/A", "EPS (TTM)": "-0.2350", "Earnings Date": "Jul 14, 2021 - Jul 19, 2021", "Forward Dividend & Yield": "N/A (N/A)", "Ex-Dividend Date": "N/A", "1y Target Est": "N/A"}}, "fin": {"TTM": {"Duration": "TTM", "Total Revenue": "12,735", "Cost of Revenue": "10,330", "Gross Profit": "2,405", "Operating Expense": "9,809", "Operating Income": "-7,404", "Net Non Operating Interest Income Expense": "-52", "Other Income Expense": "1,810", "Pretax Income": "-5,646", "Tax Provision": "-167", "Net Income Common Stockholders": "-5,479", "Diluted NI Available to Com Stockholders": "-5,479", "Basic EPS": "-", "Diluted EPS": "-", "Basic Average Shares": "-", "Diluted Average Shares": "-", "Total Operating Income as Reported": "-7,624", "Total Expenses": "20,139", "Net Income from Continuing & Discontinued Operation": "-5,479", "Normalized Income": "-5,479", "Interest Expense": "-", "Net Interest Income": "-52", "EBIT": "-7,404", "EBITDA": "-7,079", "Reconciled Cost of Revenue": "10,330", "Reconciled Depreciation": "325", "Net Income from Continuing Operation Net Minority Interest": "-5,479", "Total Unusual Items Excluding Goodwill": "1,966", "Total Unusual Items": "1,966", "Normalized EBITDA": "-7,079", "Tax Rate for Calcs": "0", "Tax Effect of Unusual Items": "0"}, "5/31/2020": {"Duration": "5/31/2020", "Total Revenue": "22,291", "Cost of Revenue": "13,920", "Gross Profit": "8,371", "Operating Expense": "10,916", "Operating Income": "-2,545", "Net Non Operating Interest Income Expense": "10", "Other Income Expense": "-231", "Pretax Income": "-2,766", "Tax Provision": "36", "Net Income Common Stockholders": "-2,802", "Diluted NI Available to Com Stockholders": "-2,802", "Basic EPS": "-0.12", "Diluted EPS": "-0.12", "Basic Average Shares": "22,882", "Diluted Average Shares": "22,882", "Total Operating Income as Reported": "-2,765", "Total Expenses": "24,836", "Net Income from Continuing & Discontinued Operation": "-2,802", "Normalized Income": "-2,633", "Interest Expense": "-", "Net Interest Income": "10", "EBIT": "-2,545", "EBITDA": "-", "Reconciled Cost of Revenue": "13,920", "Reconciled Depreciation": "384", "Net Income from Continuing Operation Net Minority Interest": "-2,802", "Total Unusual Items Excluding Goodwill": "-232", "Total Unusual Items": "-232", "Normalized EBITDA": "-1,929", "Tax Rate for Calcs": "0", "Tax Effect of Unusual Items": "-62.64"}, "5/31/2019": {"Duration": "5/31/2019", "Total Revenue": "21,056", "Cost of Revenue": "13,454", "Gross Profit": "7,602", "Operating Expense": "11,877", "Operating Income": "-4,275", "Net Non Operating Interest Income Expense": "-252", "Other Income Expense": "-681", "Pretax Income": "-5,208", "Tax Provision": "27", "Net Income Common Stockholders": "-5,235", "Diluted NI Available to Com Stockholders": "-5,235", "Basic EPS": "-0.23", "Diluted EPS": "-0.23", "Basic Average Shares": "22,387", "Diluted Average Shares": "22,387", "Total Operating Income as Reported": "-5,000", "Total Expenses": "25,331", "Net Income from Continuing & Discontinued Operation": "-5,235", "Normalized Income": "-4,556", "Interest Expense": "252", "Net Interest Income": "-252", "EBIT": "-4,956", "EBITDA": "-", "Reconciled Cost of Revenue": "13,454", "Reconciled Depreciation": "431", "Net Income from Continuing Operation Net Minority Interest": "-5,235", "Total Unusual Items Excluding Goodwill": "-682", "Total Unusual Items": "-682", "Normalized EBITDA": "-3,843", "Tax Rate for Calcs": "0", "Tax Effect of Unusual Items": "-3.41"}, "5/31/2018": {"Duration": "5/31/2018", "Total Revenue": "29,555", "Cost of Revenue": "17,169", "Gross Profit": "12,386", "Operating Expense": "11,471", "Operating Income": "915", "Net Non Operating Interest Income Expense": "-399", "Other Income Expense": "-61", "Pretax Income": "455", "Tax Provision": "-73", "Net Income Common Stockholders": "528", "Diluted NI Available to Com Stockholders": "528", "Basic EPS": "0.02", "Diluted EPS": "0.02", "Basic Average Shares": "21,732", "Diluted Average Shares": "22,782", "Total Operating Income as Reported": "915", "Total Expenses": "28,640", "Net Income from Continuing & Discontinued Operation": "528", "Normalized Income": "528", "Interest Expense": "399", "Net Interest Income": "-399", "EBIT": "854", "EBITDA": "-", "Reconciled Cost of Revenue": "17,169", "Reconciled Depreciation": "417", "Net Income from Continuing Operation Net Minority Interest": "528", "Total Unusual Items Excluding Goodwill": "-", "Total Unusual Items": "-", "Normalized EBITDA": "1,271", "Tax Rate for Calcs": "0", "Tax Effect of Unusual Items": "0"}}, "bs": {"5/31/2020": {"Duration": "5/31/2020", "Total Assets": "20,574", "Total Liabilities Net Minority Interest": "6,518", "Total Equity Gross Minority Interest": "14,056", "Total Capitalization": "15,103", "Common Stock Equity": "14,077", "Capital Lease Obligations": "2,263", "Net Tangible Assets": "14,077", "Working Capital": "13,786", "Invested Capital": "15,756", "Tangible Book Value": "14,077", "Total Debt": "3,942", "Share Issued": "23,107", "Ordinary Shares Number": "23,107"}, "5/31/2019": {"Duration": "5/31/2019", "Total Assets": "21,307", "Total Liabilities Net Minority Interest": "5,854", "Total Equity Gross Minority Interest": "15,453", "Total Capitalization": "15,472", "Common Stock Equity": "15,472", "Capital Lease Obligations": "-", "Net Tangible Assets": "15,472", "Working Capital": "14,522", "Invested Capital": "15,472", "Tangible Book Value": "15,472", "Total Debt": "-", "Share Issued": "22,669", "Ordinary Shares Number": "22,669"}, "5/31/2018": {"Duration": "5/31/2018", "Total Assets": "30,955", "Total Liabilities Net Minority Interest": "11,670", "Total Equity Gross Minority Interest": "19,285", "Total Capitalization": "19,305", "Common Stock Equity": "19,305", "Capital Lease Obligations": "-", "Net Tangible Assets": "19,305", "Working Capital": "18,308", "Invested Capital": "25,415", "Tangible Book Value": "19,305", "Total Debt": "6,110", "Share Issued": "22,143", "Ordinary Shares Number": "22,143"}}, "cf": {"TTM": {"Duration": "TTM", "Operating Cash Flow": "-3,895", "Investing Cash Flow": "-219", "Financing Cash Flow": "3,632", "End Cash Position": "4,656", "Income Tax Paid Supplemental Data": "-", "Interest Paid Supplemental Data": "-", "Capital Expenditure": "-217", "Issuance of Capital Stock": "-", "Issuance of Debt": "-", "Repayment of Debt": "-", "Repurchase of Capital Stock": "-", "Free Cash Flow": "-4,112"}, "5/31/2020": {"Duration": "5/31/2020", "Operating Cash Flow": "-2,024", "Investing Cash Flow": "-163", "Financing Cash Flow": "2,172", "End Cash Position": "5,513", "Income Tax Paid Supplemental Data": "42", "Interest Paid Supplemental Data": "0", "Capital Expenditure": "-163", "Issuance of Capital Stock": "-", "Issuance of Debt": "1,679", "Repayment of Debt": "0", "Repurchase of Capital Stock": "-10", "Free Cash Flow": "-2,187"}, "5/31/2019": {"Duration": "5/31/2019", "Operating Cash Flow": "-5,637", "Investing Cash Flow": "-173", "Financing Cash Flow": "-5,551", "End Cash Position": "5,428", "Income Tax Paid Supplemental Data": "37", "Interest Paid Supplemental Data": "610", "Capital Expenditure": "-173", "Issuance of Capital Stock": "559", "Issuance of Debt": "-", "Repayment of Debt": "-6,110", "Repurchase of Capital Stock": "-", "Free Cash Flow": "-5,810"}, "5/31/2018": {"Duration": "5/31/2018", "Operating Cash Flow": "-1,351", "Investing Cash Flow": "-572", "Financing Cash Flow": "925", "End Cash Position": "16,848", "Income Tax Paid Supplemental Data": "37", "Interest Paid Supplemental Data": "550", "Capital Expenditure": "-572", "Issuance of Capital Stock": "925", "Issuance of Debt": "-", "Repayment of Debt": "-", "Repurchase of Capital Stock": "-", "Free Cash Flow": "-1,923"}}}}, {"BRKS": {"quote": {"03/28/2021": {"value": "81.96", "Market Cap": "6.083B", "Beta (5Y Monthly)": "1.93", "PE Ratio (TTM)": "78.36", "EPS (TTM)": "1.05", "Earnings Date": "Apr 28, 2021 - May 03, 2021", "Forward Dividend & Yield": "0.40 (0.49%)", "Ex-Dividend Date": "Mar 04, 2021", "1y Target Est": "96.33"}, "05/07/2021": {"value": "99.17", "Market Cap": "7.36B", "Beta (5Y Monthly)": "1.97", "PE Ratio (TTM)": "94.81", "EPS (TTM)": "1.05", "Earnings Date": "May 10, 2021", "Forward Dividend & Yield": "0.40 (0.42%)", "Ex-Dividend Date": "Mar 04, 2021", "1y Target Est": "101.33"}}, "fin": {"TTM": {"Duration": "TTM", "Total Revenue": "936,276", "Cost of Revenue": "528,110", "Gross Profit": "408,166", "Operating Expense": "308,569", "Operating Income": "99,597", "Net Non Operating Interest Income Expense": "-2,537", "Other Income Expense": "-522", "Pretax Income": "96,538", "Tax Provision": "17,670", "Earnings from Equity Interest Net of Tax": "-", "Net Income Common Stockholders": "77,824", "Diluted NI Available to Com Stockholders": "77,824", "Basic EPS": "-", "Diluted EPS": "-", "Basic Average Shares": "-", "Diluted Average Shares": "-", "Total Operating Income as Reported": "98,720", "Total Expenses": "836,679", "Net Income from Continuing & Discontinued Operation": "77,824", "Normalized Income": "79,584", "Interest Income": "226", "Interest Expense": "2,763", "Net Interest Income": "-2,537", "EBIT": "99,301", "EBITDA": "164,066", "Reconciled Cost of Revenue": "528,110", "Reconciled Depreciation": "64,765", "Net Income from Continuing Operation Net Minority Interest": "78,868", "Total Unusual Items Excluding Goodwill": "-877", "Total Unusual Items": "-877", "Normalized EBITDA": "164,943", "Tax Rate for Calcs": "0", "Tax Effect of Unusual Items": "-160.5232"}, "9/30/2020": {"Duration": "9/30/2020", "Total Revenue": "897,273", "Cost of Revenue": "517,249", "Gross Profit": "380,024", "Operating Expense": "300,200", "Operating Income": "79,824", "Net Non Operating Interest Income Expense": "-2,095", "Other Income Expense": "-2,757", "Pretax Income": "74,972", "Tax Provision": "9,937", "Earnings from Equity Interest Net of Tax": "-", "Net Income Common Stockholders": "64,853", "Diluted NI Available to Com Stockholders": "64,853", "Basic EPS": "0.88", "Diluted EPS": "0.88", "Basic Average Shares": "73,557", "Diluted Average Shares": "73,850", "Total Operating Income as Reported": "78,458", "Total Expenses": "817,449", "Net Income from Continuing & Discontinued Operation": "64,853", "Normalized Income": "66,220", "Interest Income": "849", "Interest Expense": "2,944", "Net Interest Income": "-2,095", "EBIT": "77,916", "EBITDA": "-", "Reconciled Cost of Revenue": "517,249", "Reconciled Depreciation": "65,496", "Net Income from Continuing Operation Net Minority Interest": "65,035", "Total Unusual Items Excluding Goodwill": "-1,366", "Total Unusual Items": "-1,366", "Normalized EBITDA": "144,778", "Tax Rate for Calcs": "0", "Tax Effect of Unusual Items": "-181.0535"}, "9/30/2019": {"Duration": "9/30/2019", "Total Revenue": "780,848", "Cost of Revenue": "464,588", "Gross Profit": "316,260", "Operating Expense": "268,328", "Operating Income": "47,932", "Net Non Operating Interest Income Expense": "-20,801", "Other Income Expense": "-17,688", "Pretax Income": "9,443", "Tax Provision": "-111", "Earnings from Equity Interest Net of Tax": "-", "Net Income Common Stockholders": "437,416", "Diluted NI Available to Com Stockholders": "437,416", "Basic EPS": "6.08", "Diluted EPS": "6.05", "Basic Average Shares": "71,992", "Diluted Average Shares": "72,386", "Total Operating Income as Reported": "46,038", "Total Expenses": "732,916", "Net Income from Continuing & Discontinued Operation": "437,416", "Normalized Income": "21,404", "Interest Income": "1,449", "Interest Expense": "22,250", "Net Interest Income": "-20,801", "EBIT": "31,693", "EBITDA": "-", "Reconciled Cost of Revenue": "464,588", "Reconciled Depreciation": "54,454", "Net Income from Continuing Operation Net Minority Interest": "9,554", "Total Unusual Items Excluding Goodwill": "-16,233", "Total Unusual Items": "-16,233", "Normalized EBITDA": "102,380", "Tax Rate for Calcs": "0", "Tax Effect of Unusual Items": "-4,383"}, "9/30/2018": {"Duration": "9/30/2018", "Total Revenue": "631,560", "Cost of Revenue": "385,479", "Gross Profit": "246,081", "Operating Expense": "213,958", "Operating Income": "32,123", "Net Non Operating Interest Income Expense": "-7,639", "Other Income Expense": "-4,018", "Pretax Income": "20,466", "Tax Provision": "-47,251", "Earnings from Equity Interest Net of Tax": "0", "Net Income Common Stockholders": "116,575", "Diluted NI Available to Com Stockholders": "116,575", "Basic EPS": "1.65", "Diluted EPS": "1.64", "Basic Average Shares": "70,489", "Diluted Average Shares": "70,937", "Total Operating Income as Reported": "31,409", "Total Expenses": "599,437", "Net Income from Continuing & Discontinued Operation": "116,575", "Normalized Income": "68,349", "Interest Income": "1,881", "Interest Expense": "9,520", "Net Interest Income": "-7,639", "EBIT": "29,986", "EBITDA": "-", "Reconciled Cost of Revenue": "385,479", "Reconciled Depreciation": "37,429", "Net Income from Continuing Operation Net Minority Interest": "67,828", "Total Unusual Items Excluding Goodwill": "-714", "Total Unusual Items": "-714", "Normalized EBITDA": "68,129", "Tax Rate for Calcs": "0", "Tax Effect of Unusual Items": "-192.78"}}, "bs": {"9/30/2020": {"Duration": "9/30/2020", "Total Assets": "1,559,125", "Total Liabilities Net Minority Interest": "345,511", "Total Equity Gross Minority Interest": "1,213,614", "Total Capitalization": "1,263,202", "Common Stock Equity": "1,213,614", "Capital Lease Obligations": "31,855", "Net Tangible Assets": "493,753", "Working Capital": "438,335", "Invested Capital": "1,264,029", "Tangible Book Value": "493,753", "Total Debt": "82,270", "Share Issued": "87,294", "Ordinary Shares Number": "73,832", "Treasury Shares Number": "13,462"}, "9/30/2019": {"Duration": "9/30/2019", "Total Assets": "1,515,999", "Total Liabilities Net Minority Interest": "377,045", "Total Equity Gross Minority Interest": "1,138,954", "Total Capitalization": "1,189,269", "Common Stock Equity": "1,138,954", "Capital Lease Obligations": "-", "Net Tangible Assets": "399,184", "Working Capital": "374,875", "Invested Capital": "1,190,098", "Tangible Book Value": "399,184", "Total Debt": "51,144", "Share Issued": "85,760", "Ordinary Shares Number": "72,298", "Treasury Shares Number": "13,462"}, "9/30/2018": {"Duration": "9/30/2018", "Total Assets": "1,095,257", "Total Liabilities Net Minority Interest": "377,425", "Total Equity Gross Minority Interest": "717,832", "Total Capitalization": "911,903", "Common Stock Equity": "717,832", "Capital Lease Obligations": "-", "Net Tangible Assets": "362,000", "Working Capital": "399,439", "Invested Capital": "913,903", "Tangible Book Value": "362,000", "Total Debt": "196,071", "Share Issued": "84,164", "Ordinary Shares Number": "70,702", "Treasury Shares Number": "13,462"}}, "cf": {"TTM": {"Duration": "TTM", "Operating Cash Flow": "55,853", "Investing Cash Flow": "-66,262", "Financing Cash Flow": "-27,078", "End Cash Position": "301,361", "Income Tax Paid Supplemental Data": "-", "Interest Paid Supplemental Data": "-", "Capital Expenditure": "-45,537", "Issuance of Capital Stock": "4,204", "Issuance of Debt": "-", "Repayment of Debt": "-2,105", "Free Cash Flow": "10,316"}, "9/30/2020": {"Duration": "9/30/2020", "Operating Cash Flow": "37,866", "Investing Cash Flow": "-22,742", "Financing Cash Flow": "-27,023", "End Cash Position": "302,526", "Income Tax Paid Supplemental Data": "102,010", "Interest Paid Supplemental Data": "2,159", "Capital Expenditure": "-39,924", "Issuance of Capital Stock": "4,595", "Issuance of Debt": "0", "Repayment of Debt": "-2,105", "Free Cash Flow": "-2,058"}, "9/30/2019": {"Duration": "9/30/2019", "Operating Cash Flow": "90,898", "Investing Cash Flow": "211,312", "Financing Cash Flow": "-191,161", "End Cash Position": "305,171", "Income Tax Paid Supplemental Data": "16,990", "Interest Paid Supplemental Data": "20,799", "Capital Expenditure": "-23,861", "Issuance of Capital Stock": "3,422", "Issuance of Debt": "686,386", "Repayment of Debt": "-851,387", "Free Cash Flow": "67,037"}, "9/30/2018": {"Duration": "9/30/2018", "Operating Cash Flow": "73,964", "Investing Cash Flow": "-148,468", "Financing Cash Flow": "170,277", "End Cash Position": "197,708", "Income Tax Paid Supplemental Data": "21,051", "Interest Paid Supplemental Data": "6,537", "Capital Expenditure": "-12,787", "Issuance of Capital Stock": "2,826", "Issuance of Debt": "197,554", "Repayment of Debt": "-1,500", "Free Cash Flow": "61,177"}}}}, {"ASYS": {"quote": {"03/28/2021": {"value": "11.83", "Market Cap": "167.289M", "Beta (5Y Monthly)": "1.65", "PE Ratio (TTM)": "N/A", "EPS (TTM)": "-0.93", "Earnings Date": "Feb 11, 2021", "Forward Dividend & Yield": "N/A (N/A)", "Ex-Dividend Date": "N/A", "1y Target Est": "15.00"}, "05/07/2021": {"value": "9.84", "Market Cap": "139.148M", "Beta (5Y Monthly)": "1.54", "PE Ratio (TTM)": "N/A", "EPS (TTM)": "-0.93", "Earnings Date": "Aug 04, 2021 - Aug 09, 2021", "Forward Dividend & Yield": "N/A (N/A)", "Ex-Dividend Date": "N/A", "1y Target Est": "15.00"}}, "fin": {"TTM": {"Duration": "TTM", "Total Revenue": "62,746", "Cost of Revenue": "38,967", "Gross Profit": "23,779", "Operating Expense": "24,630", "Operating Income": "-851", "Net Non Operating Interest Income Expense": "-23", "Other Income Expense": "-", "Pretax Income": "-1,091", "Tax Provision": "830", "Net Income Common Stockholders": "-13,072", "Diluted NI Available to Com Stockholders": "-13,072", "Basic EPS": "-", "Diluted EPS": "-", "Basic Average Shares": "-", "Diluted Average Shares": "-", "Total Operating Income as Reported": "-1,068", "Total Expenses": "63,597", "Net Income from Continuing & Discontinued Operation": "-13,072", "Normalized Income": "-1,763", "Interest Income": "-", "Net Interest Income": "-23", "EBIT": "1,942", "EBITDA": "3,119", "Reconciled Cost of Revenue": "38,967", "Reconciled Depreciation": "1,177", "Net Income from Continuing Operation Net Minority Interest": "-1,921", "Total Unusual Items Excluding Goodwill": "-217", "Total Unusual Items": "-217", "Normalized EBITDA": "3,336", "Tax Rate for Calcs": "0", "Tax Effect of Unusual Items": "-58.59"}, "9/30/2020": {"Duration": "9/30/2020", "Total Revenue": "65,463", "Cost of Revenue": "41,022", "Gross Profit": "24,441", "Operating Expense": "24,709", "Operating Income": "-268", "Net Non Operating Interest Income Expense": "162", "Other Income Expense": "-3,010", "Pretax Income": "-3,116", "Tax Provision": "791", "Net Income Common Stockholders": "-15,723", "Diluted NI Available to Com Stockholders": "-15,723", "Basic EPS": "-1.11", "Diluted EPS": "-1.11", "Basic Average Shares": "14,159", "Diluted Average Shares": "14,159", "Total Operating Income as Reported": "-485", "Total Expenses": "65,731", "Net Income from Continuing & Discontinued Operation": "-15,723", "Normalized Income": "-1,710", "Interest Income": "162", "Net Interest Income": "162", "EBIT": "-268", "EBITDA": "-", "Reconciled Cost of Revenue": "41,022", "Reconciled Depreciation": "1,258", "Net Income from Continuing Operation Net Minority Interest": "-3,907", "Total Unusual Items Excluding Goodwill": "-3,010", "Total Unusual Items": "-3,010", "Normalized EBITDA": "4,000", "Tax Rate for Calcs": "0", "Tax Effect of Unusual Items": "-812.7"}, "9/30/2019": {"Duration": "9/30/2019", "Total Revenue": "85,035", "Cost of Revenue": "51,678", "Gross Profit": "33,357", "Operating Expense": "27,331", "Operating Income": "6,026", "Net Non Operating Interest Income Expense": "852", "Other Income Expense": "-1,110", "Pretax Income": "5,768", "Tax Provision": "2,633", "Net Income Common Stockholders": "-5,162", "Diluted NI Available to Com Stockholders": "-5,162", "Basic EPS": "-0.36", "Diluted EPS": "-0.36", "Basic Average Shares": "14,240", "Diluted Average Shares": "14,275", "Total Operating Income as Reported": "4,916", "Total Expenses": "79,009", "Net Income from Continuing & Discontinued Operation": "-5,162", "Normalized Income": "3,945", "Interest Income": "-", "Net Interest Income": "852", "EBIT": "6,026", "EBITDA": "-", "Reconciled Cost of Revenue": "51,678", "Reconciled Depreciation": "1,690", "Net Income from Continuing Operation Net Minority Interest": "3,135", "Total Unusual Items Excluding Goodwill": "-1,110", "Total Unusual Items": "-1,110", "Normalized EBITDA": "8,826", "Tax Rate for Calcs": "0", "Tax Effect of Unusual Items": "-299.7"}, "9/30/2018": {"Duration": "9/30/2018", "Total Revenue": "176,426", "Cost of Revenue": "121,269", "Gross Profit": "55,157", "Operating Expense": "45,335", "Operating Income": "9,822", "Net Non Operating Interest Income Expense": "489", "Other Income Expense": "-4,786", "Pretax Income": "5,525", "Tax Provision": "220", "Net Income Common Stockholders": "5,305", "Diluted NI Available to Com Stockholders": "5,305", "Basic EPS": "0.36", "Diluted EPS": "0.35", "Basic Average Shares": "14,833", "Diluted Average Shares": "15,065", "Total Operating Income as Reported": "1,919", "Total Expenses": "166,604", "Net Income from Continuing & Discontinued Operation": "5,305", "Normalized Income": "10,124", "Interest Income": "-", "Net Interest Income": "489", "EBIT": "9,822", "EBITDA": "-", "Reconciled Cost of Revenue": "121,269", "Reconciled Depreciation": "1,854", "Net Income from Continuing Operation Net Minority Interest": "5,305", "Total Unusual Items Excluding Goodwill": "-5,020", "Total Unusual Items": "-5,020", "Normalized EBITDA": "16,696", "Tax Rate for Calcs": "0", "Tax Effect of Unusual Items": "-200.8"}}, "bs": {"9/30/2020": {"Duration": "9/30/2020", "Total Assets": "102,098", "Total Liabilities Net Minority Interest": "20,579", "Total Equity Gross Minority Interest": "81,519", "Total Capitalization": "86,317", "Common Stock Equity": "81,519", "Capital Lease Obligations": "5,064", "Net Tangible Assets": "74,277", "Working Capital": "69,092", "Invested Capital": "86,697", "Tangible Book Value": "74,277", "Total Debt": "10,242", "Share Issued": "14,063", "Ordinary Shares Number": "14,063", "Preferred Shares Number": "8,960"}, "9/30/2019": {"Duration": "9/30/2019", "Total Assets": "126,477", "Total Liabilities Net Minority Interest": "39,025", "Total Equity Gross Minority Interest": "87,452", "Total Capitalization": "92,630", "Common Stock Equity": "87,452", "Capital Lease Obligations": "-", "Net Tangible Assets": "79,949", "Working Capital": "77,622", "Invested Capital": "93,001", "Tangible Book Value": "79,949", "Total Debt": "5,549", "Share Issued": "14,269", "Ordinary Shares Number": "14,269", "Preferred Shares Number": "8,960"}, "9/30/2018": {"Duration": "9/30/2018", "Total Assets": "149,406", "Total Liabilities Net Minority Interest": "56,316", "Total Equity Gross Minority Interest": "93,090", "Total Capitalization": "101,050", "Common Stock Equity": "93,090", "Capital Lease Obligations": "-", "Net Tangible Assets": "85,327", "Working Capital": "79,147", "Invested Capital": "101,424", "Tangible Book Value": "85,327", "Total Debt": "8,334", "Share Issued": "14,217", "Ordinary Shares Number": "14,217", "Preferred Shares Number": "8,960"}}, "cf": {"TTM": {"Duration": "TTM", "Operating Cash Flow": "-1,392", "Investing Cash Flow": "-11,994", "Financing Cash Flow": "-2,058", "End Cash Position": "44,441", "Income Tax Paid Supplemental Data": "-", "Interest Paid Supplemental Data": "-", "Capital Expenditure": "-2,701", "Issuance of Capital Stock": "-", "Issuance of Debt": "-", "Repayment of Debt": "-369", "Repurchase of Capital Stock": "-", "Free Cash Flow": "-4,093"}, "9/30/2020": {"Duration": "9/30/2020", "Operating Cash Flow": "-1,664", "Investing Cash Flow": "-12,616", "Financing Cash Flow": "-1,502", "End Cash Position": "45,070", "Income Tax Paid Supplemental Data": "2,116", "Interest Paid Supplemental Data": "265", "Capital Expenditure": "-2,676", "Issuance of Capital Stock": "-", "Issuance of Debt": "0", "Repayment of Debt": "-379", "Repurchase of Capital Stock": "-2,000", "Free Cash Flow": "-4,340"}, "9/30/2019": {"Duration": "9/30/2019", "Operating Cash Flow": "173", "Investing Cash Flow": "-1,826", "Financing Cash Flow": "-157", "End Cash Position": "59,134", "Income Tax Paid Supplemental Data": "-", "Interest Paid Supplemental Data": "262", "Capital Expenditure": "-714", "Issuance of Capital Stock": "210", "Issuance of Debt": "9", "Repayment of Debt": "-376", "Repurchase of Capital Stock": "0", "Free Cash Flow": "-541"}, "9/30/2018": {"Duration": "9/30/2018", "Operating Cash Flow": "6,790", "Investing Cash Flow": "4,351", "Financing Cash Flow": "-2,476", "End Cash Position": "58,331", "Income Tax Paid Supplemental Data": "980", "Interest Paid Supplemental Data": "304", "Capital Expenditure": "-1,495", "Issuance of Capital Stock": "1,892", "Issuance of Debt": "0", "Repayment of Debt": "-368", "Repurchase of Capital Stock": "-4,000", "Free Cash Flow": "5,295"}}}}, {"LRCX": {"quote": {"03/28/2021": {"value": "584.23", "Market Cap": "83.491B", "Beta (5Y Monthly)": "1.33", "PE Ratio (TTM)": "29.01", "EPS (TTM)": "20.14", "Earnings Date": "Apr 20, 2021 - Apr 26, 2021", "Forward Dividend & Yield": "5.20 (0.89%)", "Ex-Dividend Date": "Mar 16, 2021", "1y Target Est": "593.38"}, "05/07/2021": {"value": "630.54", "Market Cap": "89.927B", "Beta (5Y Monthly)": "1.28", "PE Ratio (TTM)": "26.66", "EPS (TTM)": "23.65", "Earnings Date": "Jul 27, 2021 - Aug 02, 2021", "Forward Dividend & Yield": "5.20 (0.84%)", "Ex-Dividend Date": "Mar 16, 2021", "1y Target Est": "721.23"}}, "fin": {"TTM": {"Duration": "TTM", "Total Revenue": "13,272,835", "Cost of Revenue": "7,102,398", "Gross Profit": "6,170,437", "Operating Expense": "2,248,619", "Operating Income": "3,921,818", "Net Non Operating Interest Income Expense": "-180,849", "Other Income Expense": "69,243", "Pretax Income": "3,810,212", "Tax Provision": "349,738", "Net Income Common Stockholders": "3,460,474", "Diluted NI Available to Com Stockholders": "3,460,474", "Basic EPS": "-", "Diluted EPS": "-", "Basic Average Shares": "-", "Diluted Average Shares": "-", "Total Operating Income as Reported": "3,921,818", "Total Expenses": "9,351,017", "Net Income from Continuing & Discontinued Operation": "3,460,474", "Normalized Income": "3,465,540", "Interest Income": "25,303", "Interest Expense": "206,152", "Net Interest Income": "-180,849", "EBIT": "4,016,364", "EBITDA": "4,316,201", "Reconciled Cost of Revenue": "7,102,398", "Reconciled Depreciation": "299,837", "Net Income from Continuing Operation Net Minority Interest": "3,460,474", "Total Unusual Items Excluding Goodwill": "-5,578", "Total Unusual Items": "-5,578", "Normalized EBITDA": "4,321,779", "Tax Rate for Calcs": "0", "Tax Effect of Unusual Items": "-512.0026"}, "6/30/2020": {"Duration": "6/30/2020", "Total Revenue": "10,044,736", "Cost of Revenue": "5,436,043", "Gross Profit": "4,608,693", "Operating Expense": "1,934,891", "Operating Income": "2,673,802", "Net Non Operating Interest Income Expense": "-92,007", "Other Income Expense": "-6,817", "Pretax Income": "2,574,978", "Tax Provision": "323,225", "Net Income Common Stockholders": "2,251,753", "Diluted NI Available to Com Stockholders": "2,251,753", "Basic EPS": "15.55", "Diluted EPS": "15.10", "Basic Average Shares": "144,814", "Diluted Average Shares": "149,090", "Total Operating Income as Reported": "2,673,802", "Total Expenses": "7,370,934", "Net Income from Continuing & Discontinued Operation": "2,251,753", "Normalized Income": "2,254,652", "Interest Income": "85,433", "Interest Expense": "177,440", "Net Interest Income": "-92,007", "EBIT": "2,752,418", "EBITDA": "-", "Reconciled Cost of Revenue": "5,436,043", "Reconciled Depreciation": "268,525", "Net Income from Continuing Operation Net Minority Interest": "2,251,753", "Total Unusual Items Excluding Goodwill": "-3,317", "Total Unusual Items": "-3,317", "Normalized EBITDA": "3,024,260", "Tax Rate for Calcs": "0", "Tax Effect of Unusual Items": "-417.942"}, "6/30/2019": {"Duration": "6/30/2019", "Total Revenue": "9,653,559", "Cost of Revenue": "5,295,100", "Gross Profit": "4,358,459", "Operating Expense": "1,893,727", "Operating Income": "2,464,732", "Net Non Operating Interest Income Expense": "-18,492", "Other Income Expense": "331", "Pretax Income": "2,446,571", "Tax Provision": "255,141", "Net Income Common Stockholders": "2,191,430", "Diluted NI Available to Com Stockholders": "2,191,430", "Basic EPS": "14.37", "Diluted EPS": "13.70", "Basic Average Shares": "152,478", "Diluted Average Shares": "159,915", "Total Operating Income as Reported": "2,464,732", "Total Expenses": "7,188,827", "Net Income from Continuing & Discontinued Operation": "2,191,430", "Normalized Income": "2,190,584", "Interest Income": "98,771", "Interest Expense": "117,263", "Net Interest Income": "-18,492", "EBIT": "2,563,834", "EBITDA": "-", "Reconciled Cost of Revenue": "5,295,100", "Reconciled Depreciation": "309,281", "Net Income from Continuing Operation Net Minority Interest": "2,191,430", "Total Unusual Items Excluding Goodwill": "944", "Total Unusual Items": "944", "Normalized EBITDA": "2,872,171", "Tax Rate for Calcs": "0", "Tax Effect of Unusual Items": "98.176"}, "6/30/2018": {"Duration": "6/30/2018", "Total Revenue": "11,076,998", "Cost of Revenue": "5,911,966", "Gross Profit": "5,165,032", "Operating Expense": "1,951,733", "Operating Income": "3,213,299", "Net Non Operating Interest Income Expense": "-11,574", "Other Income Expense": "-49,936", "Pretax Income": "3,151,789", "Tax Provision": "771,108", "Net Income Common Stockholders": "2,380,681", "Diluted NI Available to Com Stockholders": "2,380,681", "Basic EPS": "14.73", "Diluted EPS": "13.17", "Basic Average Shares": "161,643", "Diluted Average Shares": "180,782", "Total Operating Income as Reported": "3,213,299", "Total Expenses": "7,863,699", "Net Income from Continuing & Discontinued Operation": "2,380,681", "Normalized Income": "2,414,879", "Interest Income": "85,813", "Interest Expense": "97,387", "Net Interest Income": "-11,574", "EBIT": "3,249,176", "EBITDA": "-", "Reconciled Cost of Revenue": "5,911,966", "Reconciled Depreciation": "326,395", "Net Income from Continuing Operation Net Minority Interest": "2,380,681", "Total Unusual Items Excluding Goodwill": "-45,296", "Total Unusual Items": "-45,296", "Normalized EBITDA": "3,620,867", "Tax Rate for Calcs": "0", "Tax Effect of Unusual Items": "-11,098"}}, "bs": {"6/30/2020": {"Duration": "6/30/2020", "Total Assets": "14,559,047", "Total Liabilities Net Minority Interest": "9,375,558", "Total Equity Gross Minority Interest": "5,183,489", "Total Capitalization": "10,142,860", "Common Stock Equity": "5,183,489", "Capital Lease Obligations": "15,247", "Net Tangible Assets": "3,530,521", "Working Capital": "7,691,093", "Invested Capital": "10,978,967", "Tangible Book Value": "3,530,521", "Total Debt": "5,810,725", "Net Debt": "880,306", "Share Issued": "290,763", "Ordinary Shares Number": "145,331", "Treasury Shares Number": "145,432"}, "6/30/2019": {"Duration": "6/30/2019", "Total Assets": "12,001,333", "Total Liabilities Net Minority Interest": "7,278,029", "Total Equity Gross Minority Interest": "4,723,304", "Total Capitalization": "8,546,072", "Common Stock Equity": "4,723,304", "Capital Lease Obligations": "-", "Net Tangible Assets": "3,021,757", "Working Capital": "6,188,759", "Invested Capital": "9,213,203", "Tangible Book Value": "3,021,757", "Total Debt": "4,489,899", "Net Debt": "831,680", "Share Issued": "285,006", "Ordinary Shares Number": "144,433", "Treasury Shares Number": "140,573"}, "6/30/2018": {"Duration": "6/30/2018", "Total Assets": "12,479,478", "Total Liabilities Net Minority Interest": "5,899,435", "Total Equity Gross Minority Interest": "6,580,043", "Total Capitalization": "8,386,605", "Common Stock Equity": "6,580,043", "Capital Lease Obligations": "-", "Net Tangible Assets": "4,777,303", "Working Capital": "5,999,603", "Invested Capital": "8,996,635", "Tangible Book Value": "4,777,303", "Total Debt": "2,416,592", "Net Debt": "-", "Share Issued": "276,571", "Ordinary Shares Number": "156,892", "Treasury Shares Number": "119,679"}}, "cf": {"TTM": {"Duration": "TTM", "Operating Cash Flow": "2,965,276", "Investing Cash Flow": "-1,045,999", "Financing Cash Flow": "-2,221,808", "End Cash Position": "3,913,210", "Income Tax Paid Supplemental Data": "-", "Interest Paid Supplemental Data": "-", "Capital Expenditure": "-295,028", "Issuance of Capital Stock": "25,141", "Issuance of Debt": "724,651", "Repayment of Debt": "-1,292,962", "Repurchase of Capital Stock": "-2,307,466", "Free Cash Flow": "2,670,248"}, "6/30/2020": {"Duration": "6/30/2020", "Operating Cash Flow": "2,126,451", "Investing Cash Flow": "-244,084", "Financing Cash Flow": "-623,930", "End Cash Position": "5,169,083", "Income Tax Paid Supplemental Data": "222,909", "Interest Paid Supplemental Data": "171,889", "Capital Expenditure": "-203,239", "Issuance of Capital Stock": "8,084", "Issuance of Debt": "1,974,651", "Repayment of Debt": "-1,917,537", "Repurchase of Capital Stock": "-1,369,649", "Free Cash Flow": "1,923,212"}, "6/30/2019": {"Duration": "6/30/2019", "Operating Cash Flow": "3,176,013", "Investing Cash Flow": "-1,637,054", "Financing Cash Flow": "-2,390,080", "End Cash Position": "3,913,396", "Income Tax Paid Supplemental Data": "300,268", "Interest Paid Supplemental Data": "76,933", "Capital Expenditure": "-303,491", "Issuance of Capital Stock": "84,774", "Issuance of Debt": "2,476,720", "Repayment of Debt": "-479,407", "Repurchase of Capital Stock": "-3,780,611", "Free Cash Flow": "2,872,522"}, "6/30/2018": {"Duration": "6/30/2018", "Operating Cash Flow": "2,655,747", "Investing Cash Flow": "2,748,440", "Financing Cash Flow": "-3,272,057", "End Cash Position": "4,512,257", "Income Tax Paid Supplemental Data": "142,800", "Interest Paid Supplemental Data": "84,401", "Capital Expenditure": "-273,469", "Issuance of Capital Stock": "84,882", "Issuance of Debt": "359,604", "Repayment of Debt": "-1,505,694", "Repurchase of Capital Stock": "-2,653,249", "Free Cash Flow": "2,382,278"}}}}, {"KLAC": {"quote": {"03/28/2021": {"value": "319.94", "Market Cap": "49.295B", "Beta (5Y Monthly)": "1.27", "PE Ratio (TTM)": "36.59", "EPS (TTM)": "8.74", "Earnings Date": "May 03, 2021 - May 07, 2021", "Forward Dividend & Yield": "3.60 (1.13%)", "Ex-Dividend Date": "Feb 18, 2021", "1y Target Est": "323.65"}, "05/07/2021": {"value": "319.70", "Market Cap": "49.004B", "Beta (5Y Monthly)": "1.22", "PE Ratio (TTM)": "26.85", "EPS (TTM)": "11.91", "Earnings Date": "Aug 02, 2021 - Aug 06, 2021", "Forward Dividend & Yield": "3.60 (1.14%)", "Ex-Dividend Date": "Feb 18, 2021", "1y Target Est": "367.25"}}, "fin": {"TTM": {"Duration": "TTM", "Total Revenue": "6,452,856", "Cost of Revenue": "2,621,468", "Gross Profit": "3,831,388", "Operating Expense": "1,609,530", "Operating Income": "2,221,858", "Net Non Operating Interest Income Expense": "-135,933", "Other Income Expense": "-29,245", "Pretax Income": "2,056,680", "Tax Provision": "202,070", "Net Income Common Stockholders": "1,856,567", "Diluted NI Available to Com Stockholders": "1,856,567", "Basic EPS": "-", "Diluted EPS": "-", "Basic Average Shares": "-", "Diluted Average Shares": "-", "Total Operating Income as Reported": "-", "Total Expenses": "4,230,998", "Net Income from Continuing & Discontinued Operation": "1,856,567", "Normalized Income": "1,860,119", "Interest Income": "-", "Interest Expense": "157,579", "Net Interest Income": "-135,933", "EBIT": "2,214,259", "EBITDA": "2,541,884", "Reconciled Cost of Revenue": "2,621,468", "Reconciled Depreciation": "327,625", "Net Income from Continuing Operation Net Minority Interest": "1,856,567", "Total Unusual Items Excluding Goodwill": "-3,939", "Total Unusual Items": "-3,939", "Normalized EBITDA": "2,545,823", "Tax Rate for Calcs": "0", "Tax Effect of Unusual Items": "-387.009"}, "6/30/2020": {"Duration": "6/30/2020", "Total Revenue": "5,806,424", "Cost of Revenue": "2,449,561", "Gross Profit": "3,356,863", "Operating Expense": "1,598,013", "Operating Income": "1,758,850", "Net Non Operating Interest Income Expense": "-138,628", "Other Income Expense": "-303,511", "Pretax Income": "1,316,711", "Tax Provision": "101,686", "Net Income Common Stockholders": "1,216,785", "Diluted NI Available to Com Stockholders": "1,216,785", "Basic EPS": "7.76", "Diluted EPS": "7.70", "Basic Average Shares": "156,797", "Diluted Average Shares": "158,005", "Total Operating Income as Reported": "-", "Total Expenses": "4,047,574", "Net Income from Continuing & Discontinued Operation": "1,216,785", "Normalized Income": "1,478,110", "Interest Income": "21,646", "Interest Expense": "160,274", "Net Interest Income": "-138,628", "EBIT": "1,476,985", "EBITDA": "-", "Reconciled Cost of Revenue": "2,449,561", "Reconciled Depreciation": "348,049", "Net Income from Continuing Operation Net Minority Interest": "1,216,785", "Total Unusual Items Excluding Goodwill": "-283,126", "Total Unusual Items": "-283,126", "Normalized EBITDA": "2,108,160", "Tax Rate for Calcs": "0", "Tax Effect of Unusual Items": "-21,801"}, "6/30/2019": {"Duration": "6/30/2019", "Total Revenue": "4,568,904", "Cost of Revenue": "1,869,377", "Gross Profit": "2,699,527", "Operating Expense": "1,310,154", "Operating Income": "1,389,373", "Net Non Operating Interest Income Expense": "-84,237", "Other Income Expense": "-8,905", "Pretax Income": "1,296,231", "Tax Provision": "121,214", "Net Income Common Stockholders": "1,175,617", "Diluted NI Available to Com Stockholders": "1,175,617", "Basic EPS": "7.53", "Diluted EPS": "7.49", "Basic Average Shares": "156,053", "Diluted Average Shares": "156,949", "Total Operating Income as Reported": "-", "Total Expenses": "3,179,531", "Net Income from Continuing & Discontinued Operation": "1,175,617", "Normalized Income": "1,176,498", "Interest Income": "40,367", "Interest Expense": "124,604", "Net Interest Income": "-84,237", "EBIT": "1,420,835", "EBITDA": "-", "Reconciled Cost of Revenue": "1,869,377", "Reconciled Depreciation": "233,224", "Net Income from Continuing Operation Net Minority Interest": "1,175,617", "Total Unusual Items Excluding Goodwill": "-972", "Total Unusual Items": "-972", "Normalized EBITDA": "1,655,031", "Tax Rate for Calcs": "0", "Tax Effect of Unusual Items": "-91.368"}, "6/30/2018": {"Duration": "6/30/2018", "Total Revenue": "4,036,701", "Cost of Revenue": "1,447,369", "Gross Profit": "2,589,332", "Operating Expense": "1,052,138", "Operating Income": "1,537,194", "Net Non Operating Interest Income Expense": "-77,507", "Other Income Expense": "-3,756", "Pretax Income": "1,455,931", "Tax Provision": "653,666", "Net Income Common Stockholders": "802,265", "Diluted NI Available to Com Stockholders": "802,265", "Basic EPS": "5.13", "Diluted EPS": "5.10", "Basic Average Shares": "156,346", "Diluted Average Shares": "157,378", "Total Operating Income as Reported": "1,537,194", "Total Expenses": "2,499,507", "Net Income from Continuing & Discontinued Operation": "802,265", "Normalized Income": "802,934", "Interest Income": "36,869", "Interest Expense": "114,376", "Net Interest Income": "-77,507", "EBIT": "1,570,307", "EBITDA": "-", "Reconciled Cost of Revenue": "1,447,369", "Reconciled Depreciation": "62,684", "Net Income from Continuing Operation Net Minority Interest": "802,265", "Total Unusual Items Excluding Goodwill": "-917", "Total Unusual Items": "-917", "Normalized EBITDA": "1,633,908", "Tax Rate for Calcs": "0", "Tax Effect of Unusual Items": "-247.59"}}, "bs": {"6/30/2020": {"Duration": "6/30/2020", "Total Assets": "9,279,960", "Total Liabilities Net Minority Interest": "6,598,950", "Total Equity Gross Minority Interest": "2,681,010", "Total Capitalization": "6,135,094", "Common Stock Equity": "2,665,424", "Capital Lease Obligations": "99,879", "Net Tangible Assets": "-771,391", "Working Capital": "3,023,759", "Invested Capital": "6,135,094", "Tangible Book Value": "-771,391", "Total Debt": "3,569,549", "Net Debt": "2,235,261", "Share Issued": "277,526", "Ordinary Shares Number": "155,461", "Treasury Shares Number": "122,065"}, "6/30/2019": {"Duration": "6/30/2019", "Total Assets": "9,008,516", "Total Liabilities Net Minority Interest": "6,330,823", "Total Equity Gross Minority Interest": "2,677,693", "Total Capitalization": "5,832,491", "Common Stock Equity": "2,659,108", "Capital Lease Obligations": "-", "Net Tangible Assets": "-1,113,420", "Working Capital": "2,546,589", "Invested Capital": "6,082,490", "Tangible Book Value": "-1,113,420", "Total Debt": "3,423,382", "Net Debt": "2,407,388", "Share Issued": "276,202", "Ordinary Shares Number": "159,475", "Treasury Shares Number": "116,727"}, "6/30/2018": {"Duration": "6/30/2018", "Total Assets": "5,619,356", "Total Liabilities Net Minority Interest": "3,998,845", "Total Equity Gross Minority Interest": "1,620,511", "Total Capitalization": "3,857,913", "Common Stock Equity": "1,620,511", "Capital Lease Obligations": "-", "Net Tangible Assets": "1,246,480", "Working Capital": "3,330,917", "Invested Capital": "3,857,913", "Tangible Book Value": "1,246,480", "Total Debt": "2,237,402", "Net Debt": "833,020", "Share Issued": "262,718", "Ordinary Shares Number": "156,048", "Treasury Shares Number": "106,670"}}, "cf": {"TTM": {"Duration": "TTM", "Operating Cash Flow": "2,172,248", "Investing Cash Flow": "-512,621", "Financing Cash Flow": "-1,166,391", "End Cash Position": "1,439,411", "Income Tax Paid Supplemental Data": "236,369", "Interest Paid Supplemental Data": "154,965", "Capital Expenditure": "-218,042", "Issuance of Capital Stock": "76,705", "Issuance of Debt": "240,171", "Repayment of Debt": "-245,000", "Repurchase of Capital Stock": "-638,830", "Free Cash Flow": "1,954,206"}, "6/30/2020": {"Duration": "6/30/2020", "Operating Cash Flow": "1,778,850", "Investing Cash Flow": "-258,874", "Financing Cash Flow": "-1,299,635", "End Cash Position": "1,234,409", "Income Tax Paid Supplemental Data": "194,583", "Interest Paid Supplemental Data": "152,651", "Capital Expenditure": "-152,675", "Issuance of Capital Stock": "75,634", "Issuance of Debt": "1,191,832", "Repayment of Debt": "-1,171,033", "Repurchase of Capital Stock": "-829,084", "Free Cash Flow": "1,626,175"}, "6/30/2019": {"Duration": "6/30/2019", "Operating Cash Flow": "1,152,632", "Investing Cash Flow": "-1,180,982", "Financing Cash Flow": "-360,005", "End Cash Position": "1,015,994", "Income Tax Paid Supplemental Data": "180,470", "Interest Paid Supplemental Data": "107,073", "Capital Expenditure": "-130,498", "Issuance of Capital Stock": "64,828", "Issuance of Debt": "2,083,785", "Repayment of Debt": "-902,474", "Repurchase of Capital Stock": "-1,095,202", "Free Cash Flow": "1,022,134"}, "6/30/2018": {"Duration": "6/30/2018", "Operating Cash Flow": "1,229,120", "Investing Cash Flow": "291,618", "Financing Cash Flow": "-1,270,103", "End Cash Position": "1,404,382", "Income Tax Paid Supplemental Data": "253,128", "Interest Paid Supplemental Data": "114,238", "Capital Expenditure": "-66,961", "Issuance of Capital Stock": "61,444", "Issuance of Debt": "248,693", "Repayment of Debt": "-946,250", "Repurchase of Capital Stock": "-203,169", "Free Cash Flow": "1,162,159"}}}}, {"CREE": {"quote": {"03/28/2021": {"value": "107.50", "Market Cap": "12.388B", "Beta (5Y Monthly)": "1.53", "PE Ratio (TTM)": "N/A", "EPS (TTM)": "-3.37", "Earnings Date": "Apr 27, 2021 - May 03, 2021", "Forward Dividend & Yield": "N/A (N/A)", "Ex-Dividend Date": "N/A", "1y Target Est": "116.08"}, "05/07/2021": {"value": "95.68", "Market Cap": "11.048B", "Beta (5Y Monthly)": "1.51", "PE Ratio (TTM)": "N/A", "EPS (TTM)": "-3.74", "Earnings Date": "Apr 28, 2021", "Forward Dividend & Yield": "N/A (N/A)", "Ex-Dividend Date": "N/A", "1y Target Est": "118.23"}}, "fin": {"TTM": {"Duration": "TTM", "Total Revenue": "921,400", "Cost of Revenue": "681,700", "Gross Profit": "239,700", "Operating Expense": "429,600", "Operating Income": "-189,900", "Net Non Operating Interest Income Expense": "-38,700", "Other Income Expense": "-200", "Pretax Income": "-228,800", "Tax Provision": "4,500", "Net Income Common Stockholders": "-415,800", "Diluted NI Available to Com Stockholders": "-415,800", "Basic EPS": "-", "Diluted EPS": "-", "Basic Average Shares": "-", "Diluted Average Shares": "-", "Total Operating Income as Reported": "-237,000", "Total Expenses": "1,111,300", "Net Income from Continuing & Discontinued Operation": "-415,800", "Normalized Income": "-235,240", "Interest Income": "9,800", "Interest Expense": "48,500", "Net Interest Income": "-38,700", "EBIT": "-180,300", "EBITDA": "-41,500", "Reconciled Cost of Revenue": "557,400", "Reconciled Depreciation": "138,800", "Net Income from Continuing Operation Net Minority Interest": "-235,300", "Total Unusual Items Excluding Goodwill": "-100", "Total Unusual Items": "-100", "Normalized EBITDA": "-41,400", "Tax Rate for Calcs": "0", "Tax Effect of Unusual Items": "-40"}, "6/30/2020": {"Duration": "6/30/2020", "Total Revenue": "903,900", "Cost of Revenue": "655,600", "Gross Profit": "248,300", "Operating Expense": "410,100", "Operating Income": "-161,800", "Net Non Operating Interest Income Expense": "-18,500", "Other Income Expense": "-10,100", "Pretax Income": "-190,400", "Tax Provision": "200", "Net Income Common Stockholders": "-191,700", "Diluted NI Available to Com Stockholders": "-191,700", "Basic EPS": "-1.78", "Diluted EPS": "-1.78", "Basic Average Shares": "107,935", "Diluted Average Shares": "107,935", "Total Operating Income as Reported": "-209,400", "Total Expenses": "1,065,700", "Net Income from Continuing & Discontinued Operation": "-191,700", "Normalized Income": "-181,100", "Interest Income": "16,400", "Interest Expense": "34,900", "Net Interest Income": "-18,500", "EBIT": "-155,500", "EBITDA": "-", "Reconciled Cost of Revenue": "546,200", "Reconciled Depreciation": "123,900", "Net Income from Continuing Operation Net Minority Interest": "-191,700", "Total Unusual Items Excluding Goodwill": "-10,600", "Total Unusual Items": "-10,600", "Normalized EBITDA": "-21,000", "Tax Rate for Calcs": "0", "Tax Effect of Unusual Items": "0"}, "6/30/2019": {"Duration": "6/30/2019", "Total Revenue": "1,080,000", "Cost of Revenue": "689,000", "Gross Profit": "391,000", "Operating Expense": "402,200", "Operating Income": "-11,200", "Net Non Operating Interest Income Expense": "-12,000", "Other Income Expense": "-22,000", "Pretax Income": "-45,200", "Tax Provision": "12,700", "Net Income Common Stockholders": "-375,100", "Diluted NI Available to Com Stockholders": "-375,100", "Basic EPS": "-3.52", "Diluted EPS": "-3.52", "Basic Average Shares": "106,570", "Diluted Average Shares": "106,570", "Total Operating Income as Reported": "-15,900", "Total Expenses": "1,091,200", "Net Income from Continuing & Discontinued Operation": "-375,100", "Normalized Income": "-41,621", "Interest Income": "-", "Interest Expense": "-", "Net Interest Income": "-12,000", "EBIT": "-11,200", "EBITDA": "-", "Reconciled Cost of Revenue": "561,000", "Reconciled Depreciation": "143,600", "Net Income from Continuing Operation Net Minority Interest": "-57,900", "Total Unusual Items Excluding Goodwill": "-22,300", "Total Unusual Items": "-22,300", "Normalized EBITDA": "154,700", "Tax Rate for Calcs": "0", "Tax Effect of Unusual Items": "-6,021"}, "6/30/2018": {"Duration": "6/30/2018", "Total Revenue": "1,493,680", "Cost of Revenue": "1,086,038", "Gross Profit": "407,642", "Operating Expense": "478,582", "Operating Income": "-70,940", "Net Non Operating Interest Income Expense": "1,827", "Other Income Expense": "-248,332", "Pretax Income": "-317,445", "Tax Provision": "-37,522", "Net Income Common Stockholders": "-279,968", "Diluted NI Available to Com Stockholders": "-279,968", "Basic EPS": "-2.76", "Diluted EPS": "-2.81", "Basic Average Shares": "101,488", "Diluted Average Shares": "101,488", "Total Operating Income as Reported": "-329,087", "Total Expenses": "1,564,620", "Net Income from Continuing & Discontinued Operation": "-279,968", "Normalized Income": "-60,991", "Interest Income": "1,827", "Interest Expense": "-", "Net Interest Income": "1,827", "EBIT": "-70,940", "EBITDA": "-", "Reconciled Cost of Revenue": "962,873", "Reconciled Depreciation": "153,937", "Net Income from Continuing Operation Net Minority Interest": "-279,968", "Total Unusual Items Excluding Goodwill": "-248,838", "Total Unusual Items": "-248,838", "Normalized EBITDA": "331,835", "Tax Rate for Calcs": "0", "Tax Effect of Unusual Items": "-29,861"}}, "bs": {"6/30/2020": {"Duration": "6/30/2020", "Total Assets": "3,231,000", "Total Liabilities Net Minority Interest": "1,141,800", "Total Equity Gross Minority Interest": "2,089,200", "Total Capitalization": "2,866,900", "Common Stock Equity": "2,083,100", "Capital Lease Obligations": "15,000", "Net Tangible Assets": "1,373,500", "Working Capital": "1,301,600", "Invested Capital": "2,866,900", "Tangible Book Value": "1,373,500", "Total Debt": "798,800", "Net Debt": "335,000", "Share Issued": "109,230", "Ordinary Shares Number": "109,230"}, "6/30/2019": {"Duration": "6/30/2019", "Total Assets": "2,816,900", "Total Liabilities Net Minority Interest": "775,700", "Total Equity Gross Minority Interest": "2,041,200", "Total Capitalization": "2,505,300", "Common Stock Equity": "2,036,200", "Capital Lease Obligations": "-", "Net Tangible Assets": "1,308,300", "Working Capital": "1,144,600", "Invested Capital": "2,505,300", "Tangible Book Value": "1,308,300", "Total Debt": "469,100", "Net Debt": "469,100", "Share Issued": "106,570", "Ordinary Shares Number": "106,570"}, "6/30/2018": {"Duration": "6/30/2018", "Total Assets": "2,637,545", "Total Liabilities Net Minority Interest": "565,464", "Total Equity Gross Minority Interest": "2,072,081", "Total Capitalization": "2,359,136", "Common Stock Equity": "2,067,136", "Capital Lease Obligations": "-", "Net Tangible Assets": "1,056,752", "Working Capital": "641,797", "Invested Capital": "2,359,136", "Tangible Book Value": "1,056,752", "Total Debt": "292,000", "Net Debt": "173,076", "Share Issued": "101,488", "Ordinary Shares Number": "101,488"}}, "cf": {"TTM": {"Duration": "TTM", "Operating Cash Flow": "-65,000", "Investing Cash Flow": "-674,200", "Financing Cash Flow": "947,500", "End Cash Position": "531,300", "Income Tax Paid Supplemental Data": "-", "Interest Paid Supplemental Data": "-", "Capital Expenditure": "-472,200", "Issuance of Capital Stock": "575,500", "Issuance of Debt": "605,000", "Repayment of Debt": "-175,000", "Repurchase of Capital Stock": "-", "Free Cash Flow": "-537,200"}, "6/30/2020": {"Duration": "6/30/2020", "Operating Cash Flow": "-29,000", "Investing Cash Flow": "-486,900", "Financing Cash Flow": "464,300", "End Cash Position": "448,800", "Income Tax Paid Supplemental Data": "-", "Interest Paid Supplemental Data": "-", "Capital Expenditure": "-244,300", "Issuance of Capital Stock": "76,400", "Issuance of Debt": "575,000", "Repayment of Debt": "-145,100", "Repurchase of Capital Stock": "-", "Free Cash Flow": "-273,300"}, "6/30/2019": {"Duration": "6/30/2019", "Operating Cash Flow": "202,300", "Investing Cash Flow": "-227,100", "Financing Cash Flow": "406,500", "End Cash Position": "500,500", "Income Tax Paid Supplemental Data": "6,100", "Interest Paid Supplemental Data": "4,000", "Capital Expenditure": "-153,000", "Issuance of Capital Stock": "158,000", "Issuance of Debt": "670,000", "Repayment of Debt": "-387,000", "Repurchase of Capital Stock": "0", "Free Cash Flow": "49,300"}, "6/30/2018": {"Duration": "6/30/2018", "Operating Cash Flow": "167,358", "Investing Cash Flow": "-423,887", "Financing Cash Flow": "242,671", "End Cash Position": "118,924", "Income Tax Paid Supplemental Data": "1,191", "Interest Paid Supplemental Data": "6,093", "Capital Expenditure": "-195,803", "Issuance of Capital Stock": "97,521", "Issuance of Debt": "670,000", "Repayment of Debt": "-523,000", "Repurchase of Capital Stock": "-", "Free Cash Flow": "-28,445"}}}}, {"OLED": {"quote": {"03/28/2021": {"value": "240.12", "Market Cap": "11.312B", "Beta (5Y Monthly)": "1.38", "PE Ratio (TTM)": "85.76", "EPS (TTM)": "2.80", "Earnings Date": "May 05, 2021 - May 10, 2021", "Forward Dividend & Yield": "0.80 (0.33%)", "Ex-Dividend Date": "Mar 15, 2021", "1y Target Est": "242.18"}, "05/07/2021": {"value": "221.29", "Market Cap": "10.429B", "Beta (5Y Monthly)": "1.33", "PE Ratio (TTM)": "79.03", "EPS (TTM)": "2.80", "Earnings Date": "Aug 04, 2021 - Aug 09, 2021", "Forward Dividend & Yield": "0.80 (0.36%)", "Ex-Dividend Date": "Mar 15, 2021", "1y Target Est": "244.36"}}, "fin": {"TTM": {"Duration": "TTM", "Total Revenue": "428,867", "Cost of Revenue": "85,478", "Gross Profit": "343,389", "Operating Expense": "185,863", "Operating Income": "157,526", "Net Non Operating Interest Income Expense": "5,139", "Other Income Expense": "864", "Pretax Income": "163,529", "Tax Provision": "30,157", "Net Income Common Stockholders": "132,371", "Diluted NI Available to Com Stockholders": "132,371", "Basic EPS": "-", "Diluted EPS": "-", "Basic Average Shares": "-", "Diluted Average Shares": "-", "Total Operating Income as Reported": "157,526", "Total Expenses": "271,341", "Net Income from Continuing & Discontinued Operation": "133,372", "Normalized Income": "133,372", "Interest Income": "5,139", "Net Interest Income": "5,139", "EBIT": "157,526", "EBITDA": "194,712", "Reconciled Cost of Revenue": "70,261", "Reconciled Depreciation": "37,186", "Net Income from Continuing Operation Net Minority Interest": "133,372", "Normalized EBITDA": "194,712", "Tax Rate for Calcs": "0", "Tax Effect of Unusual Items": "0"}, "12/31/2020": {"Duration": "12/31/2020", "Total Revenue": "428,867", "Cost of Revenue": "85,478", "Gross Profit": "343,389", "Operating Expense": "185,863", "Operating Income": "157,526", "Net Non Operating Interest Income Expense": "5,139", "Other Income Expense": "864", "Pretax Income": "163,529", "Tax Provision": "30,157", "Net Income Common Stockholders": "132,371", "Diluted NI Available to Com Stockholders": "132,371", "Basic EPS": "2.80", "Diluted EPS": "2.80", "Basic Average Shares": "47,199", "Diluted Average Shares": "47,237", "Total Operating Income as Reported": "157,526", "Total Expenses": "271,341", "Net Income from Continuing & Discontinued Operation": "133,372", "Normalized Income": "133,372", "Interest Income": "5,139", "Net Interest Income": "5,139", "EBIT": "157,526", "EBITDA": "-", "Reconciled Cost of Revenue": "70,261", "Reconciled Depreciation": "37,186", "Net Income from Continuing Operation Net Minority Interest": "133,372", "Normalized EBITDA": "194,712", "Tax Rate for Calcs": "0", "Tax Effect of Unusual Items": "0"}, "12/31/2019": {"Duration": "12/31/2019", "Total Revenue": "405,177", "Cost of Revenue": "75,374", "Gross Profit": "329,803", "Operating Expense": "171,460", "Operating Income": "158,343", "Net Non Operating Interest Income Expense": "10,795", "Other Income Expense": "767", "Pretax Income": "169,905", "Tax Provision": "31,601", "Net Income Common Stockholders": "137,198", "Diluted NI Available to Com Stockholders": "137,198", "Basic EPS": "2.92", "Diluted EPS": "2.92", "Basic Average Shares": "46,960", "Diluted Average Shares": "46,995", "Total Operating Income as Reported": "158,343", "Total Expenses": "246,834", "Net Income from Continuing & Discontinued Operation": "138,304", "Normalized Income": "138,304", "Interest Income": "10,795", "Net Interest Income": "10,795", "EBIT": "158,343", "EBITDA": "-", "Reconciled Cost of Revenue": "69,751", "Reconciled Depreciation": "34,418", "Net Income from Continuing Operation Net Minority Interest": "138,304", "Normalized EBITDA": "192,761", "Tax Rate for Calcs": "0", "Tax Effect of Unusual Items": "0"}, "12/31/2018": {"Duration": "12/31/2018", "Total Revenue": "247,414", "Cost of Revenue": "53,541", "Gross Profit": "193,873", "Operating Expense": "137,138", "Operating Income": "56,735", "Net Non Operating Interest Income Expense": "7,659", "Other Income Expense": "-83", "Pretax Income": "64,311", "Tax Provision": "5,471", "Net Income Common Stockholders": "58,150", "Diluted NI Available to Com Stockholders": "58,150", "Basic EPS": "1.24", "Diluted EPS": "1.24", "Basic Average Shares": "46,850", "Diluted Average Shares": "46,897", "Total Operating Income as Reported": "56,735", "Total Expenses": "190,679", "Net Income from Continuing & Discontinued Operation": "58,840", "Normalized Income": "58,840", "Interest Income": "7,659", "Net Interest Income": "7,659", "EBIT": "56,735", "EBITDA": "-", "Reconciled Cost of Revenue": "52,393", "Reconciled Depreciation": "30,574", "Net Income from Continuing Operation Net Minority Interest": "58,840", "Normalized EBITDA": "87,309", "Tax Rate for Calcs": "0", "Tax Effect of Unusual Items": "0"}}, "bs": {"12/31/2020": {"Duration": "12/31/2020", "Total Assets": "1,269,228", "Total Liabilities Net Minority Interest": "356,514", "Total Equity Gross Minority Interest": "912,714", "Total Capitalization": "912,714", "Preferred Stock Equity": "2", "Common Stock Equity": "912,712", "Net Tangible Assets": "816,241", "Working Capital": "759,646", "Invested Capital": "912,712", "Tangible Book Value": "816,239", "Share Issued": "49,013", "Ordinary Shares Number": "47,648", "Preferred Shares Number": "200", "Treasury Shares Number": "1,366"}, "12/31/2019": {"Duration": "12/31/2019", "Total Assets": "1,120,157", "Total Liabilities Net Minority Interest": "308,708", "Total Equity Gross Minority Interest": "811,449", "Total Capitalization": "811,449", "Preferred Stock Equity": "2", "Common Stock Equity": "811,447", "Net Tangible Assets": "693,068", "Working Capital": "630,931", "Invested Capital": "811,447", "Tangible Book Value": "693,066", "Share Issued": "48,852", "Ordinary Shares Number": "47,487", "Preferred Shares Number": "200", "Treasury Shares Number": "1,366"}, "12/31/2018": {"Duration": "12/31/2018", "Total Assets": "933,424", "Total Liabilities Net Minority Interest": "242,918", "Total Equity Gross Minority Interest": "690,506", "Total Capitalization": "690,506", "Preferred Stock Equity": "2", "Common Stock Equity": "690,504", "Net Tangible Assets": "550,564", "Working Capital": "501,658", "Invested Capital": "690,504", "Tangible Book Value": "550,562", "Share Issued": "48,682", "Ordinary Shares Number": "47,320", "Preferred Shares Number": "200", "Treasury Shares Number": "1,362"}}}}, {"XCRA": {"quote": {"03/28/2021": {"value": "", "Net Assets": "N/A", "Beta (5Y Monthly)": "N/A", "Yield": "N/A", "5y Average Return": "N/A", "Holdings Turnover": "N/A", "Last Dividend": "N/A", "Average for Category": "N/A", "Inception Date": "N/A"}, "05/07/2021": {"value": "", "Net Assets": "N/A", "Beta (5Y Monthly)": "N/A", "Yield": "N/A", "5y Average Return": "N/A", "Holdings Turnover": "N/A", "Last Dividend": "N/A", "Average for Category": "N/A", "Inception Date": "N/A"}}, "fin": {}, "bs": {}, "cf": {}}}, {"COHU": {"quote": {"03/28/2021": {"value": "40.83", "Market Cap": "1.965B", "Beta (5Y Monthly)": "1.82", "PE Ratio (TTM)": "N/A", "EPS (TTM)": "-0.33", "Earnings Date": "May 03, 2021 - May 07, 2021", "Forward Dividend & Yield": "N/A (N/A)", "Ex-Dividend Date": "Feb 24, 2020", "1y Target Est": "62.57"}, "05/07/2021": {"value": "38.86", "Market Cap": "1.882B", "Beta (5Y Monthly)": "1.77", "PE Ratio (TTM)": "53.09", "EPS (TTM)": "0.73", "Earnings Date": "Jul 28, 2021 - Aug 02, 2021", "Forward Dividend & Yield": "N/A (N/A)", "Ex-Dividend Date": "Feb 24, 2020", "1y Target Est": "62.00"}}, "fin": {"TTM": {"Duration": "TTM", "Total Revenue": "722,574", "Cost of Revenue": "404,671", "Gross Profit": "317,903", "Operating Expense": "253,922", "Operating Income": "63,981", "Net Non Operating Interest Income Expense": "-11,780", "Other Income Expense": "-15,886", "Pretax Income": "36,315", "Tax Provision": "5,233", "Net Income Common Stockholders": "31,082", "Diluted NI Available to Com Stockholders": "31,082", "Basic EPS": "-", "Diluted EPS": "-", "Basic Average Shares": "-", "Diluted Average Shares": "-", "Total Operating Income as Reported": "52,616", "Total Expenses": "658,593", "Net Income from Continuing & Discontinued Operation": "31,082", "Normalized Income": "44,679", "Interest Income": "127", "Interest Expense": "11,907", "Net Interest Income": "-11,780", "EBIT": "48,222", "EBITDA": "86,674", "Reconciled Cost of Revenue": "404,671", "Reconciled Depreciation": "38,452", "Net Income from Continuing Operation Net Minority Interest": "31,082", "Total Unusual Items Excluding Goodwill": "-15,886", "Total Unusual Items": "-15,886", "Normalized EBITDA": "102,560", "Tax Rate for Calcs": "0", "Tax Effect of Unusual Items": "-2,289"}, "12/31/2020": {"Duration": "12/31/2020", "Total Revenue": "636,007", "Cost of Revenue": "364,225", "Gross Profit": "271,782", "Operating Expense": "254,145", "Operating Income": "17,637", "Net Non Operating Interest Income Expense": "-13,535", "Other Income Expense": "-17,279", "Pretax Income": "-13,177", "Tax Provision": "666", "Net Income Common Stockholders": "-13,801", "Diluted NI Available to Com Stockholders": "-13,801", "Basic EPS": "-", "Diluted EPS": "-", "Basic Average Shares": "-", "Diluted Average Shares": "-", "Total Operating Income as Reported": "3,260", "Total Expenses": "618,370", "Net Income from Continuing & Discontinued Operation": "-13,801", "Normalized Income": "-1,229", "Interest Income": "224", "Interest Expense": "13,759", "Net Interest Income": "-13,535", "EBIT": "582", "EBITDA": "-", "Reconciled Cost of Revenue": "350,225", "Reconciled Depreciation": "52,746", "Net Income from Continuing Operation Net Minority Interest": "-13,843", "Total Unusual Items Excluding Goodwill": "-17,279", "Total Unusual Items": "-17,279", "Normalized EBITDA": "70,607", "Tax Rate for Calcs": "0", "Tax Effect of Unusual Items": "-4,665"}, "12/31/2019": {"Duration": "12/31/2019", "Total Revenue": "583,329", "Cost of Revenue": "353,500", "Gross Profit": "229,829", "Operating Expense": "268,673", "Operating Income": "-38,844", "Net Non Operating Interest Income Expense": "-19,792", "Other Income Expense": "-13,441", "Pretax Income": "-72,077", "Tax Provision": "-3,082", "Net Income Common Stockholders": "-69,700", "Diluted NI Available to Com Stockholders": "-69,700", "Basic EPS": "-1.69", "Diluted EPS": "-1.69", "Basic Average Shares": "41,159", "Diluted Average Shares": "41,159", "Total Operating Income as Reported": "-52,328", "Total Expenses": "622,173", "Net Income from Continuing & Discontinued Operation": "-69,700", "Normalized Income": "-56,137", "Interest Income": "764", "Interest Expense": "20,556", "Net Interest Income": "-19,792", "EBIT": "-51,521", "EBITDA": "-", "Reconciled Cost of Revenue": "334,219", "Reconciled Depreciation": "58,871", "Net Income from Continuing Operation Net Minority Interest": "-69,003", "Total Unusual Items Excluding Goodwill": "-13,441", "Total Unusual Items": "-13,441", "Normalized EBITDA": "20,791", "Tax Rate for Calcs": "0", "Tax Effect of Unusual Items": "-574.7348"}, "12/31/2018": {"Duration": "12/31/2018", "Total Revenue": "451,768", "Cost of Revenue": "292,460", "Gross Profit": "159,308", "Operating Expense": "170,385", "Operating Income": "-11,077", "Net Non Operating Interest Income Expense": "-3,790", "Other Income Expense": "-17,045", "Pretax Income": "-31,912", "Tax Provision": "631", "Net Income Common Stockholders": "-32,181", "Diluted NI Available to Com Stockholders": "-32,181", "Basic EPS": "-1.01", "Diluted EPS": "-1.01", "Basic Average Shares": "31,776", "Diluted Average Shares": "31,776", "Total Operating Income as Reported": "-29,781", "Total Expenses": "462,845", "Net Income from Continuing & Discontinued Operation": "-32,181", "Normalized Income": "-19,857", "Interest Income": "1,187", "Interest Expense": "4,977", "Net Interest Income": "-3,790", "EBIT": "-26,935", "EBITDA": "-", "Reconciled Cost of Revenue": "283,610", "Reconciled Depreciation": "26,047", "Net Income from Continuing Operation Net Minority Interest": "-32,300", "Total Unusual Items Excluding Goodwill": "-17,045", "Total Unusual Items": "-17,045", "Normalized EBITDA": "16,157", "Tax Rate for Calcs": "0", "Tax Effect of Unusual Items": "-4,602"}}, "bs": {"12/31/2020": {"Duration": "12/31/2020", "Total Assets": "1,090,346", "Total Liabilities Net Minority Interest": "578,058", "Total Equity Gross Minority Interest": "512,288", "Total Capitalization": "823,839", "Common Stock Equity": "512,288", "Capital Lease Obligations": "25,787", "Net Tangible Assets": "26,317", "Working Capital": "310,593", "Invested Capital": "832,228", "Tangible Book Value": "26,317", "Total Debt": "345,727", "Net Debt": "170,582", "Share Issued": "42,190", "Ordinary Shares Number": "42,190"}, "12/31/2019": {"Duration": "12/31/2019", "Total Assets": "1,077,710", "Total Liabilities Net Minority Interest": "594,638", "Total Equity Gross Minority Interest": "483,072", "Total Capitalization": "829,590", "Common Stock Equity": "483,072", "Capital Lease Obligations": "28,877", "Net Tangible Assets": "-30,616", "Working Capital": "290,811", "Invested Capital": "836,107", "Tangible Book Value": "-30,616", "Total Debt": "381,912", "Net Debt": "197,841", "Share Issued": "41,395", "Ordinary Shares Number": "41,395"}, "12/31/2018": {"Duration": "12/31/2018", "Total Assets": "1,134,002", "Total Liabilities Net Minority Interest": "588,058", "Total Equity Gross Minority Interest": "545,944", "Total Capitalization": "889,671", "Common Stock Equity": "546,243", "Capital Lease Obligations": "2,613", "Net Tangible Assets": "-14,845", "Working Capital": "324,650", "Invested Capital": "896,458", "Tangible Book Value": "-14,845", "Total Debt": "352,828", "Net Debt": "185,755", "Share Issued": "40,763", "Ordinary Shares Number": "40,763"}}, "cf": {"TTM": {"Duration": "TTM", "Operating Cash Flow": "-", "Investing Cash Flow": "-", "Financing Cash Flow": "-", "Cash Flow from Discontinued Operation": "-", "End Cash Position": "-", "Income Tax Paid Supplemental Data": "-", "Interest Paid Supplemental Data": "-", "Capital Expenditure": "-", "Issuance of Capital Stock": "-", "Issuance of Debt": "-", "Repayment of Debt": "-", "Repurchase of Capital Stock": "-", "Free Cash Flow": "-"}, "12/31/2020": {"Duration": "12/31/2020", "Operating Cash Flow": "49,734", "Investing Cash Flow": "-18,363", "Financing Cash Flow": "-38,072", "Cash Flow from Discontinued Operation": "-", "End Cash Position": "149,358", "Income Tax Paid Supplemental Data": "5,772", "Interest Paid Supplemental Data": "16,324", "Capital Expenditure": "-18,660", "Issuance of Capital Stock": "2,077", "Issuance of Debt": "5,878", "Repayment of Debt": "-41,056", "Repurchase of Capital Stock": "-", "Free Cash Flow": "31,074"}, "12/31/2019": {"Duration": "12/31/2019", "Operating Cash Flow": "17,269", "Investing Cash Flow": "-16,548", "Financing Cash Flow": "-8,183", "Cash Flow from Discontinued Operation": "-", "End Cash Position": "155,930", "Income Tax Paid Supplemental Data": "14,942", "Interest Paid Supplemental Data": "14,846", "Capital Expenditure": "-18,000", "Issuance of Capital Stock": "-", "Issuance of Debt": "5,477", "Repayment of Debt": "-3,817", "Repurchase of Capital Stock": "-", "Free Cash Flow": "-731"}, "12/31/2018": {"Duration": "12/31/2018", "Operating Cash Flow": "34,437", "Investing Cash Flow": "-322,308", "Financing Cash Flow": "322,105", "Cash Flow from Discontinued Operation": "-461", "End Cash Position": "164,921", "Income Tax Paid Supplemental Data": "6,243", "Interest Paid Supplemental Data": "4,977", "Capital Expenditure": "-4,967", "Issuance of Capital Stock": "-", "Issuance of Debt": "348,250", "Repayment of Debt": "-2,323", "Repurchase of Capital Stock": "-8,978", "Free Cash Flow": "29,470"}}}}, {"CAMT": {"quote": {"03/28/2021": {"value": "29.49", "Market Cap": "1.277B", "Beta (5Y Monthly)": "1.61", "PE Ratio (TTM)": "54.61", "EPS (TTM)": "0.54", "Earnings Date": "Feb 09, 2021", "Forward Dividend & Yield": "N/A (N/A)", "Ex-Dividend Date": "Aug 20, 2019", "1y Target Est": "27.75"}, "05/07/2021": {"value": "31.02", "Market Cap": "1.344B", "Beta (5Y Monthly)": "1.67", "PE Ratio (TTM)": "39.87", "EPS (TTM)": "0.78", "Earnings Date": "Aug 03, 2021 - Aug 09, 2021", "Forward Dividend & Yield": "N/A (N/A)", "Ex-Dividend Date": "Aug 20, 2019", "1y Target Est": "41.25"}}, "fin": {"TTM": {"Duration": "TTM", "Total Revenue": "-", "Cost of Revenue": "-", "Gross Profit": "-", "Operating Expense": "-", "Operating Income": "-", "Net Non Operating Interest Income Expense": "-", "Other Income Expense": "-", "Pretax Income": "-", "Tax Provision": "-", "Net Income Common Stockholders": "-", "Diluted NI Available to Com Stockholders": "-", "Basic EPS": "-", "Diluted EPS": "-", "Basic Average Shares": "-", "Diluted Average Shares": "-", "Total Operating Income as Reported": "-", "Total Expenses": "-", "Net Income from Continuing & Discontinued Operation": "-", "Normalized Income": "-", "Interest Income": "-", "Interest Expense": "-", "Net Interest Income": "-", "EBIT": "-", "Reconciled Cost of Revenue": "-", "Reconciled Depreciation": "-", "Net Income from Continuing Operation Net Minority Interest": "-", "Total Unusual Items Excluding Goodwill": "-351", "Total Unusual Items": "-351", "Normalized EBITDA": "-", "Tax Rate for Calcs": "-", "Tax Effect of Unusual Items": "-"}, "12/31/2020": {"Duration": "12/31/2020", "Total Revenue": "155,859", "Cost of Revenue": "82,628", "Gross Profit": "73,231", "Operating Expense": "50,607", "Operating Income": "22,624", "Net Non Operating Interest Income Expense": "1,126", "Other Income Expense": "-351", "Pretax Income": "23,399", "Tax Provision": "1,621", "Net Income Common Stockholders": "21,778", "Diluted NI Available to Com Stockholders": "21,778", "Basic EPS": "0.55", "Diluted EPS": "0.54", "Basic Average Shares": "39,383", "Diluted Average Shares": "40,372", "Total Operating Income as Reported": "22,624", "Total Expenses": "133,235", "Net Income from Continuing & Discontinued Operation": "21,778", "Normalized Income": "22,105", "Interest Income": "1,281", "Interest Expense": "-", "Net Interest Income": "1,126", "EBIT": "22,624", "Reconciled Cost of Revenue": "82,628", "Reconciled Depreciation": "2,234", "Net Income from Continuing Operation Net Minority Interest": "21,778", "Total Unusual Items Excluding Goodwill": "-351", "Total Unusual Items": "-351", "Normalized EBITDA": "25,209", "Tax Rate for Calcs": "0", "Tax Effect of Unusual Items": "-24.316"}, "12/31/2019": {"Duration": "12/31/2019", "Total Revenue": "134,019", "Cost of Revenue": "69,235", "Gross Profit": "64,784", "Operating Expense": "42,812", "Operating Income": "21,972", "Net Non Operating Interest Income Expense": "801", "Other Income Expense": "-", "Pretax Income": "22,773", "Tax Provision": "1,950", "Net Income Common Stockholders": "21,986", "Diluted NI Available to Com Stockholders": "21,986", "Basic EPS": "0.57", "Diluted EPS": "0.57", "Basic Average Shares": "38,650", "Diluted Average Shares": "38,650", "Total Operating Income as Reported": "21,972", "Total Expenses": "112,047", "Net Income from Continuing & Discontinued Operation": "21,986", "Normalized Income": "20,823", "Interest Income": "1,412", "Interest Expense": "0", "Net Interest Income": "801", "EBIT": "22,773", "Reconciled Cost of Revenue": "69,235", "Reconciled Depreciation": "2,134", "Net Income from Continuing Operation Net Minority Interest": "20,823", "Total Unusual Items Excluding Goodwill": "0", "Total Unusual Items": "0", "Normalized EBITDA": "24,907", "Tax Rate for Calcs": "0", "Tax Effect of Unusual Items": "0"}, "12/31/2018": {"Duration": "12/31/2018", "Total Revenue": "123,174", "Cost of Revenue": "62,378", "Gross Profit": "60,796", "Operating Expense": "40,763", "Operating Income": "20,033", "Net Non Operating Interest Income Expense": "728", "Other Income Expense": "-", "Pretax Income": "20,761", "Tax Provision": "2,030", "Net Income Common Stockholders": "18,731", "Diluted NI Available to Com Stockholders": "18,731", "Basic EPS": "0.52", "Diluted EPS": "0.51", "Basic Average Shares": "36,190", "Diluted Average Shares": "36,747", "Total Operating Income as Reported": "20,033", "Total Expenses": "103,141", "Net Income from Continuing & Discontinued Operation": "18,731", "Normalized Income": "18,731", "Interest Income": "594", "Interest Expense": "0", "Net Interest Income": "728", "EBIT": "20,761", "Reconciled Cost of Revenue": "62,378", "Reconciled Depreciation": "1,966", "Net Income from Continuing Operation Net Minority Interest": "18,731", "Total Unusual Items Excluding Goodwill": "0", "Total Unusual Items": "0", "Normalized EBITDA": "22,727", "Tax Rate for Calcs": "0", "Tax Effect of Unusual Items": "0"}}, "bs": {"12/31/2020": {"Duration": "12/31/2020", "Total Assets": "287,908", "Total Liabilities Net Minority Interest": "60,644", "Total Equity Gross Minority Interest": "227,264", "Total Capitalization": "227,264", "Common Stock Equity": "227,264", "Capital Lease Obligations": "1,415", "Net Tangible Assets": "226,655", "Working Capital": "204,534", "Invested Capital": "227,264", "Tangible Book Value": "226,655", "Total Debt": "1,415", "Share Issued": "45,365", "Ordinary Shares Number": "43,273", "Treasury Shares Number": "2,092"}, "12/31/2019": {"Duration": "12/31/2019", "Total Assets": "170,369", "Total Liabilities Net Minority Interest": "34,067", "Total Equity Gross Minority Interest": "136,302", "Total Capitalization": "136,302", "Common Stock Equity": "136,302", "Capital Lease Obligations": "826", "Net Tangible Assets": "135,811", "Working Capital": "116,096", "Invested Capital": "136,302", "Tangible Book Value": "135,811", "Total Debt": "826", "Share Issued": "40,742", "Ordinary Shares Number": "38,650", "Treasury Shares Number": "2,092"}, "12/31/2018": {"Duration": "12/31/2018", "Total Assets": "141,547", "Total Liabilities Net Minority Interest": "40,140", "Total Equity Gross Minority Interest": "101,407", "Total Capitalization": "101,407", "Common Stock Equity": "101,407", "Capital Lease Obligations": "-", "Net Tangible Assets": "100,931", "Working Capital": "80,581", "Invested Capital": "101,407", "Tangible Book Value": "100,931", "Total Debt": "-", "Share Issued": "38,535", "Ordinary Shares Number": "36,443", "Treasury Shares Number": "2,092"}}, "cf": {"TTM": {"Duration": "TTM", "Operating Cash Flow": "-", "Investing Cash Flow": "-", "Financing Cash Flow": "-", "End Cash Position": "-", "Income Tax Paid Supplemental Data": "-", "Interest Paid Supplemental Data": "-", "Capital Expenditure": "-", "Issuance of Capital Stock": "-", "Free Cash Flow": "-"}, "12/31/2020": {"Duration": "12/31/2020", "Operating Cash Flow": "25,752", "Investing Cash Flow": "-23,126", "Financing Cash Flow": "64,917", "End Cash Position": "105,815", "Income Tax Paid Supplemental Data": "546", "Interest Paid Supplemental Data": "-", "Capital Expenditure": "-2,626", "Issuance of Capital Stock": "64,288", "Free Cash Flow": "23,126"}, "12/31/2019": {"Duration": "12/31/2019", "Operating Cash Flow": "24,626", "Investing Cash Flow": "-51,605", "Financing Cash Flow": "10,017", "End Cash Position": "38,047", "Income Tax Paid Supplemental Data": "666", "Interest Paid Supplemental Data": "-", "Capital Expenditure": "-1,362", "Issuance of Capital Stock": "16,026", "Free Cash Flow": "23,264"}, "12/31/2018": {"Duration": "12/31/2018", "Operating Cash Flow": "16,791", "Investing Cash Flow": "-2,259", "Financing Cash Flow": "-3,306", "End Cash Position": "54,935", "Income Tax Paid Supplemental Data": "534", "Interest Paid Supplemental Data": "0", "Capital Expenditure": "-2,335", "Issuance of Capital Stock": "-", "Free Cash Flow": "14,456"}}}}, {"EMAN": {"quote": {"03/28/2021": {"value": "3.4400", "Market Cap": "244.65M", "Beta (5Y Monthly)": "1.83", "PE Ratio (TTM)": "N/A", "EPS (TTM)": "-0.1890", "Earnings Date": "Mar 18, 2021", "Forward Dividend & Yield": "N/A (N/A)", "Ex-Dividend Date": "Dec 18, 2012", "1y Target Est": "5.00"}, "05/07/2021": {"value": "2.3800", "Market Cap": "171.302M", "Beta (5Y Monthly)": "1.73", "PE Ratio (TTM)": "N/A", "EPS (TTM)": "-0.1890", "Earnings Date": "Mar 18, 2021", "Forward Dividend & Yield": "N/A (N/A)", "Ex-Dividend Date": "Dec 18, 2012", "1y Target Est": "5.00"}}, "fin": {"TTM": {"Duration": "TTM", "Total Revenue": "29,424", "Cost of Revenue": "23,059", "Gross Profit": "6,365", "Operating Expense": "13,282", "Operating Income": "-6,917", "Net Non Operating Interest Income Expense": "-132", "Other Income Expense": "-4,399", "Pretax Income": "-11,448", "Tax Provision": "0", "Net Income Common Stockholders": "-11,448", "Diluted NI Available to Com Stockholders": "-11,448", "Basic EPS": "-", "Diluted EPS": "-", "Basic Average Shares": "-", "Diluted Average Shares": "-", "Total Operating Income as Reported": "-6,917", "Total Expenses": "36,341", "Net Income from Continuing & Discontinued Operation": "-11,448", "Normalized Income": "-6,849", "Interest Expense": "132", "Net Interest Income": "-132", "EBIT": "-6,917", "EBITDA": "-4,107", "Reconciled Cost of Revenue": "23,059", "Reconciled Depreciation": "2,810", "Net Income from Continuing Operation Net Minority Interest": "-11,448", "Total Unusual Items Excluding Goodwill": "-4,599", "Total Unusual Items": "-4,599", "Normalized EBITDA": "492", "Tax Rate for Calcs": "0", "Tax Effect of Unusual Items": "0"}, "12/31/2020": {"Duration": "12/31/2020", "Total Revenue": "29,424", "Cost of Revenue": "23,059", "Gross Profit": "6,365", "Operating Expense": "13,282", "Operating Income": "-6,917", "Net Non Operating Interest Income Expense": "-132", "Other Income Expense": "-4,399", "Pretax Income": "-11,448", "Tax Provision": "0", "Net Income Common Stockholders": "-11,448", "Diluted NI Available to Com Stockholders": "-11,448", "Basic EPS": "-", "Diluted EPS": "-", "Basic Average Shares": "-", "Diluted Average Shares": "-", "Total Operating Income as Reported": "-6,917", "Total Expenses": "36,341", "Net Income from Continuing & Discontinued Operation": "-11,448", "Normalized Income": "-6,849", "Interest Expense": "132", "Net Interest Income": "-132", "EBIT": "-6,917", "EBITDA": "-", "Reconciled Cost of Revenue": "23,059", "Reconciled Depreciation": "2,810", "Net Income from Continuing Operation Net Minority Interest": "-11,448", "Total Unusual Items Excluding Goodwill": "-4,599", "Total Unusual Items": "-4,599", "Normalized EBITDA": "492", "Tax Rate for Calcs": "0", "Tax Effect of Unusual Items": "0"}, "12/31/2019": {"Duration": "12/31/2019", "Total Revenue": "26,726", "Cost of Revenue": "19,998", "Gross Profit": "6,728", "Operating Expense": "12,299", "Operating Income": "-5,571", "Net Non Operating Interest Income Expense": "-201", "Other Income Expense": "1,474", "Pretax Income": "-4,298", "Tax Provision": "0", "Net Income Common Stockholders": "-4,298", "Diluted NI Available to Com Stockholders": "-4,298", "Basic EPS": "-0.09", "Diluted EPS": "-0.09", "Basic Average Shares": "48,133", "Diluted Average Shares": "48,133", "Total Operating Income as Reported": "-5,571", "Total Expenses": "32,297", "Net Income from Continuing & Discontinued Operation": "-4,298", "Normalized Income": "-5,772", "Interest Expense": "-", "Net Interest Income": "-201", "EBIT": "-5,571", "EBITDA": "-", "Reconciled Cost of Revenue": "19,998", "Reconciled Depreciation": "2,584", "Net Income from Continuing Operation Net Minority Interest": "-4,298", "Total Unusual Items Excluding Goodwill": "1,474", "Total Unusual Items": "1,474", "Normalized EBITDA": "-4,461", "Tax Rate for Calcs": "0", "Tax Effect of Unusual Items": "0"}, "12/31/2018": {"Duration": "12/31/2018", "Total Revenue": "26,235", "Cost of Revenue": "22,241", "Gross Profit": "3,994", "Operating Expense": "15,661", "Operating Income": "-11,667", "Net Non Operating Interest Income Expense": "-69", "Other Income Expense": "2,194", "Pretax Income": "-9,542", "Tax Provision": "0", "Net Income Common Stockholders": "-9,542", "Diluted NI Available to Com Stockholders": "-9,542", "Basic EPS": "-0.21", "Diluted EPS": "-0.21", "Basic Average Shares": "44,429", "Diluted Average Shares": "44,429", "Total Operating Income as Reported": "-11,667", "Total Expenses": "37,902", "Net Income from Continuing & Discontinued Operation": "-9,542", "Normalized Income": "-11,736", "Interest Expense": "-", "Net Interest Income": "-69", "EBIT": "-11,667", "EBITDA": "-", "Reconciled Cost of Revenue": "22,241", "Reconciled Depreciation": "1,989", "Net Income from Continuing Operation Net Minority Interest": "-9,542", "Total Unusual Items Excluding Goodwill": "2,194", "Total Unusual Items": "2,194", "Normalized EBITDA": "-11,872", "Tax Rate for Calcs": "0", "Tax Effect of Unusual Items": "0"}}, "bs": {"12/31/2020": {"Duration": "12/31/2020", "Total Assets": "47,636", "Total Liabilities Net Minority Interest": "31,396", "Total Equity Gross Minority Interest": "16,240", "Total Capitalization": "17,222", "Common Stock Equity": "16,240", "Capital Lease Obligations": "12,861", "Net Tangible Assets": "16,114", "Working Capital": "12,062", "Invested Capital": "20,079", "Tangible Book Value": "16,114", "Total Debt": "16,700", "Net Debt": "-", "Share Issued": "68,891", "Ordinary Shares Number": "68,729", "Preferred Shares Number": "5,659", "Treasury Shares Number": "162.066"}, "12/31/2019": {"Duration": "12/31/2019", "Total Assets": "29,587", "Total Liabilities Net Minority Interest": "11,880", "Total Equity Gross Minority Interest": "17,707", "Total Capitalization": "17,707", "Common Stock Equity": "17,707", "Capital Lease Obligations": "3,866", "Net Tangible Assets": "17,547", "Working Capital": "8,809", "Invested Capital": "20,598", "Tangible Book Value": "17,547", "Total Debt": "6,757", "Net Debt": "-", "Share Issued": "50,250", "Ordinary Shares Number": "50,088", "Preferred Shares Number": "5,659", "Treasury Shares Number": "162.066"}, "12/31/2018": {"Duration": "12/31/2018", "Total Assets": "25,416", "Total Liabilities Net Minority Interest": "7,447", "Total Equity Gross Minority Interest": "17,969", "Total Capitalization": "17,969", "Common Stock Equity": "17,969", "Capital Lease Obligations": "-", "Net Tangible Assets": "17,700", "Working Capital": "8,779", "Invested Capital": "17,969", "Tangible Book Value": "17,700", "Total Debt": "-", "Net Debt": "-", "Share Issued": "45,323", "Ordinary Shares Number": "45,161", "Preferred Shares Number": "5,659", "Treasury Shares Number": "162.066"}}, "cf": {"TTM": {"Duration": "TTM", "Operating Cash Flow": "-4,897", "Investing Cash Flow": "-2,450", "Financing Cash Flow": "14,258", "End Cash Position": "10,426", "Income Tax Paid Supplemental Data": "0", "Interest Paid Supplemental Data": "52", "Capital Expenditure": "-1,089", "Issuance of Capital Stock": "9,783", "Issuance of Debt": "1,963", "Repayment of Debt": "-17", "Free Cash Flow": "-5,986"}, "12/31/2020": {"Duration": "12/31/2020", "Operating Cash Flow": "-4,897", "Investing Cash Flow": "-2,450", "Financing Cash Flow": "14,258", "End Cash Position": "10,426", "Income Tax Paid Supplemental Data": "0", "Interest Paid Supplemental Data": "52", "Capital Expenditure": "-1,089", "Issuance of Capital Stock": "9,783", "Issuance of Debt": "1,963", "Repayment of Debt": "-17", "Free Cash Flow": "-5,986"}, "12/31/2019": {"Duration": "12/31/2019", "Operating Cash Flow": "-5,110", "Investing Cash Flow": "-1,110", "Financing Cash Flow": "6,376", "End Cash Position": "3,515", "Income Tax Paid Supplemental Data": "0", "Interest Paid Supplemental Data": "177", "Capital Expenditure": "-1,110", "Issuance of Capital Stock": "3,476", "Issuance of Debt": "-", "Repayment of Debt": "-", "Free Cash Flow": "-6,220"}, "12/31/2018": {"Duration": "12/31/2018", "Operating Cash Flow": "-6,379", "Investing Cash Flow": "-2,296", "Financing Cash Flow": "8,508", "End Cash Position": "3,359", "Income Tax Paid Supplemental Data": "0", "Interest Paid Supplemental Data": "106", "Capital Expenditure": "-2,296", "Issuance of Capital Stock": "12,172", "Issuance of Debt": "-", "Repayment of Debt": "-3,808", "Free Cash Flow": "-8,675"}}}}, {"IPGP": {"quote": {"03/28/2021": {"value": "206.87", "Market Cap": "11.074B", "Beta (5Y Monthly)": "1.47", "PE Ratio (TTM)": "69.65", "EPS (TTM)": "2.97", "Earnings Date": "May 03, 2021 - May 07, 2021", "Forward Dividend & Yield": "N/A (N/A)", "Ex-Dividend Date": "Dec 19, 2012", "1y Target Est": "284.60"}, "05/07/2021": {"value": "197.30", "Market Cap": "10.583B", "Beta (5Y Monthly)": "1.37", "PE Ratio (TTM)": "55.55", "EPS (TTM)": "3.55", "Earnings Date": "Aug 02, 2021 - Aug 06, 2021", "Forward Dividend & Yield": "N/A (N/A)", "Ex-Dividend Date": "Dec 19, 2012", "1y Target Est": "255.85"}}, "fin": {"TTM": {"Duration": "TTM", "Total Revenue": "1,297,067", "Cost of Revenue": "696,956", "Gross Profit": "600,111", "Operating Expense": "312,155", "Operating Income": "287,956", "Net Non Operating Interest Income Expense": "2,702", "Other Income Expense": "-44,449", "Pretax Income": "246,232", "Tax Provision": "54,438", "Net Income Common Stockholders": "191,296", "Diluted NI Available to Com Stockholders": "191,296", "Basic EPS": "-", "Diluted EPS": "-", "Basic Average Shares": "-", "Diluted Average Shares": "-", "Total Operating Income as Reported": "242,705", "Total Expenses": "1,009,111", "Net Income from Continuing & Discontinued Operation": "191,296", "Normalized Income": "226,561", "Interest Income": "-", "Net Interest Income": "2,702", "EBIT": "287,956", "EBITDA": "382,230", "Reconciled Cost of Revenue": "696,956", "Reconciled Depreciation": "94,274", "Net Income from Continuing Operation Net Minority Interest": "191,296", "Total Unusual Items Excluding Goodwill": "-45,274", "Total Unusual Items": "-45,274", "Normalized EBITDA": "427,504", "Tax Rate for Calcs": "0", "Tax Effect of Unusual Items": "-10,009"}, "12/31/2020": {"Duration": "12/31/2020", "Total Revenue": "1,200,724", "Cost of Revenue": "661,728", "Gross Profit": "538,996", "Operating Expense": "307,486", "Operating Income": "231,510", "Net Non Operating Interest Income Expense": "6,270", "Other Income Expense": "-32,111", "Pretax Income": "205,692", "Tax Provision": "45,354", "Net Income Common Stockholders": "159,572", "Diluted NI Available to Com Stockholders": "159,572", "Basic EPS": "-", "Diluted EPS": "-", "Basic Average Shares": "-", "Diluted Average Shares": "-", "Total Operating Income as Reported": "198,659", "Total Expenses": "969,214", "Net Income from Continuing & Discontinued Operation": "159,572", "Normalized Income": "185,214", "Interest Income": "6,270", "Net Interest Income": "6,270", "EBIT": "231,510", "EBITDA": "-", "Reconciled Cost of Revenue": "661,728", "Reconciled Depreciation": "94,554", "Net Income from Continuing Operation Net Minority Interest": "159,572", "Total Unusual Items Excluding Goodwill": "-32,874", "Total Unusual Items": "-32,874", "Normalized EBITDA": "358,938", "Tax Rate for Calcs": "0", "Tax Effect of Unusual Items": "-7,232"}, "12/31/2019": {"Duration": "12/31/2019", "Total Revenue": "1,314,581", "Cost of Revenue": "708,372", "Gross Profit": "606,209", "Operating Expense": "315,339", "Operating Income": "290,870", "Net Non Operating Interest Income Expense": "14,238", "Other Income Expense": "-56,732", "Pretax Income": "248,376", "Tax Provision": "68,115", "Net Income Common Stockholders": "180,234", "Diluted NI Available to Com Stockholders": "180,234", "Basic EPS": "3.40", "Diluted EPS": "3.35", "Basic Average Shares": "53,061", "Diluted Average Shares": "53,839", "Total Operating Income as Reported": "233,793", "Total Expenses": "1,023,711", "Net Income from Continuing & Discontinued Operation": "180,234", "Normalized Income": "221,672", "Interest Income": "-", "Net Interest Income": "14,238", "EBIT": "290,870", "EBITDA": "-", "Reconciled Cost of Revenue": "708,372", "Reconciled Depreciation": "96,268", "Net Income from Continuing Operation Net Minority Interest": "180,234", "Total Unusual Items Excluding Goodwill": "-57,077", "Total Unusual Items": "-57,077", "Normalized EBITDA": "444,215", "Tax Rate for Calcs": "0", "Tax Effect of Unusual Items": "-15,639"}, "12/31/2018": {"Duration": "12/31/2018", "Total Revenue": "1,459,874", "Cost of Revenue": "659,606", "Gross Profit": "800,268", "Operating Expense": "283,013", "Operating Income": "517,255", "Net Non Operating Interest Income Expense": "9,057", "Other Income Expense": "8,083", "Pretax Income": "534,395", "Tax Provision": "130,226", "Net Income Common Stockholders": "404,027", "Diluted NI Available to Com Stockholders": "404,027", "Basic EPS": "7.55", "Diluted EPS": "7.38", "Basic Average Shares": "53,522", "Diluted Average Shares": "54,726", "Total Operating Income as Reported": "523,405", "Total Expenses": "942,619", "Net Income from Continuing & Discontinued Operation": "404,027", "Normalized Income": "399,378", "Interest Income": "-", "Net Interest Income": "9,057", "EBIT": "517,255", "EBITDA": "-", "Reconciled Cost of Revenue": "659,606", "Reconciled Depreciation": "80,271", "Net Income from Continuing Operation Net Minority Interest": "404,027", "Total Unusual Items Excluding Goodwill": "6,150", "Total Unusual Items": "6,150", "Normalized EBITDA": "591,376", "Tax Rate for Calcs": "0", "Tax Effect of Unusual Items": "1,501"}}, "bs": {"12/31/2020": {"Duration": "12/31/2020", "Total Assets": "2,935,700", "Total Liabilities Net Minority Interest": "341,589", "Total Equity Gross Minority Interest": "2,594,111", "Total Capitalization": "2,626,976", "Common Stock Equity": "2,592,819", "Capital Lease Obligations": "5,778", "Net Tangible Assets": "2,489,339", "Working Capital": "1,933,499", "Invested Capital": "2,630,786", "Tangible Book Value": "2,489,339", "Total Debt": "43,745", "Share Issued": "55,461", "Ordinary Shares Number": "53,427", "Treasury Shares Number": "2,034"}, "12/31/2019": {"Duration": "12/31/2019", "Total Assets": "2,730,436", "Total Liabilities Net Minority Interest": "327,993", "Total Equity Gross Minority Interest": "2,402,443", "Total Capitalization": "2,439,694", "Common Stock Equity": "2,401,726", "Capital Lease Obligations": "5,300", "Net Tangible Assets": "2,245,363", "Working Capital": "1,704,730", "Invested Capital": "2,443,434", "Tangible Book Value": "2,245,363", "Total Debt": "47,008", "Share Issued": "54,743", "Ordinary Shares Number": "53,011", "Treasury Shares Number": "1,732"}, "12/31/2018": {"Duration": "12/31/2018", "Total Assets": "2,574,450", "Total Liabilities Net Minority Interest": "368,215", "Total Equity Gross Minority Interest": "2,206,235", "Total Capitalization": "2,247,255", "Common Stock Equity": "2,205,548", "Capital Lease Obligations": "-", "Net Tangible Assets": "2,017,687", "Working Capital": "1,559,650", "Invested Capital": "2,250,926", "Tangible Book Value": "2,017,687", "Total Debt": "45,378", "Share Issued": "54,372", "Ordinary Shares Number": "52,942", "Treasury Shares Number": "1,430"}}, "cf": {"TTM": {"Duration": "TTM", "Operating Cash Flow": "316,097", "Investing Cash Flow": "-20,514", "Financing Cash Flow": "9,075", "End Cash Position": "876,999", "Income Tax Paid Supplemental Data": "77,336", "Interest Paid Supplemental Data": "2,490", "Capital Expenditure": "-97,316", "Issuance of Debt": "-", "Repayment of Debt": "-3,758", "Repurchase of Capital Stock": "-28,216", "Free Cash Flow": "218,781"}, "12/31/2020": {"Duration": "12/31/2020", "Operating Cash Flow": "285,335", "Investing Cash Flow": "-99,574", "Financing Cash Flow": "-10,080", "End Cash Position": "878,553", "Income Tax Paid Supplemental Data": "85,861", "Interest Paid Supplemental Data": "2,234", "Capital Expenditure": "-87,696", "Issuance of Debt": "0", "Repayment of Debt": "-3,740", "Repurchase of Capital Stock": "-37,884", "Free Cash Flow": "197,639"}, "12/31/2019": {"Duration": "12/31/2019", "Operating Cash Flow": "323,521", "Investing Cash Flow": "-139,975", "Financing Cash Flow": "-37,067", "End Cash Position": "682,984", "Income Tax Paid Supplemental Data": "116,951", "Interest Paid Supplemental Data": "2,683", "Capital Expenditure": "-133,536", "Issuance of Debt": "15", "Repayment of Debt": "-3,686", "Repurchase of Capital Stock": "-40,732", "Free Cash Flow": "189,985"}, "12/31/2018": {"Duration": "12/31/2018", "Operating Cash Flow": "393,301", "Investing Cash Flow": "-562,999", "Financing Cash Flow": "-166,647", "End Cash Position": "544,358", "Income Tax Paid Supplemental Data": "112,762", "Interest Paid Supplemental Data": "3,052", "Capital Expenditure": "-160,343", "Issuance of Debt": "255", "Repayment of Debt": "-3,859", "Repurchase of Capital Stock": "-176,065", "Free Cash Flow": "232,958"}}}}, {"PKE": {"quote": {"03/28/2021": {"value": "13.76", "Market Cap": "280.448M", "Beta (5Y Monthly)": "0.95", "PE Ratio (TTM)": "45.56", "EPS (TTM)": "0.30", "Earnings Date": "May 12, 2021 - May 17, 2021", "Forward Dividend & Yield": "0.40 (2.91%)", "Ex-Dividend Date": "Mar 31, 2021", "1y Target Est": "N/A"}, "05/07/2021": {"value": "13.74", "Market Cap": "280.04M", "Beta (5Y Monthly)": "0.89", "PE Ratio (TTM)": "45.50", "EPS (TTM)": "0.30", "Earnings Date": "May 12, 2021 - May 17, 2021", "Forward Dividend & Yield": "0.40 (2.92%)", "Ex-Dividend Date": "Mar 31, 2021", "1y Target Est": "N/A"}}, "fin": {"TTM": {"Duration": "TTM", "Total Revenue": "47,329", "Cost of Revenue": "33,430", "Gross Profit": "13,899", "Operating Expense": "6,865", "Operating Income": "7,034", "Net Non Operating Interest Income Expense": "2,287", "Other Income Expense": "-", "Pretax Income": "9,321", "Tax Provision": "2,528", "Net Income Common Stockholders": "6,216", "Diluted NI Available to Com Stockholders": "6,216", "Basic EPS": "-", "Diluted EPS": "-", "Basic Average Shares": "-", "Diluted Average Shares": "-", "Total Operating Income as Reported": "7,034", "Total Expenses": "40,295", "Net Income from Continuing & Discontinued Operation": "6,216", "Normalized Income": "6,793", "Interest Income": "2,287", "Interest Expense": "-", "Net Interest Income": "2,287", "EBIT": "10,364", "EBITDA": "11,636", "Reconciled Cost of Revenue": "33,430", "Reconciled Depreciation": "1,272", "Net Income from Continuing Operation Net Minority Interest": "6,793", "Total Unusual Items Excluding Goodwill": "-", "Total Unusual Items": "-", "Normalized EBITDA": "11,636", "Tax Rate for Calcs": "0", "Tax Effect of Unusual Items": "0"}, "2/29/2020": {"Duration": "2/29/2020", "Total Revenue": "60,014", "Cost of Revenue": "41,341", "Gross Profit": "18,673", "Operating Expense": "7,932", "Operating Income": "10,741", "Net Non Operating Interest Income Expense": "3,330", "Other Income Expense": "-", "Pretax Income": "14,071", "Tax Provision": "3,866", "Net Income Common Stockholders": "9,552", "Diluted NI Available to Com Stockholders": "9,552", "Basic EPS": "0.47", "Diluted EPS": "0.47", "Basic Average Shares": "20,507", "Diluted Average Shares": "20,595", "Total Operating Income as Reported": "10,741", "Total Expenses": "49,273", "Net Income from Continuing & Discontinued Operation": "9,552", "Normalized Income": "10,205", "Interest Income": "3,330", "Interest Expense": "0", "Net Interest Income": "3,330", "EBIT": "14,071", "EBITDA": "-", "Reconciled Cost of Revenue": "41,341", "Reconciled Depreciation": "1,544", "Net Income from Continuing Operation Net Minority Interest": "10,205", "Total Unusual Items Excluding Goodwill": "0", "Total Unusual Items": "0", "Normalized EBITDA": "15,615", "Tax Rate for Calcs": "0", "Tax Effect of Unusual Items": "0"}, "2/28/2019": {"Duration": "2/28/2019", "Total Revenue": "51,116", "Cost of Revenue": "34,932", "Gross Profit": "16,184", "Operating Expense": "8,968", "Operating Income": "7,216", "Net Non Operating Interest Income Expense": "2,379", "Other Income Expense": "-1,498", "Pretax Income": "8,097", "Tax Provision": "1,791", "Net Income Common Stockholders": "113,545", "Diluted NI Available to Com Stockholders": "113,545", "Basic EPS": "5.60", "Diluted EPS": "5.57", "Basic Average Shares": "20,288", "Diluted Average Shares": "20,385", "Total Operating Income as Reported": "7,216", "Total Expenses": "43,900", "Net Income from Continuing & Discontinued Operation": "113,545", "Normalized Income": "7,473", "Interest Income": "2,379", "Interest Expense": "0", "Net Interest Income": "2,379", "EBIT": "8,097", "EBITDA": "-", "Reconciled Cost of Revenue": "34,932", "Reconciled Depreciation": "1,784", "Net Income from Continuing Operation Net Minority Interest": "6,306", "Total Unusual Items Excluding Goodwill": "-1,498", "Total Unusual Items": "-1,498", "Normalized EBITDA": "11,379", "Tax Rate for Calcs": "0", "Tax Effect of Unusual Items": "-331.058"}}, "bs": {"2/29/2020": {"Duration": "2/29/2020", "Total Assets": "171,786", "Total Liabilities Net Minority Interest": "30,111", "Total Equity Gross Minority Interest": "141,675", "Total Capitalization": "141,675", "Common Stock Equity": "141,675", "Capital Lease Obligations": "420", "Net Tangible Assets": "131,871", "Working Capital": "136,487", "Invested Capital": "141,675", "Tangible Book Value": "131,871", "Total Debt": "420", "Share Issued": "20,965", "Ordinary Shares Number": "20,519", "Treasury Shares Number": "446.321"}, "2/28/2019": {"Duration": "2/28/2019", "Total Assets": "188,851", "Total Liabilities Net Minority Interest": "29,840", "Total Equity Gross Minority Interest": "159,011", "Total Capitalization": "159,011", "Common Stock Equity": "159,011", "Capital Lease Obligations": "-", "Net Tangible Assets": "149,200", "Working Capital": "156,778", "Invested Capital": "159,011", "Tangible Book Value": "149,200", "Total Debt": "-", "Share Issued": "20,965", "Ordinary Shares Number": "20,486", "Treasury Shares Number": "479.191"}}, "cf": {"TTM": {"Duration": "TTM", "Operating Cash Flow": "11,211", "Investing Cash Flow": "16,211", "Financing Cash Flow": "-30,313", "End Cash Position": "3,789", "Capital Expenditure": "-7,734", "Issuance of Debt": "-", "Repayment of Debt": "-", "Repurchase of Capital Stock": "-", "Free Cash Flow": "3,477"}, "2/29/2020": {"Duration": "2/29/2020", "Operating Cash Flow": "5,218", "Investing Cash Flow": "-42,511", "Financing Cash Flow": "-28,304", "End Cash Position": "5,410", "Capital Expenditure": "-6,846", "Issuance of Debt": "-", "Repayment of Debt": "0", "Repurchase of Capital Stock": "-", "Free Cash Flow": "-1,628"}, "2/28/2019": {"Duration": "2/28/2019", "Operating Cash Flow": "7,543", "Investing Cash Flow": "153,849", "Financing Cash Flow": "-105,519", "End Cash Position": "71,007", "Capital Expenditure": "-2,764", "Issuance of Debt": "-", "Repayment of Debt": "0", "Repurchase of Capital Stock": "-", "Free Cash Flow": "4,779"}}}}, {"IMOS": {"quote": {"03/28/2021": {"value": "31.18", "Market Cap": "1.139B", "Beta (5Y Monthly)": "0.61", "PE Ratio (TTM)": "13.80", "EPS (TTM)": "2.26", "Earnings Date": "N/A", "Forward Dividend & Yield": "1.23 (4.07%)", "Ex-Dividend Date": "Jul 01, 2020", "1y Target Est": "20.00"}, "05/07/2021": {"value": "33.04", "Market Cap": "1.186B", "Beta (5Y Monthly)": "0.68", "PE Ratio (TTM)": "14.37", "EPS (TTM)": "2.30", "Earnings Date": "N/A", "Forward Dividend & Yield": "1.23 (3.85%)", "Ex-Dividend Date": "Jul 01, 2020", "1y Target Est": "20.00"}}, "fin": {"TTM": {"Duration": "TTM", "Total Revenue": "23,011,381", "Cost of Revenue": "16,411,742", "Gross Profit": "5,032,173", "Operating Expense": "1,587,290", "Operating Income": "3,444,883", "Net Non Operating Interest Income Expense": "-115,894", "Other Income Expense": "-327,820", "Pretax Income": "3,022,253", "Tax Provision": "513,679", "Net Income Common Stockholders": "2,378,978", "Average Dilution Earnings": "-", "Diluted NI Available to Com Stockholders": "2,378,978", "Basic EPS": "-", "Diluted EPS": "-", "Basic Average Shares": "-", "Diluted Average Shares": "-", "Total Operating Income as Reported": "3,566,502", "Total Expenses": "19,566,498", "Net Income from Continuing & Discontinued Operation": "2,378,978", "Normalized Income": "2,537,977", "Interest Income": "64,368", "Interest Expense": "171,075", "Net Interest Income": "-115,894", "EBIT": "3,135,759", "EBITDA": "7,311,278", "Reconciled Cost of Revenue": "16,411,742", "Reconciled Depreciation": "3,731,914", "Net Income from Continuing Operation Net Minority Interest": "2,378,978", "Total Unusual Items Excluding Goodwill": "856,366", "Total Unusual Items": "856,366", "Normalized EBITDA": "7,510,002", "Tax Rate for Calcs": "0", "Tax Effect of Unusual Items": "-39,725"}, "12/31/2020": {"Duration": "12/31/2020", "Total Revenue": "23,011,381", "Cost of Revenue": "17,979,208", "Gross Profit": "5,032,173", "Operating Expense": "1,587,290", "Operating Income": "3,444,883", "Net Non Operating Interest Income Expense": "-143,704", "Other Income Expense": "-327,820", "Pretax Income": "2,973,359", "Tax Provision": "594,381", "Net Income Common Stockholders": "2,378,978", "Average Dilution Earnings": "-", "Diluted NI Available to Com Stockholders": "2,378,978", "Basic EPS": "-", "Diluted EPS": "-", "Basic Average Shares": "-", "Diluted Average Shares": "-", "Total Operating Income as Reported": "3,566,502", "Total Expenses": "19,566,498", "Net Income from Continuing & Discontinued Operation": "2,378,978", "Normalized Income": "2,537,977", "Interest Income": "27,778", "Interest Expense": "162,400", "Net Interest Income": "-143,704", "EBIT": "3,135,759", "EBITDA": "-", "Reconciled Cost of Revenue": "17,979,208", "Reconciled Depreciation": "4,175,519", "Net Income from Continuing Operation Net Minority Interest": "2,378,978", "Total Unusual Items Excluding Goodwill": "-198,724", "Total Unusual Items": "-198,724", "Normalized EBITDA": "7,510,002", "Tax Rate for Calcs": "0", "Tax Effect of Unusual Items": "-39,725"}, "12/31/2019": {"Duration": "12/31/2019", "Total Revenue": "20,337,881", "Cost of Revenue": "16,411,742", "Gross Profit": "3,926,139", "Operating Expense": "1,547,595", "Operating Income": "2,378,544", "Net Non Operating Interest Income Expense": "-115,894", "Other Income Expense": "759,603", "Pretax Income": "3,022,253", "Tax Provision": "513,679", "Net Income Common Stockholders": "2,508,574", "Average Dilution Earnings": "-", "Diluted NI Available to Com Stockholders": "2,508,574", "Basic EPS": "69.00", "Diluted EPS": "68.00", "Basic Average Shares": "36,356", "Diluted Average Shares": "36,856", "Total Operating Income as Reported": "2,457,119", "Total Expenses": "17,959,337", "Net Income from Continuing & Discontinued Operation": "2,508,574", "Normalized Income": "1,761,528", "Interest Income": "64,368", "Interest Expense": "171,075", "Net Interest Income": "-115,894", "EBIT": "3,193,328", "EBITDA": "-", "Reconciled Cost of Revenue": "16,411,742", "Reconciled Depreciation": "3,731,914", "Net Income from Continuing Operation Net Minority Interest": "2,508,574", "Total Unusual Items Excluding Goodwill": "900,018", "Total Unusual Items": "900,018", "Normalized EBITDA": "6,025,224", "Tax Rate for Calcs": "0", "Tax Effect of Unusual Items": "152,972"}, "12/31/2018": {"Duration": "12/31/2018", "Total Revenue": "18,480,027", "Cost of Revenue": "15,050,032", "Gross Profit": "3,429,995", "Operating Expense": "1,375,963", "Operating Income": "2,054,032", "Net Non Operating Interest Income Expense": "-140,277", "Other Income Expense": "-131,313", "Pretax Income": "1,782,442", "Tax Provision": "456,618", "Net Income Common Stockholders": "1,325,824", "Average Dilution Earnings": "-", "Diluted NI Available to Com Stockholders": "1,325,824", "Basic EPS": "27.40", "Diluted EPS": "27.20", "Basic Average Shares": "40,258", "Diluted Average Shares": "40,554", "Total Operating Income as Reported": "2,099,721", "Total Expenses": "16,425,995", "Net Income from Continuing & Discontinued Operation": "1,325,824", "Normalized Income": "1,221,057", "Interest Income": "49,971", "Interest Expense": "152,416", "Net Interest Income": "-140,277", "EBIT": "1,934,858", "EBITDA": "-", "Reconciled Cost of Revenue": "15,050,032", "Reconciled Depreciation": "3,376,579", "Net Income from Continuing Operation Net Minority Interest": "1,325,824", "Total Unusual Items Excluding Goodwill": "140,849", "Total Unusual Items": "140,849", "Normalized EBITDA": "5,170,588", "Tax Rate for Calcs": "0", "Tax Effect of Unusual Items": "36,082"}}, "bs": {"12/31/2020": {"Duration": "12/31/2020", "Total Assets": "35,080,814", "Total Liabilities Net Minority Interest": "14,364,975", "Total Equity Gross Minority Interest": "20,715,839", "Total Capitalization": "27,701,051", "Common Stock Equity": "20,715,839", "Capital Lease Obligations": "870,495", "Net Tangible Assets": "20,715,839", "Working Capital": "6,630,472", "Invested Capital": "28,452,303", "Tangible Book Value": "20,715,839", "Total Debt": "8,606,959", "Net Debt": "3,622,813", "Share Issued": "727,240", "Ordinary Shares Number": "727,240", "Treasury Shares Number": "-"}, "12/31/2019": {"Duration": "12/31/2019", "Total Assets": "34,305,887", "Total Liabilities Net Minority Interest": "14,775,302", "Total Equity Gross Minority Interest": "19,530,585", "Total Capitalization": "27,823,811", "Common Stock Equity": "19,530,585", "Capital Lease Obligations": "692,951", "Net Tangible Assets": "19,530,585", "Working Capital": "6,743,485", "Invested Capital": "28,572,230", "Tangible Book Value": "19,530,585", "Total Debt": "9,734,596", "Net Debt": "4,337,561", "Share Issued": "727,240", "Ordinary Shares Number": "727,240", "Treasury Shares Number": "-"}, "12/31/2018": {"Duration": "12/31/2018", "Total Assets": "33,133,718", "Total Liabilities Net Minority Interest": "15,112,545", "Total Equity Gross Minority Interest": "18,021,173", "Total Capitalization": "27,063,269", "Common Stock Equity": "18,021,173", "Capital Lease Obligations": "17,792", "Net Tangible Assets": "18,021,173", "Working Capital": "6,648,310", "Invested Capital": "27,810,691", "Tangible Book Value": "18,021,173", "Total Debt": "9,807,310", "Net Debt": "5,146,996", "Share Issued": "752,835", "Ordinary Shares Number": "727,265", "Treasury Shares Number": "25,570"}}, "cf": {"TTM": {"Duration": "TTM", "Operating Cash Flow": "5,940,236", "Investing Cash Flow": "-3,799,351", "Financing Cash Flow": "-2,720,242", "End Cash Position": "4,113,651", "Capital Expenditure": "-5,440,621", "Issuance of Debt": "834,955", "Repayment of Debt": "-1,639,566", "Repurchase of Capital Stock": "-", "Free Cash Flow": "1,979,210"}, "12/31/2020": {"Duration": "12/31/2020", "Operating Cash Flow": "5,940,236", "Investing Cash Flow": "-3,799,351", "Financing Cash Flow": "-2,720,242", "End Cash Position": "4,113,651", "Capital Expenditure": "-3,961,026", "Issuance of Debt": "4,580,664", "Repayment of Debt": "-5,992,449", "Repurchase of Capital Stock": "-", "Free Cash Flow": "1,979,210"}, "12/31/2019": {"Duration": "12/31/2019", "Operating Cash Flow": "5,982,437", "Investing Cash Flow": "-4,237,841", "Financing Cash Flow": "-1,677,326", "End Cash Position": "4,704,084", "Capital Expenditure": "-5,440,621", "Issuance of Debt": "834,955", "Repayment of Debt": "-1,639,566", "Repurchase of Capital Stock": "-", "Free Cash Flow": "541,816"}, "12/31/2018": {"Duration": "12/31/2018", "Operating Cash Flow": "4,129,186", "Investing Cash Flow": "-5,129,279", "Financing Cash Flow": "-2,400,411", "End Cash Position": "4,642,522", "Capital Expenditure": "-4,154,198", "Issuance of Debt": "13,716,752", "Repayment of Debt": "-14,575,855", "Repurchase of Capital Stock": "0", "Free Cash Flow": "-25,012"}}}}, {"UMC": {"quote": {"03/28/2021": {"value": "8.83", "Market Cap": "21.676B", "Beta (5Y Monthly)": "0.89", "PE Ratio (TTM)": "21.28", "EPS (TTM)": "0.41", "Earnings Date": "N/A", "Forward Dividend & Yield": "0.14 (1.54%)", "Ex-Dividend Date": "Jul 14, 2020", "1y Target Est": "8.78"}, "05/07/2021": {"value": "9.65", "Market Cap": "23.43B", "Beta (5Y Monthly)": "1.05", "PE Ratio (TTM)": "17.71", "EPS (TTM)": "0.55", "Earnings Date": "N/A", "Forward Dividend & Yield": "0.14 (1.46%)", "Ex-Dividend Date": "Jul 14, 2020", "1y Target Est": "10.09"}}, "fin": {"TTM": {"Duration": "TTM", "Total Revenue": "176,820,914", "Cost of Revenue": "137,823,813", "Gross Profit": "38,997,101", "Operating Expense": "18,402,054", "Operating Income": "20,595,047", "Net Non Operating Interest Income Expense": "-1,335,520", "Other Income Expense": "3,283,223", "Pretax Income": "22,542,750", "Tax Provision": "1,691,083", "Net Income Common Stockholders": "22,860,744", "Average Dilution Earnings": "69,019", "Diluted NI Available to Com Stockholders": "22,929,763", "Basic EPS": "-", "Diluted EPS": "-", "Basic Average Shares": "-", "Diluted Average Shares": "-", "Total Operating Income as Reported": "21,931,227", "Total Expenses": "156,225,867", "Net Income from Continuing & Discontinued Operation": "22,860,744", "Normalized Income": "20,125,045", "Interest Income": "737,913", "Interest Expense": "2,004,418", "Net Interest Income": "-1,335,520", "EBIT": "24,547,168", "EBITDA": "73,455,244", "Reconciled Cost of Revenue": "137,823,813", "Reconciled Depreciation": "48,908,076", "Net Income from Continuing Operation Net Minority Interest": "22,860,744", "Total Unusual Items Excluding Goodwill": "2,957,512", "Total Unusual Items": "2,957,512", "Normalized EBITDA": "70,497,732", "Tax Rate for Calcs": "0", "Tax Effect of Unusual Items": "221,813"}, "12/31/2020": {"Duration": "12/31/2020", "Total Revenue": "176,820,914", "Cost of Revenue": "137,823,813", "Gross Profit": "38,997,101", "Operating Expense": "18,402,054", "Operating Income": "20,595,047", "Net Non Operating Interest Income Expense": "-1,335,520", "Other Income Expense": "3,283,223", "Pretax Income": "22,542,750", "Tax Provision": "1,691,083", "Net Income Common Stockholders": "22,860,744", "Average Dilution Earnings": "69,019", "Diluted NI Available to Com Stockholders": "22,929,763", "Basic EPS": "-", "Diluted EPS": "-", "Basic Average Shares": "-", "Diluted Average Shares": "-", "Total Operating Income as Reported": "21,931,227", "Total Expenses": "156,225,867", "Net Income from Continuing & Discontinued Operation": "22,860,744", "Normalized Income": "20,125,045", "Interest Income": "737,913", "Interest Expense": "2,004,418", "Net Interest Income": "-1,335,520", "EBIT": "24,547,168", "EBITDA": "-", "Reconciled Cost of Revenue": "137,823,813", "Reconciled Depreciation": "48,908,076", "Net Income from Continuing Operation Net Minority Interest": "22,860,744", "Total Unusual Items Excluding Goodwill": "2,957,512", "Total Unusual Items": "2,957,512", "Normalized EBITDA": "70,497,732", "Tax Rate for Calcs": "0", "Tax Effect of Unusual Items": "221,813"}, "12/31/2019": {"Duration": "12/31/2019", "Total Revenue": "148,201,641", "Cost of Revenue": "126,886,669", "Gross Profit": "21,314,972", "Operating Expense": "16,582,442", "Operating Income": "4,732,530", "Net Non Operating Interest Income Expense": "-2,997,643", "Other Income Expense": "3,071,709", "Pretax Income": "4,806,596", "Tax Provision": "230,346", "Net Income Common Stockholders": "8,155,097", "Average Dilution Earnings": "289,121", "Diluted NI Available to Com Stockholders": "8,444,218", "Basic EPS": "4.10", "Diluted EPS": "3.80", "Basic Average Shares": "2,357,022", "Diluted Average Shares": "2,634,177", "Total Operating Income as Reported": "4,883,545", "Total Expenses": "143,469,111", "Net Income from Continuing & Discontinued Operation": "8,155,097", "Normalized Income": "7,087,316", "Interest Income": "-", "Interest Expense": "2,933,815", "Net Interest Income": "-2,997,643", "EBIT": "7,740,411", "EBITDA": "-", "Reconciled Cost of Revenue": "126,886,669", "Reconciled Depreciation": "49,389,535", "Net Income from Continuing Operation Net Minority Interest": "8,155,097", "Total Unusual Items Excluding Goodwill": "1,121,501", "Total Unusual Items": "1,121,501", "Normalized EBITDA": "56,008,445", "Tax Rate for Calcs": "0", "Tax Effect of Unusual Items": "53,720"}, "12/31/2018": {"Duration": "12/31/2018", "Total Revenue": "151,252,571", "Cost of Revenue": "128,412,544", "Gross Profit": "22,840,027", "Operating Expense": "17,297,053", "Operating Income": "5,542,974", "Net Non Operating Interest Income Expense": "-2,851,225", "Other Income Expense": "-573,829", "Pretax Income": "2,117,920", "Tax Provision": "-1,129,877", "Net Income Common Stockholders": "7,677,735", "Average Dilution Earnings": "283,349", "Diluted NI Available to Com Stockholders": "7,961,084", "Basic EPS": "2.90", "Diluted EPS": "2.75", "Basic Average Shares": "2,420,776", "Diluted Average Shares": "2,696,998", "Total Operating Income as Reported": "5,679,717", "Total Expenses": "145,709,597", "Net Income from Continuing & Discontinued Operation": "7,677,735", "Normalized Income": "8,840,532", "Interest Income": "-", "Interest Expense": "2,768,672", "Net Interest Income": "-2,851,225", "EBIT": "4,886,592", "EBITDA": "-", "Reconciled Cost of Revenue": "128,412,544", "Reconciled Depreciation": "52,048,719", "Net Income from Continuing Operation Net Minority Interest": "7,677,735", "Total Unusual Items Excluding Goodwill": "-1,453,496", "Total Unusual Items": "-1,453,496", "Normalized EBITDA": "58,388,807", "Tax Rate for Calcs": "0", "Tax Effect of Unusual Items": "-290,699"}}, "bs": {"12/31/2020": {"Duration": "12/31/2020", "Total Assets": "366,454,101", "Total Liabilities Net Minority Interest": "143,314,539", "Total Equity Gross Minority Interest": "223,139,562", "Total Capitalization": "247,797,618", "Common Stock Equity": "223,026,206", "Capital Lease Obligations": "5,576,864", "Net Tangible Assets": "218,148,293", "Working Capital": "84,824,768", "Invested Capital": "258,854,750", "Tangible Book Value": "218,148,293", "Total Debt": "41,405,408", "Net Debt": "-", "Share Issued": "12,422,401", "Ordinary Shares Number": "12,317,401", "Treasury Shares Number": "105,000"}, "12/31/2019": {"Duration": "12/31/2019", "Total Assets": "366,261,693", "Total Liabilities Net Minority Interest": "163,347,778", "Total Equity Gross Minority Interest": "202,913,915", "Total Capitalization": "250,391,740", "Common Stock Equity": "202,503,850", "Capital Lease Obligations": "6,031,025", "Net Tangible Assets": "197,305,603", "Working Capital": "80,878,028", "Invested Capital": "262,406,946", "Tangible Book Value": "197,305,603", "Total Debt": "65,934,121", "Net Debt": "-", "Share Issued": "11,724,319", "Ordinary Shares Number": "10,895,319", "Treasury Shares Number": "829,000"}, "12/31/2018": {"Duration": "12/31/2018", "Total Assets": "362,597,229", "Total Liabilities Net Minority Interest": "158,199,746", "Total Equity Gross Minority Interest": "204,397,483", "Total Capitalization": "271,013,716", "Common Stock Equity": "203,930,715", "Capital Lease Obligations": "-", "Net Tangible Assets": "200,938,911", "Working Capital": "91,176,580", "Invested Capital": "284,117,524", "Tangible Book Value": "200,938,911", "Total Debt": "80,186,809", "Net Debt": "1,646,466", "Share Issued": "12,424,319", "Ordinary Shares Number": "11,944,319", "Treasury Shares Number": "480,000"}}, "cf": {"TTM": {"Duration": "TTM", "Operating Cash Flow": "65,745,192", "Investing Cash Flow": "-40,111,501", "Financing Cash Flow": "-25,601,346", "End Cash Position": "94,048,036", "Capital Expenditure": "-28,354,333", "Issuance of Capital Stock": "1,677,900", "Issuance of Debt": "29,800,632", "Repayment of Debt": "-45,026,605", "Repurchase of Capital Stock": "-1,678,272", "Free Cash Flow": "37,390,859"}, "12/31/2020": {"Duration": "12/31/2020", "Operating Cash Flow": "65,745,192", "Investing Cash Flow": "-40,111,501", "Financing Cash Flow": "-25,601,346", "End Cash Position": "94,048,036", "Capital Expenditure": "-28,354,333", "Issuance of Capital Stock": "1,677,900", "Issuance of Debt": "29,800,632", "Repayment of Debt": "-45,026,605", "Repurchase of Capital Stock": "-1,678,272", "Free Cash Flow": "37,390,859"}, "12/31/2019": {"Duration": "12/31/2019", "Operating Cash Flow": "54,904,148", "Investing Cash Flow": "-31,681,517", "Financing Cash Flow": "-9,867,046", "End Cash Position": "95,492,477", "Capital Expenditure": "-18,962,076", "Issuance of Capital Stock": "0", "Issuance of Debt": "37,182,863", "Repayment of Debt": "-37,433,083", "Repurchase of Capital Stock": "-2,972,243", "Free Cash Flow": "35,942,072"}, "12/31/2018": {"Duration": "12/31/2018", "Operating Cash Flow": "50,934,976", "Investing Cash Flow": "-15,499,603", "Financing Cash Flow": "-33,484,886", "End Cash Position": "83,661,739", "Capital Expenditure": "-20,428,750", "Issuance of Capital Stock": "2,204,000", "Issuance of Debt": "22,779,505", "Repayment of Debt": "-44,447,950", "Repurchase of Capital Stock": "-6,148,273", "Free Cash Flow": "30,506,226"}}}}, {"DQ": {"quote": {"03/28/2021": {"value": "70.34", "Market Cap": "4.887B", "Beta (5Y Monthly)": "0.78", "PE Ratio (TTM)": "41.43", "EPS (TTM)": "1.70", "Earnings Date": "May 18, 2021 - May 24, 2021", "Forward Dividend & Yield": "N/A (N/A)", "Ex-Dividend Date": "N/A", "1y Target Est": "111.24"}, "05/07/2021": {"value": "74.70", "Market Cap": "5.491B", "Beta (5Y Monthly)": "0.74", "PE Ratio (TTM)": "43.99", "EPS (TTM)": "1.70", "Earnings Date": "May 18, 2021 - May 24, 2021", "Forward Dividend & Yield": "N/A (N/A)", "Ex-Dividend Date": "N/A", "1y Target Est": "104.91"}}, "fin": {"TTM": {"Duration": "TTM", "Total Revenue": "675,602", "Cost of Revenue": "441,610", "Gross Profit": "233,992", "Operating Expense": "46,137", "Operating Income": "187,855", "Net Non Operating Interest Income Expense": "-25,725", "Other Income Expense": "-", "Pretax Income": "162,130", "Tax Provision": "28,182", "Net Income Common Stockholders": "129,195", "Diluted NI Available to Com Stockholders": "129,195", "Basic EPS": "-", "Diluted EPS": "-", "Basic Average Shares": "-", "Diluted Average Shares": "-", "Total Operating Income as Reported": "187,855", "Total Expenses": "487,747", "Net Income from Continuing & Discontinued Operation": "129,195", "Normalized Income": "129,336", "Interest Income": "907", "Interest Expense": "26,632", "Net Interest Income": "-25,725", "EBIT": "188,762", "EBITDA": "257,448", "Reconciled Cost of Revenue": "441,610", "Reconciled Depreciation": "68,686", "Net Income from Continuing Operation Net Minority Interest": "129,336", "Total Unusual Items Excluding Goodwill": "-", "Total Unusual Items": "-", "Normalized EBITDA": "257,448", "Tax Rate for Calcs": "0", "Tax Effect of Unusual Items": "0"}, "12/31/2020": {"Duration": "12/31/2020", "Total Revenue": "675,602", "Cost of Revenue": "441,610", "Gross Profit": "233,992", "Operating Expense": "46,137", "Operating Income": "187,855", "Net Non Operating Interest Income Expense": "-25,725", "Other Income Expense": "-", "Pretax Income": "162,130", "Tax Provision": "28,182", "Net Income Common Stockholders": "129,195", "Diluted NI Available to Com Stockholders": "129,195", "Basic EPS": "-", "Diluted EPS": "-", "Basic Average Shares": "-", "Diluted Average Shares": "-", "Total Operating Income as Reported": "187,855", "Total Expenses": "487,747", "Net Income from Continuing & Discontinued Operation": "129,195", "Normalized Income": "129,336", "Interest Income": "907", "Interest Expense": "26,632", "Net Interest Income": "-25,725", "EBIT": "188,762", "EBITDA": "-", "Reconciled Cost of Revenue": "441,610", "Reconciled Depreciation": "68,686", "Net Income from Continuing Operation Net Minority Interest": "129,336", "Total Unusual Items Excluding Goodwill": "-", "Total Unusual Items": "-", "Normalized EBITDA": "257,448", "Tax Rate for Calcs": "0", "Tax Effect of Unusual Items": "0"}, "12/31/2019": {"Duration": "12/31/2019", "Total Revenue": "349,991", "Cost of Revenue": "269,887", "Gross Profit": "80,104", "Operating Expense": "32,618", "Operating Income": "47,485", "Net Non Operating Interest Income Expense": "-9,414", "Other Income Expense": "-184.926", "Pretax Income": "37,886", "Tax Provision": "9,623", "Net Income Common Stockholders": "29,524", "Diluted NI Available to Com Stockholders": "29,524", "Basic EPS": "0.43", "Diluted EPS": "0.42", "Basic Average Shares": "67,914", "Diluted Average Shares": "69,992", "Total Operating Income as Reported": "47,485", "Total Expenses": "302,506", "Net Income from Continuing & Discontinued Operation": "29,524", "Normalized Income": "28,402", "Interest Income": "983.158", "Interest Expense": "10,397", "Net Interest Income": "-9,414", "EBIT": "48,283", "EBITDA": "-", "Reconciled Cost of Revenue": "269,887", "Reconciled Depreciation": "47,371", "Net Income from Continuing Operation Net Minority Interest": "28,264", "Total Unusual Items Excluding Goodwill": "-184.926", "Total Unusual Items": "-184.926", "Normalized EBITDA": "95,839", "Tax Rate for Calcs": "0", "Tax Effect of Unusual Items": "-46.2315"}, "12/31/2018": {"Duration": "12/31/2018", "Total Revenue": "301,600", "Cost of Revenue": "203,486", "Gross Profit": "98,114", "Operating Expense": "16,636", "Operating Income": "81,478", "Net Non Operating Interest Income Expense": "-9,527", "Other Income Expense": "1,836", "Pretax Income": "73,787", "Tax Provision": "11,717", "Net Income Common Stockholders": "38,125", "Diluted NI Available to Com Stockholders": "38,125", "Basic EPS": "0.61", "Diluted EPS": "0.59", "Basic Average Shares": "62,343", "Diluted Average Shares": "65,101", "Total Operating Income as Reported": "81,478", "Total Expenses": "220,122", "Net Income from Continuing & Discontinued Operation": "38,125", "Normalized Income": "59,887", "Interest Income": "1,236", "Interest Expense": "10,763", "Net Interest Income": "-9,527", "EBIT": "84,550", "EBITDA": "-", "Reconciled Cost of Revenue": "203,486", "Reconciled Depreciation": "27,487", "Net Income from Continuing Operation Net Minority Interest": "61,430", "Total Unusual Items Excluding Goodwill": "1,836", "Total Unusual Items": "1,836", "Normalized EBITDA": "110,201", "Tax Rate for Calcs": "0", "Tax Effect of Unusual Items": "293.7856"}}, "bs": {"12/31/2020": {"Duration": "12/31/2020", "Total Assets": "1,239,143", "Total Liabilities Net Minority Interest": "440,228", "Total Equity Gross Minority Interest": "798,915", "Total Capitalization": "890,345", "Common Stock Equity": "767,123", "Capital Lease Obligations": "82", "Net Tangible Assets": "736,294", "Working Capital": "-103,864", "Invested Capital": "1,010,131", "Tangible Book Value": "736,294", "Total Debt": "243,090", "Net Debt": "166,412", "Share Issued": "369,879", "Ordinary Shares Number": "365,235", "Treasury Shares Number": "4,643"}, "12/31/2019": {"Duration": "12/31/2019", "Total Assets": "1,201,356", "Total Liabilities Net Minority Interest": "634,197", "Total Equity Gross Minority Interest": "567,159", "Total Capitalization": "718,161", "Common Stock Equity": "566,643", "Capital Lease Obligations": "162.142", "Net Tangible Assets": "537,050", "Working Capital": "-270,818", "Invested Capital": "948,754", "Tangible Book Value": "537,050", "Total Debt": "382,273", "Net Debt": "330,272", "Share Issued": "352,062", "Ordinary Shares Number": "347,419", "Treasury Shares Number": "4,643"}, "12/31/2018": {"Duration": "12/31/2018", "Total Assets": "854,929", "Total Liabilities Net Minority Interest": "329,797", "Total Equity Gross Minority Interest": "525,132", "Total Capitalization": "658,444", "Common Stock Equity": "525,132", "Capital Lease Obligations": "-", "Net Tangible Assets": "502,882", "Working Capital": "10,215", "Invested Capital": "725,859", "Tangible Book Value": "502,882", "Total Debt": "200,727", "Net Debt": "135,308", "Share Issued": "336,673", "Ordinary Shares Number": "332,030", "Treasury Shares Number": "4,643"}}, "cf": {"TTM": {"Duration": "TTM", "Operating Cash Flow": "209,703", "Investing Cash Flow": "-118,487", "Financing Cash Flow": "-95,471", "End Cash Position": "118,404", "Income Tax Paid Supplemental Data": "12,808", "Interest Paid Supplemental Data": "24,696", "Capital Expenditure": "-118,292", "Issuance of Capital Stock": "0", "Issuance of Debt": "121,442", "Repayment of Debt": "-245,581", "Free Cash Flow": "91,411"}, "12/31/2020": {"Duration": "12/31/2020", "Operating Cash Flow": "209,703", "Investing Cash Flow": "-118,487", "Financing Cash Flow": "-95,471", "End Cash Position": "118,404", "Income Tax Paid Supplemental Data": "12,808", "Interest Paid Supplemental Data": "24,696", "Capital Expenditure": "-118,292", "Issuance of Capital Stock": "0", "Issuance of Debt": "121,442", "Repayment of Debt": "-245,581", "Free Cash Flow": "91,411"}, "12/31/2019": {"Duration": "12/31/2019", "Operating Cash Flow": "180,991", "Investing Cash Flow": "-261,828", "Financing Cash Flow": "102,327", "End Cash Position": "115,294", "Income Tax Paid Supplemental Data": "5,546", "Interest Paid Supplemental Data": "10,215", "Capital Expenditure": "-285,637", "Issuance of Capital Stock": "0", "Issuance of Debt": "198,614", "Repayment of Debt": "-94,942", "Free Cash Flow": "-104,647"}, "12/31/2018": {"Duration": "12/31/2018", "Operating Cash Flow": "95,553", "Investing Cash Flow": "-164,720", "Financing Cash Flow": "86,712", "End Cash Position": "95,120", "Income Tax Paid Supplemental Data": "19,453", "Interest Paid Supplemental Data": "10,788", "Capital Expenditure": "-143,065", "Issuance of Capital Stock": "113,541", "Issuance of Debt": "90,834", "Repayment of Debt": "-94,651", "Free Cash Flow": "-47,512"}}}}, {"SODI": {"quote": {"03/28/2021": {"value": "7.50", "Market Cap": "15.626M", "Beta (5Y Monthly)": "N/A", "PE Ratio (TTM)": "15.99", "EPS (TTM)": "0.47", "Earnings Date": "Jul 13, 2020 - Jul 14, 2020", "Forward Dividend & Yield": "N/A (N/A)", "Ex-Dividend Date": "Jun 25, 2015", "1y Target Est": "N/A"}, "05/07/2021": {"value": "7.70", "Market Cap": "16.043M", "Beta (5Y Monthly)": "0.61", "PE Ratio (TTM)": "17.62", "EPS (TTM)": "0.44", "Earnings Date": "Jul 13, 2020 - Jul 14, 2020", "Forward Dividend & Yield": "N/A (N/A)", "Ex-Dividend Date": "Jun 25, 2015", "1y Target Est": "N/A"}}, "fin": {"TTM": {"Duration": "TTM", "Total Revenue": "9,910", "Cost of Revenue": "7,055", "Gross Profit": "2,855", "Operating Expense": "2,046", "Operating Income": "809", "Net Non Operating Interest Income Expense": "-1", "Other Income Expense": "94", "Pretax Income": "902", "Net Income Common Stockholders": "902", "Diluted NI Available to Com Stockholders": "902", "Basic EPS": "-", "Diluted EPS": "-", "Basic Average Shares": "-", "Diluted Average Shares": "-", "Total Operating Income as Reported": "809", "Total Expenses": "9,101", "Net Income from Continuing & Discontinued Operation": "902", "Normalized Income": "833.38", "Interest Income": "-1", "Net Interest Income": "-1", "EBIT": "809", "EBITDA": "1,045", "Reconciled Cost of Revenue": "7,055", "Reconciled Depreciation": "236", "Net Income from Continuing Operation Net Minority Interest": "902", "Total Unusual Items Excluding Goodwill": "94", "Total Unusual Items": "94", "Normalized EBITDA": "951", "Tax Rate for Calcs": "0", "Tax Effect of Unusual Items": "25.38"}, "2/29/2020": {"Duration": "2/29/2020", "Total Revenue": "9,237", "Cost of Revenue": "7,762", "Gross Profit": "1,475", "Operating Expense": "2,104", "Operating Income": "-629", "Net Non Operating Interest Income Expense": "1", "Other Income Expense": "22", "Pretax Income": "-606", "Net Income Common Stockholders": "-606", "Diluted NI Available to Com Stockholders": "-606", "Basic EPS": "-0.30", "Diluted EPS": "-0.30", "Basic Average Shares": "2,010", "Diluted Average Shares": "2,010", "Total Operating Income as Reported": "-629", "Total Expenses": "9,866", "Net Income from Continuing & Discontinued Operation": "-606", "Normalized Income": "-628", "Interest Income": "1", "Net Interest Income": "1", "EBIT": "-629", "EBITDA": "-", "Reconciled Cost of Revenue": "7,762", "Reconciled Depreciation": "220", "Net Income from Continuing Operation Net Minority Interest": "-606", "Total Unusual Items Excluding Goodwill": "22", "Total Unusual Items": "22", "Normalized EBITDA": "-431", "Tax Rate for Calcs": "0", "Tax Effect of Unusual Items": "0"}, "2/28/2019": {"Duration": "2/28/2019", "Total Revenue": "9,378", "Cost of Revenue": "7,987", "Gross Profit": "1,391", "Operating Expense": "2,737", "Operating Income": "-1,346", "Net Non Operating Interest Income Expense": "8", "Other Income Expense": "-102", "Pretax Income": "-1,440", "Net Income Common Stockholders": "-1,440", "Diluted NI Available to Com Stockholders": "-1,440", "Basic EPS": "-0.81", "Diluted EPS": "-0.81", "Basic Average Shares": "1,902", "Diluted Average Shares": "1,902", "Total Operating Income as Reported": "-1,346", "Total Expenses": "10,724", "Net Income from Continuing & Discontinued Operation": "-1,440", "Normalized Income": "-1,334", "Interest Income": "8", "Net Interest Income": "8", "EBIT": "-1,346", "EBITDA": "-", "Reconciled Cost of Revenue": "7,987", "Reconciled Depreciation": "215", "Net Income from Continuing Operation Net Minority Interest": "-1,440", "Total Unusual Items Excluding Goodwill": "-106", "Total Unusual Items": "-106", "Normalized EBITDA": "-1,025", "Tax Rate for Calcs": "0", "Tax Effect of Unusual Items": "0"}}, "bs": {"2/29/2020": {"Duration": "2/29/2020", "Total Assets": "7,036", "Total Liabilities Net Minority Interest": "1,553", "Total Equity Gross Minority Interest": "5,483", "Total Capitalization": "5,483", "Common Stock Equity": "5,483", "Capital Lease Obligations": "794", "Net Tangible Assets": "5,483", "Working Capital": "4,687", "Invested Capital": "5,483", "Tangible Book Value": "5,483", "Total Debt": "794", "Share Issued": "2,571", "Ordinary Shares Number": "2,063", "Treasury Shares Number": "508.314"}}, "cf": {"TTM": {"Duration": "TTM", "Operating Cash Flow": "1,742", "Investing Cash Flow": "-210", "Financing Cash Flow": "801", "End Cash Position": "3,453", "Capital Expenditure": "-93", "Free Cash Flow": "1,649"}, "2/29/2020": {"Duration": "2/29/2020", "Operating Cash Flow": "1,118", "Investing Cash Flow": "-180", "Financing Cash Flow": "0", "End Cash Position": "1,332", "Capital Expenditure": "-108", "Free Cash Flow": "1,010"}}}}, {"ENPH": {"quote": {"03/28/2021": {"value": "152.07", "Market Cap": "20.427B", "Beta (5Y Monthly)": "1.22", "PE Ratio (TTM)": "160.92", "EPS (TTM)": "0.94", "Earnings Date": "May 03, 2021 - May 07, 2021", "Forward Dividend & Yield": "N/A (N/A)", "Ex-Dividend Date": "N/A", "1y Target Est": "214.00"}, "05/07/2021": {"value": "122.96", "Market Cap": "16.686B", "Beta (5Y Monthly)": "1.14", "PE Ratio (TTM)": "182.70", "EPS (TTM)": "0.67", "Earnings Date": "Aug 02, 2021 - Aug 06, 2021", "Forward Dividend & Yield": "N/A (N/A)", "Ex-Dividend Date": "N/A", "1y Target Est": "196.06"}}, "fin": {"TTM": {"Duration": "TTM", "Total Revenue": "870,634", "Cost of Revenue": "482,379", "Gross Profit": "388,255", "Operating Expense": "185,142", "Operating Income": "203,113", "Net Non Operating Interest Income Expense": "-24,037", "Other Income Expense": "-118,400", "Pretax Income": "60,676", "Tax Provision": "-36,081", "Net Income Common Stockholders": "96,757", "Diluted NI Available to Com Stockholders": "96,757", "Basic EPS": "-", "Diluted EPS": "-", "Basic Average Shares": "-", "Diluted Average Shares": "-", "Total Operating Income as Reported": "203,113", "Total Expenses": "667,521", "Net Income from Continuing & Discontinued Operation": "96,757", "Normalized Income": "167,797", "Interest Income": "1,138", "Interest Expense": "25,175", "Net Interest Income": "-24,037", "EBIT": "85,851", "EBITDA": "105,668", "Reconciled Cost of Revenue": "482,379", "Reconciled Depreciation": "19,817", "Net Income from Continuing Operation Net Minority Interest": "96,757", "Total Unusual Items Excluding Goodwill": "-118,400", "Total Unusual Items": "-118,400", "Normalized EBITDA": "224,068", "Tax Rate for Calcs": "0", "Tax Effect of Unusual Items": "-47,360"}, "12/31/2020": {"Duration": "12/31/2020", "Total Revenue": "774,425", "Cost of Revenue": "428,444", "Gross Profit": "345,981", "Operating Expense": "159,542", "Operating Income": "186,439", "Net Non Operating Interest Income Expense": "-18,845", "Other Income Expense": "-48,184", "Pretax Income": "119,410", "Tax Provision": "-14,585", "Net Income Common Stockholders": "133,995", "Diluted NI Available to Com Stockholders": "133,995", "Basic EPS": "1.07", "Diluted EPS": "0.95", "Basic Average Shares": "125,561", "Diluted Average Shares": "141,918", "Total Operating Income as Reported": "186,439", "Total Expenses": "587,986", "Net Income from Continuing & Discontinued Operation": "133,995", "Normalized Income": "169,169", "Interest Income": "2,156", "Interest Expense": "21,001", "Net Interest Income": "-18,845", "EBIT": "140,411", "EBITDA": "-", "Reconciled Cost of Revenue": "428,444", "Reconciled Depreciation": "18,103", "Net Income from Continuing Operation Net Minority Interest": "133,995", "Total Unusual Items Excluding Goodwill": "-48,184", "Total Unusual Items": "-48,184", "Normalized EBITDA": "206,698", "Tax Rate for Calcs": "0", "Tax Effect of Unusual Items": "-13,010"}, "12/31/2019": {"Duration": "12/31/2019", "Total Revenue": "624,333", "Cost of Revenue": "403,088", "Gross Profit": "221,245", "Operating Expense": "115,917", "Operating Income": "105,328", "Net Non Operating Interest Income Expense": "-7,178", "Other Income Expense": "-8,036", "Pretax Income": "90,114", "Tax Provision": "-71,034", "Net Income Common Stockholders": "161,148", "Diluted NI Available to Com Stockholders": "161,148", "Basic EPS": "1.38", "Diluted EPS": "1.23", "Basic Average Shares": "116,713", "Diluted Average Shares": "131,644", "Total Operating Income as Reported": "102,729", "Total Expenses": "519,005", "Net Income from Continuing & Discontinued Operation": "161,148", "Normalized Income": "167,014", "Interest Income": "2,513", "Interest Expense": "9,691", "Net Interest Income": "-7,178", "EBIT": "99,805", "EBITDA": "-", "Reconciled Cost of Revenue": "403,088", "Reconciled Depreciation": "14,119", "Net Income from Continuing Operation Net Minority Interest": "161,148", "Total Unusual Items Excluding Goodwill": "-8,036", "Total Unusual Items": "-8,036", "Normalized EBITDA": "121,960", "Tax Rate for Calcs": "0", "Tax Effect of Unusual Items": "-2,170"}, "12/31/2018": {"Duration": "12/31/2018", "Total Revenue": "316,159", "Cost of Revenue": "221,714", "Gross Profit": "94,445", "Operating Expense": "88,720", "Operating Income": "5,725", "Net Non Operating Interest Income Expense": "-9,635", "Other Income Expense": "-6,319", "Pretax Income": "-10,229", "Tax Provision": "1,398", "Net Income Common Stockholders": "-11,627", "Diluted NI Available to Com Stockholders": "-11,627", "Basic EPS": "-0.12", "Diluted EPS": "-0.12", "Basic Average Shares": "99,619", "Diluted Average Shares": "99,619", "Total Operating Income as Reported": "1,596", "Total Expenses": "310,434", "Net Income from Continuing & Discontinued Operation": "-11,627", "Normalized Income": "-8,613", "Interest Income": "-", "Interest Expense": "9,635", "Net Interest Income": "-9,635", "EBIT": "-594", "EBITDA": "-", "Reconciled Cost of Revenue": "221,714", "Reconciled Depreciation": "9,667", "Net Income from Continuing Operation Net Minority Interest": "-11,627", "Total Unusual Items Excluding Goodwill": "-4,129", "Total Unusual Items": "-4,129", "Normalized EBITDA": "13,202", "Tax Rate for Calcs": "0", "Tax Effect of Unusual Items": "-1,115"}}, "bs": {"12/31/2020": {"Duration": "12/31/2020", "Total Assets": "1,200,102", "Total Liabilities Net Minority Interest": "716,109", "Total Equity Gross Minority Interest": "483,993", "Total Capitalization": "488,891", "Common Stock Equity": "483,993", "Capital Lease Obligations": "4,542", "Net Tangible Assets": "430,402", "Working Capital": "399,021", "Invested Capital": "814,858", "Tangible Book Value": "430,402", "Total Debt": "335,407", "Net Debt": "-", "Share Issued": "128,962", "Ordinary Shares Number": "128,962"}, "12/31/2019": {"Duration": "12/31/2019", "Total Assets": "713,223", "Total Liabilities Net Minority Interest": "441,011", "Total Equity Gross Minority Interest": "272,212", "Total Capitalization": "374,871", "Common Stock Equity": "272,212", "Capital Lease Obligations": "3,170", "Net Tangible Assets": "216,850", "Working Capital": "300,346", "Invested Capital": "377,755", "Tangible Book Value": "216,850", "Total Debt": "108,713", "Net Debt": "-", "Share Issued": "123,109", "Ordinary Shares Number": "123,109"}, "12/31/2018": {"Duration": "12/31/2018", "Total Assets": "339,937", "Total Liabilities Net Minority Interest": "332,161", "Total Equity Gross Minority Interest": "7,776", "Total Capitalization": "89,404", "Common Stock Equity": "7,776", "Capital Lease Obligations": "-", "Net Tangible Assets": "-52,313", "Working Capital": "75,141", "Invested Capital": "117,559", "Tangible Book Value": "-52,313", "Total Debt": "109,783", "Net Debt": "3,546", "Share Issued": "107,035", "Ordinary Shares Number": "107,035"}}, "cf": {"TTM": {"Duration": "TTM", "Operating Cash Flow": "252,953", "Investing Cash Flow": "-112,394", "Financing Cash Flow": "754,278", "End Cash Position": "1,488,681", "Income Tax Paid Supplemental Data": "-", "Interest Paid Supplemental Data": "-", "Capital Expenditure": "-27,145", "Issuance of Capital Stock": "-", "Issuance of Debt": "1,188,797", "Repayment of Debt": "-332,466", "Free Cash Flow": "225,808"}, "12/31/2020": {"Duration": "12/31/2020", "Operating Cash Flow": "216,334", "Investing Cash Flow": "-25,568", "Financing Cash Flow": "191,678", "End Cash Position": "679,379", "Income Tax Paid Supplemental Data": "3,452", "Interest Paid Supplemental Data": "1,875", "Capital Expenditure": "-20,558", "Issuance of Capital Stock": "0", "Issuance of Debt": "312,420", "Repayment of Debt": "-43,303", "Free Cash Flow": "195,776"}, "12/31/2019": {"Duration": "12/31/2019", "Operating Cash Flow": "139,067", "Investing Cash Flow": "-14,788", "Financing Cash Flow": "65,850", "End Cash Position": "296,109", "Income Tax Paid Supplemental Data": "1,755", "Interest Paid Supplemental Data": "2,689", "Capital Expenditure": "-14,788", "Issuance of Capital Stock": "0", "Issuance of Debt": "127,413", "Repayment of Debt": "-51,855", "Free Cash Flow": "124,279"}, "12/31/2018": {"Duration": "12/31/2018", "Operating Cash Flow": "16,132", "Investing Cash Flow": "-19,151", "Financing Cash Flow": "80,614", "End Cash Position": "106,237", "Income Tax Paid Supplemental Data": "775", "Interest Paid Supplemental Data": "6,343", "Capital Expenditure": "-4,151", "Issuance of Capital Stock": "19,766", "Issuance of Debt": "68,024", "Repayment of Debt": "-9,976", "Free Cash Flow": "11,981"}}}}, {"ENTG": {"quote": {"03/28/2021": {"value": "110.03", "Market Cap": "14.881B", "Beta (5Y Monthly)": "1.29", "PE Ratio (TTM)": "50.94", "EPS (TTM)": "2.16", "Earnings Date": "Apr 19, 2021 - Apr 23, 2021", "Forward Dividend & Yield": "0.32 (0.31%)", "Ex-Dividend Date": "Jan 26, 2021", "1y Target Est": "112.00"}, "05/07/2021": {"value": "114.71", "Market Cap": "15.543B", "Beta (5Y Monthly)": "1.26", "PE Ratio (TTM)": "49.23", "EPS (TTM)": "2.33", "Earnings Date": "Jul 21, 2021 - Jul 26, 2021", "Forward Dividend & Yield": "0.32 (0.29%)", "Ex-Dividend Date": "Apr 27, 2021", "1y Target Est": "126.50"}}, "fin": {"TTM": {"Duration": "TTM", "Total Revenue": "1,959,830", "Cost of Revenue": "1,060,600", "Gross Profit": "899,230", "Operating Expense": "470,551", "Operating Income": "428,679", "Net Non Operating Interest Income Expense": "-49,157", "Other Income Expense": "3,204", "Pretax Income": "382,726", "Tax Provision": "64,087", "Earnings from Equity Interest Net of Tax": "-", "Net Income Common Stockholders": "318,639", "Diluted NI Available to Com Stockholders": "318,639", "Basic EPS": "-", "Diluted EPS": "-", "Basic Average Shares": "-", "Diluted Average Shares": "-", "Total Operating Income as Reported": "428,679", "Total Expenses": "1,531,151", "Net Income from Continuing & Discontinued Operation": "318,639", "Normalized Income": "312,501", "Interest Income": "536", "Interest Expense": "49,693", "Net Interest Income": "-49,157", "EBIT": "432,419", "EBITDA": "566,048", "Reconciled Cost of Revenue": "975,723", "Reconciled Depreciation": "133,629", "Net Income from Continuing Operation Net Minority Interest": "318,639", "Total Unusual Items Excluding Goodwill": "7,373", "Total Unusual Items": "7,373", "Normalized EBITDA": "558,675", "Tax Rate for Calcs": "0", "Tax Effect of Unusual Items": "1,235"}, "12/31/2020": {"Duration": "12/31/2020", "Total Revenue": "1,859,313", "Cost of Revenue": "1,009,591", "Gross Profit": "849,722", "Operating Expense": "454,277", "Operating Income": "395,445", "Net Non Operating Interest Income Expense": "-47,814", "Other Income Expense": "6,656", "Pretax Income": "354,287", "Tax Provision": "59,318", "Earnings from Equity Interest Net of Tax": "-", "Net Income Common Stockholders": "294,969", "Diluted NI Available to Com Stockholders": "294,969", "Basic EPS": "2.19", "Diluted EPS": "2.16", "Basic Average Shares": "134,837", "Diluted Average Shares": "136,266", "Total Operating Income as Reported": "395,445", "Total Expenses": "1,463,868", "Net Income from Continuing & Discontinued Operation": "294,969", "Normalized Income": "288,827", "Interest Income": "786", "Interest Expense": "48,600", "Net Interest Income": "-47,814", "EBIT": "402,887", "EBITDA": "-", "Reconciled Cost of Revenue": "926,161", "Reconciled Depreciation": "136,522", "Net Income from Continuing Operation Net Minority Interest": "294,969", "Total Unusual Items Excluding Goodwill": "7,373", "Total Unusual Items": "7,373", "Normalized EBITDA": "532,036", "Tax Rate for Calcs": "0", "Tax Effect of Unusual Items": "1,231"}, "12/31/2019": {"Duration": "12/31/2019", "Total Revenue": "1,591,066", "Cost of Revenue": "879,413", "Gross Profit": "711,653", "Operating Expense": "472,375", "Operating Income": "239,278", "Net Non Operating Interest Income Expense": "-42,310", "Other Income Expense": "121,081", "Pretax Income": "318,049", "Tax Provision": "63,189", "Earnings from Equity Interest Net of Tax": "-", "Net Income Common Stockholders": "254,860", "Diluted NI Available to Com Stockholders": "254,860", "Basic EPS": "1.89", "Diluted EPS": "1.87", "Basic Average Shares": "135,137", "Diluted Average Shares": "136,568", "Total Operating Income as Reported": "239,278", "Total Expenses": "1,351,788", "Net Income from Continuing & Discontinued Operation": "254,860", "Normalized Income": "156,948", "Interest Income": "4,652", "Interest Expense": "46,962", "Net Interest Income": "-42,310", "EBIT": "365,011", "EBITDA": "-", "Reconciled Cost of Revenue": "804,438", "Reconciled Depreciation": "141,403", "Net Income from Continuing Operation Net Minority Interest": "254,860", "Total Unusual Items Excluding Goodwill": "122,237", "Total Unusual Items": "122,237", "Normalized EBITDA": "384,177", "Tax Rate for Calcs": "0", "Tax Effect of Unusual Items": "24,325"}, "12/31/2018": {"Duration": "12/31/2018", "Total Revenue": "1,550,497", "Cost of Revenue": "830,666", "Gross Profit": "719,831", "Operating Expense": "427,142", "Operating Income": "292,689", "Net Non Operating Interest Income Expense": "-30,255", "Other Income Expense": "-8,002", "Pretax Income": "254,432", "Tax Provision": "13,677", "Earnings from Equity Interest Net of Tax": "-", "Net Income Common Stockholders": "240,755", "Diluted NI Available to Com Stockholders": "240,755", "Basic EPS": "1.71", "Diluted EPS": "1.69", "Basic Average Shares": "141,026", "Diluted Average Shares": "142,610", "Total Operating Income as Reported": "292,689", "Total Expenses": "1,257,808", "Net Income from Continuing & Discontinued Operation": "240,755", "Normalized Income": "240,755", "Interest Income": "3,839", "Interest Expense": "34,094", "Net Interest Income": "-30,255", "EBIT": "288,526", "EBITDA": "-", "Reconciled Cost of Revenue": "765,550", "Reconciled Depreciation": "127,268", "Net Income from Continuing Operation Net Minority Interest": "240,755", "Total Unusual Items Excluding Goodwill": "-", "Total Unusual Items": "-", "Normalized EBITDA": "415,794", "Tax Rate for Calcs": "0", "Tax Effect of Unusual Items": "0"}}, "bs": {"12/31/2020": {"Duration": "12/31/2020", "Total Assets": "2,917,696", "Total Liabilities Net Minority Interest": "1,538,202", "Total Equity Gross Minority Interest": "1,379,494", "Total Capitalization": "2,465,277", "Common Stock Equity": "1,379,494", "Capital Lease Obligations": "39,730", "Net Tangible Assets": "293,825", "Working Capital": "931,631", "Invested Capital": "2,465,277", "Tangible Book Value": "293,825", "Total Debt": "1,125,513", "Net Debt": "504,890", "Share Issued": "135,149", "Ordinary Shares Number": "134,946", "Treasury Shares Number": "202.4"}, "12/31/2019": {"Duration": "12/31/2019", "Total Assets": "2,516,086", "Total Liabilities Net Minority Interest": "1,350,197", "Total Equity Gross Minority Interest": "1,165,889", "Total Capitalization": "2,098,373", "Common Stock Equity": "1,165,889", "Capital Lease Obligations": "43,827", "Net Tangible Assets": "136,893", "Working Capital": "667,964", "Invested Capital": "2,102,373", "Tangible Book Value": "136,893", "Total Debt": "980,311", "Net Debt": "584,573", "Share Issued": "134,930", "Ordinary Shares Number": "134,727", "Treasury Shares Number": "202.4"}, "12/31/2018": {"Duration": "12/31/2018", "Total Assets": "2,317,641", "Total Liabilities Net Minority Interest": "1,305,616", "Total Equity Gross Minority Interest": "1,012,025", "Total Capitalization": "1,946,888", "Common Stock Equity": "1,012,025", "Capital Lease Obligations": "-", "Net Tangible Assets": "166,136", "Working Capital": "759,670", "Invested Capital": "1,950,888", "Tangible Book Value": "166,136", "Total Debt": "938,863", "Net Debt": "456,801", "Share Issued": "136,179", "Ordinary Shares Number": "135,977", "Treasury Shares Number": "202.4"}}, "cf": {"TTM": {"Duration": "TTM", "Operating Cash Flow": "488,386", "Investing Cash Flow": "-188,374", "Financing Cash Flow": "-88,911", "End Cash Position": "546,178", "Income Tax Paid Supplemental Data": "30,726", "Interest Paid Supplemental Data": "40,794", "Capital Expenditure": "-152,497", "Issuance of Debt": "400,000", "Repayment of Debt": "-393,000", "Repurchase of Capital Stock": "-29,999", "Free Cash Flow": "335,889"}, "12/31/2020": {"Duration": "12/31/2020", "Operating Cash Flow": "446,674", "Investing Cash Flow": "-243,326", "Financing Cash Flow": "22,149", "End Cash Position": "580,893", "Income Tax Paid Supplemental Data": "37,228", "Interest Paid Supplemental Data": "42,575", "Capital Expenditure": "-131,752", "Issuance of Debt": "617,000", "Repayment of Debt": "-468,000", "Repurchase of Capital Stock": "-44,563", "Free Cash Flow": "314,922"}, "12/31/2019": {"Duration": "12/31/2019", "Operating Cash Flow": "382,298", "Investing Cash Flow": "-385,840", "Financing Cash Flow": "-126,820", "End Cash Position": "351,911", "Income Tax Paid Supplemental Data": "77,970", "Interest Paid Supplemental Data": "41,711", "Capital Expenditure": "-112,355", "Issuance of Debt": "0", "Repayment of Debt": "-4,000", "Repurchase of Capital Stock": "-80,321", "Free Cash Flow": "269,943"}, "12/31/2018": {"Duration": "12/31/2018", "Operating Cash Flow": "312,576", "Investing Cash Flow": "-485,944", "Financing Cash Flow": "34,411", "End Cash Position": "482,062", "Income Tax Paid Supplemental Data": "54,415", "Interest Paid Supplemental Data": "26,248", "Capital Expenditure": "-110,153", "Issuance of Debt": "402,000", "Repayment of Debt": "-135,850", "Repurchase of Capital Stock": "-173,781", "Free Cash Flow": "202,423"}}}}, {"STRI": {"quote": {"03/28/2021": {"value": "0.1200", "Market Cap": "2.418M", "Beta (5Y Monthly)": "1.33", "PE Ratio (TTM)": "N/A", "EPS (TTM)": "-0.4260", "Earnings Date": "May 12, 2020 - May 18, 2020", "Forward Dividend & Yield": "N/A (N/A)", "Ex-Dividend Date": "Jan 05, 2015", "1y Target Est": "1.00"}, "05/07/2021": {"value": "0.1499", "Market Cap": "3.021M", "Beta (5Y Monthly)": "1.46", "PE Ratio (TTM)": "N/A", "EPS (TTM)": "-0.4260", "Earnings Date": "May 12, 2020 - May 18, 2020", "Forward Dividend & Yield": "N/A (N/A)", "Ex-Dividend Date": "Jan 05, 2015", "1y Target Est": "1.00"}}, "fin": {"TTM": {"Duration": "TTM", "Total Revenue": "6,824", "Cost of Revenue": "10,137", "Gross Profit": "-3,313", "Operating Expense": "7,062", "Operating Income": "-10,375", "Net Non Operating Interest Income Expense": "-20", "Other Income Expense": "1,066", "Pretax Income": "-9,329", "Tax Provision": "-748", "Net Income Common Stockholders": "-8,581", "Diluted NI Available to Com Stockholders": "-8,581", "Basic EPS": "-", "Diluted EPS": "-", "Basic Average Shares": "-", "Diluted Average Shares": "-", "Total Operating Income as Reported": "-10,889", "Total Expenses": "17,199", "Net Income from Continuing & Discontinued Operation": "-8,581", "Normalized Income": "-7,980", "Interest Income": "-20", "Net Interest Income": "-20", "EBIT": "-10,375", "EBITDA": "-9,493", "Reconciled Cost of Revenue": "10,137", "Reconciled Depreciation": "882", "Net Income from Continuing Operation Net Minority Interest": "-8,581", "Total Unusual Items Excluding Goodwill": "-653", "Total Unusual Items": "-653", "Normalized EBITDA": "-8,840", "Tax Rate for Calcs": "0", "Tax Effect of Unusual Items": "-52.3576"}, "12/31/2018": {"Duration": "12/31/2018", "Total Revenue": "10,879", "Cost of Revenue": "11,539", "Gross Profit": "-660", "Operating Expense": "7,061", "Operating Income": "-7,721", "Net Non Operating Interest Income Expense": "27", "Other Income Expense": "1,542", "Pretax Income": "-6,152", "Tax Provision": "-392", "Net Income Common Stockholders": "-5,760", "Diluted NI Available to Com Stockholders": "-5,760", "Basic EPS": "-0.29", "Diluted EPS": "-0.29", "Basic Average Shares": "19,752", "Diluted Average Shares": "19,752", "Total Operating Income as Reported": "-7,721", "Total Expenses": "18,600", "Net Income from Continuing & Discontinued Operation": "-5,760", "Normalized Income": "-5,158", "Interest Income": "27", "Net Interest Income": "27", "EBIT": "-7,721", "EBITDA": "-", "Reconciled Cost of Revenue": "11,539", "Reconciled Depreciation": "718", "Net Income from Continuing Operation Net Minority Interest": "-5,760", "Total Unusual Items Excluding Goodwill": "-643", "Total Unusual Items": "-643", "Normalized EBITDA": "-6,360", "Tax Rate for Calcs": "0", "Tax Effect of Unusual Items": "-40.9714"}}, "bs": {"12/31/2018": {"Duration": "12/31/2018", "Total Assets": "27,149", "Total Liabilities Net Minority Interest": "5,146", "Total Equity Gross Minority Interest": "22,003", "Total Capitalization": "22,003", "Common Stock Equity": "22,003", "Net Tangible Assets": "22,003", "Working Capital": "6,011", "Invested Capital": "22,003", "Tangible Book Value": "22,003", "Share Issued": "20,153", "Ordinary Shares Number": "20,152", "Treasury Shares Number": "1.24"}}, "cf": {"TTM": {"Duration": "TTM", "Operating Cash Flow": "-6,792", "Investing Cash Flow": "-4,199", "Financing Cash Flow": "5,000", "End Cash Position": "4,565", "Interest Paid Supplemental Data": "-", "Capital Expenditure": "-4,903", "Free Cash Flow": "-11,695"}, "12/31/2018": {"Duration": "12/31/2018", "Operating Cash Flow": "-4,635", "Investing Cash Flow": "-3,377", "Financing Cash Flow": "-62", "End Cash Position": "5,639", "Interest Paid Supplemental Data": "22", "Capital Expenditure": "-3,984", "Free Cash Flow": "-8,619"}}}}, {"TER": {"quote": {"03/28/2021": {"value": "119.02", "Market Cap": "19.825B", "Beta (5Y Monthly)": "1.37", "PE Ratio (TTM)": "27.81", "EPS (TTM)": "4.28", "Earnings Date": "Apr 19, 2021 - Apr 23, 2021", "Forward Dividend & Yield": "0.40 (0.34%)", "Ex-Dividend Date": "Feb 18, 2021", "1y Target Est": "131.25"}, "05/07/2021": {"value": "128.17", "Market Cap": "21.349B", "Beta (5Y Monthly)": "1.28", "PE Ratio (TTM)": "29.14", "EPS (TTM)": "4.40", "Earnings Date": "Jul 19, 2021 - Jul 23, 2021", "Forward Dividend & Yield": "0.40 (0.32%)", "Ex-Dividend Date": "Feb 18, 2021", "1y Target Est": "141.35"}}, "fin": {"TTM": {"Duration": "TTM", "Total Revenue": "3,198,720", "Cost of Revenue": "1,356,911", "Gross Profit": "1,841,809", "Operating Expense": "899,833", "Operating Income": "941,976", "Net Non Operating Interest Income Expense": "-24,420", "Other Income Expense": "10,383", "Pretax Income": "927,939", "Tax Provision": "114,471", "Net Income Common Stockholders": "813,468", "Diluted NI Available to Com Stockholders": "813,468", "Basic EPS": "-", "Diluted EPS": "-", "Basic Average Shares": "-", "Diluted Average Shares": "-", "Total Operating Income as Reported": "954,702", "Total Expenses": "2,256,744", "Net Income from Continuing & Discontinued Operation": "813,468", "Normalized Income": "802,312", "Interest Income": "-", "Interest Expense": "27,651", "Net Interest Income": "-24,420", "EBIT": "955,590", "EBITDA": "1,084,185", "Reconciled Cost of Revenue": "1,254,764", "Reconciled Depreciation": "128,595", "Net Income from Continuing Operation Net Minority Interest": "813,468", "Total Unusual Items Excluding Goodwill": "12,726", "Total Unusual Items": "12,726", "Normalized EBITDA": "1,071,459", "Tax Rate for Calcs": "0", "Tax Effect of Unusual Items": "1,570"}, "12/31/2020": {"Duration": "12/31/2020", "Total Revenue": "3,121,469", "Cost of Revenue": "1,335,728", "Gross Profit": "1,785,741", "Operating Expense": "870,536", "Operating Income": "915,205", "Net Non Operating Interest Income Expense": "-18,200", "Other Income Expense": "4,010", "Pretax Income": "901,015", "Tax Provision": "116,868", "Net Income Common Stockholders": "784,147", "Diluted NI Available to Com Stockholders": "784,147", "Basic EPS": "4.72", "Diluted EPS": "4.28", "Basic Average Shares": "166,120", "Diluted Average Shares": "183,042", "Total Operating Income as Reported": "928,407", "Total Expenses": "2,206,264", "Net Income from Continuing & Discontinued Operation": "784,147", "Normalized Income": "772,661", "Interest Income": "5,982", "Interest Expense": "24,182", "Net Interest Income": "-18,200", "EBIT": "925,197", "EBITDA": "-", "Reconciled Cost of Revenue": "1,239,788", "Reconciled Depreciation": "126,743", "Net Income from Continuing Operation Net Minority Interest": "784,147", "Total Unusual Items Excluding Goodwill": "13,202", "Total Unusual Items": "13,202", "Normalized EBITDA": "1,038,738", "Tax Rate for Calcs": "0", "Tax Effect of Unusual Items": "1,716"}, "12/31/2019": {"Duration": "12/31/2019", "Total Revenue": "2,294,965", "Cost of Revenue": "955,136", "Gross Profit": "1,339,829", "Operating Expense": "800,055", "Operating Income": "539,774", "Net Non Operating Interest Income Expense": "1,640", "Other Income Expense": "-15,642", "Pretax Income": "525,772", "Tax Provision": "58,304", "Net Income Common Stockholders": "467,468", "Diluted NI Available to Com Stockholders": "467,468", "Basic EPS": "2.81", "Diluted EPS": "2.67", "Basic Average Shares": "170,425", "Diluted Average Shares": "179,459", "Total Operating Income as Reported": "553,654", "Total Expenses": "1,755,191", "Net Income from Continuing & Discontinued Operation": "467,468", "Normalized Income": "455,129", "Interest Income": "24,785", "Interest Expense": "23,145", "Net Interest Income": "1,640", "EBIT": "548,917", "EBITDA": "-", "Reconciled Cost of Revenue": "874,628", "Reconciled Depreciation": "120,655", "Net Income from Continuing Operation Net Minority Interest": "467,468", "Total Unusual Items Excluding Goodwill": "13,880", "Total Unusual Items": "13,880", "Normalized EBITDA": "655,692", "Tax Rate for Calcs": "0", "Tax Effect of Unusual Items": "1,541"}, "12/31/2018": {"Duration": "12/31/2018", "Total Revenue": "2,100,802", "Cost of Revenue": "880,408", "Gross Profit": "1,220,394", "Operating Expense": "731,365", "Operating Income": "489,029", "Net Non Operating Interest Income Expense": "-4,565", "Other Income Expense": "-16,663", "Pretax Income": "467,801", "Tax Provision": "16,022", "Net Income Common Stockholders": "451,779", "Diluted NI Available to Com Stockholders": "451,779", "Basic EPS": "2.41", "Diluted EPS": "2.35", "Basic Average Shares": "187,672", "Diluted Average Shares": "192,605", "Total Operating Income as Reported": "473,797", "Total Expenses": "1,611,773", "Net Income from Continuing & Discontinued Operation": "451,779", "Normalized Income": "466,493", "Interest Income": "26,704", "Interest Expense": "31,269", "Net Interest Income": "-4,565", "EBIT": "499,070", "EBITDA": "-", "Reconciled Cost of Revenue": "806,375", "Reconciled Depreciation": "113,224", "Net Income from Continuing Operation Net Minority Interest": "451,779", "Total Unusual Items Excluding Goodwill": "-15,232", "Total Unusual Items": "-15,232", "Normalized EBITDA": "627,526", "Tax Rate for Calcs": "0", "Tax Effect of Unusual Items": "-517.888"}}, "bs": {"12/31/2020": {"Duration": "12/31/2020", "Total Assets": "3,652,346", "Total Liabilities Net Minority Interest": "1,441,541", "Total Equity Gross Minority Interest": "2,210,805", "Total Capitalization": "2,587,573", "Common Stock Equity": "2,210,805", "Capital Lease Obligations": "62,646", "Net Tangible Assets": "1,656,007", "Working Capital": "1,714,563", "Invested Capital": "2,620,916", "Tangible Book Value": "1,656,007", "Total Debt": "472,757", "Share Issued": "166,123", "Ordinary Shares Number": "166,123"}, "12/31/2019": {"Duration": "12/31/2019", "Total Assets": "2,787,014", "Total Liabilities Net Minority Interest": "1,306,856", "Total Equity Gross Minority Interest": "1,480,158", "Total Capitalization": "1,874,845", "Common Stock Equity": "1,480,158", "Capital Lease Obligations": "65,325", "Net Tangible Assets": "938,247", "Working Capital": "1,119,855", "Invested Capital": "1,874,845", "Tangible Book Value": "938,247", "Total Debt": "460,012", "Share Issued": "166,410", "Ordinary Shares Number": "166,410"}, "12/31/2018": {"Duration": "12/31/2018", "Total Assets": "2,706,606", "Total Liabilities Net Minority Interest": "1,184,252", "Total Equity Gross Minority Interest": "1,522,354", "Total Capitalization": "1,902,335", "Common Stock Equity": "1,522,354", "Capital Lease Obligations": "-", "Net Tangible Assets": "1,015,022", "Working Capital": "1,256,195", "Invested Capital": "1,902,335", "Tangible Book Value": "1,015,022", "Total Debt": "379,981", "Share Issued": "175,522", "Ordinary Shares Number": "175,522"}}, "cf": {"TTM": {"Duration": "TTM", "Operating Cash Flow": "863,972", "Investing Cash Flow": "-454,919", "Financing Cash Flow": "-171,052", "End Cash Position": "831,495", "Income Tax Paid Supplemental Data": "-", "Interest Paid Supplemental Data": "-", "Capital Expenditure": "-187,527", "Issuance of Capital Stock": "-", "Issuance of Debt": "-", "Repurchase of Capital Stock": "-54,614", "Free Cash Flow": "676,445"}, "12/31/2020": {"Duration": "12/31/2020", "Operating Cash Flow": "868,935", "Investing Cash Flow": "-569,794", "Financing Cash Flow": "-158,286", "End Cash Position": "914,121", "Income Tax Paid Supplemental Data": "106,577", "Interest Paid Supplemental Data": "6,435", "Capital Expenditure": "-184,977", "Issuance of Capital Stock": "-", "Issuance of Debt": "-", "Repurchase of Capital Stock": "-88,465", "Free Cash Flow": "683,958"}, "12/31/2019": {"Duration": "12/31/2019", "Operating Cash Flow": "578,750", "Investing Cash Flow": "-156,660", "Financing Cash Flow": "-574,349", "End Cash Position": "773,924", "Income Tax Paid Supplemental Data": "81,410", "Interest Paid Supplemental Data": "5,996", "Capital Expenditure": "-134,642", "Issuance of Capital Stock": "29,312", "Issuance of Debt": "-", "Repurchase of Capital Stock": "-500,000", "Free Cash Flow": "444,108"}, "12/31/2018": {"Duration": "12/31/2018", "Operating Cash Flow": "476,881", "Investing Cash Flow": "923,010", "Financing Cash Flow": "-903,421", "End Cash Position": "926,752", "Income Tax Paid Supplemental Data": "72,811", "Interest Paid Supplemental Data": "6,205", "Capital Expenditure": "-114,379", "Issuance of Capital Stock": "20,973", "Issuance of Debt": "0", "Repurchase of Capital Stock": "-823,478", "Free Cash Flow": "362,502"}}}}, {"SNPS": {"quote": {"03/28/2021": {"value": "242.75", "Market Cap": "36.989B", "Beta (5Y Monthly)": "1.08", "PE Ratio (TTM)": "52.49", "EPS (TTM)": "4.62", "Earnings Date": "May 18, 2021 - May 24, 2021", "Forward Dividend & Yield": "N/A (N/A)", "Ex-Dividend Date": "N/A", "1y Target Est": "313.69"}, "05/07/2021": {"value": "241.84", "Market Cap": "36.85B", "Beta (5Y Monthly)": "1.04", "PE Ratio (TTM)": "52.29", "EPS (TTM)": "4.62", "Earnings Date": "May 19, 2021", "Forward Dividend & Yield": "N/A (N/A)", "Ex-Dividend Date": "N/A", "1y Target Est": "311.77"}}, "fin": {"TTM": {"Duration": "TTM", "Total Revenue": "3,821,221", "Cost of Revenue": "809,821", "Gross Profit": "3,011,400", "Operating Expense": "2,303,119", "Operating Income": "708,281", "Net Non Operating Interest Income Expense": "-1,883", "Other Income Expense": "9,292", "Pretax Income": "715,690", "Tax Provision": "-5,724", "Net Income Common Stockholders": "722,631", "Diluted NI Available to Com Stockholders": "722,631", "Basic EPS": "-", "Diluted EPS": "-", "Basic Average Shares": "-", "Diluted Average Shares": "-", "Total Operating Income as Reported": "680,973", "Total Expenses": "3,112,940", "Net Income from Continuing & Discontinued Operation": "722,631", "Normalized Income": "735,934", "Interest Income": "2,393", "Interest Expense": "4,276", "Net Interest Income": "-1,883", "EBIT": "719,966", "EBITDA": "928,348", "Reconciled Cost of Revenue": "639,294", "Reconciled Depreciation": "208,382", "Net Income from Continuing Operation Net Minority Interest": "722,631", "Total Unusual Items Excluding Goodwill": "-22,172", "Total Unusual Items": "-22,172", "Normalized EBITDA": "950,520", "Tax Rate for Calcs": "0", "Tax Effect of Unusual Items": "-8,869"}, "10/31/2020": {"Duration": "10/31/2020", "Total Revenue": "3,685,281", "Cost of Revenue": "794,690", "Gross Profit": "2,890,591", "Operating Expense": "2,234,391", "Operating Income": "656,200", "Net Non Operating Interest Income Expense": "-1,579", "Other Income Expense": "-16,462", "Pretax Income": "638,159", "Tax Provision": "-25,288", "Net Income Common Stockholders": "664,347", "Diluted NI Available to Com Stockholders": "664,347", "Basic EPS": "4.40", "Diluted EPS": "4.27", "Basic Average Shares": "151,135", "Diluted Average Shares": "155,706", "Total Operating Income as Reported": "620,141", "Total Expenses": "3,029,081", "Net Income from Continuing & Discontinued Operation": "664,347", "Normalized Income": "686,623", "Interest Income": "3,561", "Interest Expense": "5,140", "Net Interest Income": "-1,579", "EBIT": "643,299", "EBITDA": "-", "Reconciled Cost of Revenue": "623,533", "Reconciled Depreciation": "209,986", "Net Income from Continuing Operation Net Minority Interest": "664,347", "Total Unusual Items Excluding Goodwill": "-30,515", "Total Unusual Items": "-30,515", "Normalized EBITDA": "883,800", "Tax Rate for Calcs": "0", "Tax Effect of Unusual Items": "-8,239"}, "10/31/2019": {"Duration": "10/31/2019", "Total Revenue": "3,360,694", "Cost of Revenue": "752,946", "Gross Profit": "2,607,748", "Operating Expense": "2,040,331", "Operating Income": "567,417", "Net Non Operating Interest Income Expense": "-4,800", "Other Income Expense": "-17,111", "Pretax Income": "545,506", "Tax Provision": "13,139", "Net Income Common Stockholders": "532,367", "Diluted NI Available to Com Stockholders": "532,367", "Basic EPS": "3.55", "Diluted EPS": "3.45", "Basic Average Shares": "149,872", "Diluted Average Shares": "154,190", "Total Operating Income as Reported": "520,231", "Total Expenses": "2,793,277", "Net Income from Continuing & Discontinued Operation": "532,367", "Normalized Income": "574,919", "Interest Income": "6,859", "Interest Expense": "11,659", "Net Interest Income": "-4,800", "EBIT": "557,165", "EBITDA": "-", "Reconciled Cost of Revenue": "592,561", "Reconciled Depreciation": "201,676", "Net Income from Continuing Operation Net Minority Interest": "532,367", "Total Unusual Items Excluding Goodwill": "-43,598", "Total Unusual Items": "-43,598", "Normalized EBITDA": "802,439", "Tax Rate for Calcs": "0", "Tax Effect of Unusual Items": "-1,046"}, "10/31/2018": {"Duration": "10/31/2018", "Total Revenue": "3,121,058", "Cost of Revenue": "735,898", "Gross Profit": "2,385,160", "Operating Expense": "2,011,990", "Operating Income": "373,170", "Net Non Operating Interest Income Expense": "-10,284", "Other Income Expense": "657", "Pretax Income": "363,543", "Tax Provision": "-68,975", "Net Income Common Stockholders": "432,518", "Diluted NI Available to Com Stockholders": "432,518", "Basic EPS": "2.90", "Diluted EPS": "2.82", "Basic Average Shares": "149,036", "Diluted Average Shares": "153,393", "Total Operating Income as Reported": "360,225", "Total Expenses": "2,747,888", "Net Income from Continuing & Discontinued Operation": "432,518", "Normalized Income": "439,371", "Interest Income": "5,323", "Interest Expense": "15,607", "Net Interest Income": "-10,284", "EBIT": "379,150", "EBITDA": "-", "Reconciled Cost of Revenue": "568,321", "Reconciled Depreciation": "209,207", "Net Income from Continuing Operation Net Minority Interest": "432,518", "Total Unusual Items Excluding Goodwill": "-9,388", "Total Unusual Items": "-9,388", "Normalized EBITDA": "597,745", "Tax Rate for Calcs": "0", "Tax Effect of Unusual Items": "-2,535"}}, "bs": {"10/31/2020": {"Duration": "10/31/2020", "Total Assets": "8,030,062", "Total Liabilities Net Minority Interest": "3,117,695", "Total Equity Gross Minority Interest": "4,912,367", "Total Capitalization": "5,008,227", "Common Stock Equity": "4,907,404", "Capital Lease Obligations": "535,584", "Net Tangible Assets": "1,287,968", "Working Capital": "409,295", "Invested Capital": "5,035,311", "Tangible Book Value": "1,287,968", "Total Debt": "663,491", "Share Issued": "157,261", "Ordinary Shares Number": "152,618", "Treasury Shares Number": "4,643"}, "10/31/2019": {"Duration": "10/31/2019", "Total Assets": "6,405,160", "Total Liabilities Net Minority Interest": "2,316,284", "Total Equity Gross Minority Interest": "4,088,876", "Total Capitalization": "4,203,106", "Common Stock Equity": "4,083,013", "Capital Lease Obligations": "-", "Net Tangible Assets": "632,460", "Working Capital": "-13,536", "Invested Capital": "4,220,720", "Tangible Book Value": "632,460", "Total Debt": "137,707", "Share Issued": "157,261", "Ordinary Shares Number": "150,331", "Treasury Shares Number": "6,930"}, "10/31/2018": {"Duration": "10/31/2018", "Total Assets": "6,145,974", "Total Liabilities Net Minority Interest": "2,660,959", "Total Equity Gross Minority Interest": "3,485,015", "Total Capitalization": "3,604,687", "Common Stock Equity": "3,479,152", "Capital Lease Obligations": "-", "Net Tangible Assets": "-24,501", "Working Capital": "-558,618", "Invested Capital": "3,948,456", "Tangible Book Value": "-24,501", "Total Debt": "469,304", "Share Issued": "157,261", "Ordinary Shares Number": "149,265", "Treasury Shares Number": "7,996"}}, "cf": {"TTM": {"Duration": "TTM", "Operating Cash Flow": "1,155,451", "Investing Cash Flow": "-330,320", "Financing Cash Flow": "-527,150", "End Cash Position": "1,000,263", "Income Tax Paid Supplemental Data": "-", "Interest Paid Supplemental Data": "-", "Capital Expenditure": "-131,882", "Issuance of Capital Stock": "197,513", "Issuance of Debt": "79,999", "Repayment of Debt": "-290,823", "Repurchase of Capital Stock": "-364,949", "Free Cash Flow": "1,023,569"}, "10/31/2020": {"Duration": "10/31/2020", "Operating Cash Flow": "991,313", "Investing Cash Flow": "-360,418", "Financing Cash Flow": "-140,606", "End Cash Position": "1,237,970", "Income Tax Paid Supplemental Data": "70,711", "Interest Paid Supplemental Data": "5,136", "Capital Expenditure": "-158,762", "Issuance of Capital Stock": "197,403", "Issuance of Debt": "276,489", "Repayment of Debt": "-288,879", "Repurchase of Capital Stock": "-242,078", "Free Cash Flow": "832,551"}, "10/31/2019": {"Duration": "10/31/2019", "Operating Cash Flow": "800,513", "Investing Cash Flow": "-235,877", "Financing Cash Flow": "-561,892", "End Cash Position": "730,527", "Income Tax Paid Supplemental Data": "75,744", "Interest Paid Supplemental Data": "12,363", "Capital Expenditure": "-202,388", "Issuance of Capital Stock": "156,364", "Issuance of Debt": "192,897", "Repayment of Debt": "-524,063", "Repurchase of Capital Stock": "-329,185", "Free Cash Flow": "598,125"}, "10/31/2018": {"Duration": "10/31/2018", "Operating Cash Flow": "424,232", "Investing Cash Flow": "-743,525", "Financing Cash Flow": "5,138", "End Cash Position": "723,115", "Income Tax Paid Supplemental Data": "252,522", "Interest Paid Supplemental Data": "15,307", "Capital Expenditure": "-101,926", "Issuance of Capital Stock": "123,829", "Issuance of Debt": "620,635", "Repayment of Debt": "-295,313", "Repurchase of Capital Stock": "-400,000", "Free Cash Flow": "322,306"}}}}, {"OCLR": {"quote": {"03/28/2021": {"value": "", "Net Assets": "N/A", "Beta (5Y Monthly)": "N/A", "Yield": "N/A", "5y Average Return": "N/A", "Holdings Turnover": "N/A", "Last Dividend": "N/A", "Average for Category": "N/A", "Inception Date": "N/A"}, "05/07/2021": {"value": "", "Net Assets": "N/A", "Beta (5Y Monthly)": "N/A", "Yield": "N/A", "5y Average Return": "N/A", "Holdings Turnover": "N/A", "Last Dividend": "N/A", "Average for Category": "N/A", "Inception Date": "N/A"}}, "fin": {}, "bs": {}, "cf": {}}}, {"PLAB": {"quote": {"03/28/2021": {"value": "12.60", "Market Cap": "798.649M", "Beta (5Y Monthly)": "0.91", "PE Ratio (TTM)": "25.77", "EPS (TTM)": "0.49", "Earnings Date": "May 25, 2021 - May 31, 2021", "Forward Dividend & Yield": "N/A (N/A)", "Ex-Dividend Date": "N/A", "1y Target Est": "16.67"}, "05/07/2021": {"value": "13.20", "Market Cap": "836.679M", "Beta (5Y Monthly)": "0.92", "PE Ratio (TTM)": "26.99", "EPS (TTM)": "0.49", "Earnings Date": "May 25, 2021 - May 31, 2021", "Forward Dividend & Yield": "N/A (N/A)", "Ex-Dividend Date": "N/A", "1y Target Est": "16.67"}}, "fin": {"TTM": {"Duration": "TTM", "Total Revenue": "602,022", "Cost of Revenue": "471,441", "Gross Profit": "130,581", "Operating Expense": "71,190", "Operating Income": "59,391", "Net Non Operating Interest Income Expense": "-1,489", "Other Income Expense": "-3,855", "Pretax Income": "54,047", "Tax Provision": "15,123", "Net Income Common Stockholders": "31,556", "Average Dilution Earnings": "-", "Diluted NI Available to Com Stockholders": "31,556", "Basic EPS": "-", "Diluted EPS": "-", "Basic Average Shares": "-", "Diluted Average Shares": "-", "Total Operating Income as Reported": "59,391", "Total Expenses": "542,631", "Net Income from Continuing & Discontinued Operation": "31,556", "Normalized Income": "34,332", "Interest Income": "-97", "Interest Expense": "1,392", "Net Interest Income": "-1,489", "EBIT": "55,439", "EBITDA": "148,351", "Reconciled Cost of Revenue": "471,441", "Reconciled Depreciation": "92,912", "Net Income from Continuing Operation Net Minority Interest": "31,556", "Total Unusual Items Excluding Goodwill": "-3,855", "Total Unusual Items": "-3,855", "Normalized EBITDA": "152,206", "Tax Rate for Calcs": "0", "Tax Effect of Unusual Items": "-1,079"}, "10/31/2020": {"Duration": "10/31/2020", "Total Revenue": "609,691", "Cost of Revenue": "475,037", "Gross Profit": "134,654", "Operating Expense": "70,726", "Operating Income": "63,928", "Net Non Operating Interest Income Expense": "-1,826", "Other Income Expense": "-501", "Pretax Income": "61,601", "Tax Provision": "21,258", "Net Income Common Stockholders": "33,820", "Average Dilution Earnings": "-", "Diluted NI Available to Com Stockholders": "33,820", "Basic EPS": "0.52", "Diluted EPS": "0.52", "Basic Average Shares": "64,866", "Diluted Average Shares": "65,470", "Total Operating Income as Reported": "63,928", "Total Expenses": "545,763", "Net Income from Continuing & Discontinued Operation": "33,820", "Normalized Income": "34,148", "Interest Income": "541", "Interest Expense": "2,367", "Net Interest Income": "-1,826", "EBIT": "63,968", "EBITDA": "-", "Reconciled Cost of Revenue": "475,037", "Reconciled Depreciation": "93,814", "Net Income from Continuing Operation Net Minority Interest": "33,820", "Total Unusual Items Excluding Goodwill": "-501", "Total Unusual Items": "-501", "Normalized EBITDA": "158,283", "Tax Rate for Calcs": "0", "Tax Effect of Unusual Items": "-172.845"}, "10/31/2019": {"Duration": "10/31/2019", "Total Revenue": "550,660", "Cost of Revenue": "429,819", "Gross Profit": "120,841", "Operating Expense": "68,720", "Operating Income": "52,121", "Net Non Operating Interest Income Expense": "-1,420", "Other Income Expense": "-1,420", "Pretax Income": "50,701", "Tax Provision": "10,210", "Net Income Common Stockholders": "29,793", "Average Dilution Earnings": "845", "Diluted NI Available to Com Stockholders": "30,638", "Basic EPS": "0.45", "Diluted EPS": "0.44", "Basic Average Shares": "66,347", "Diluted Average Shares": "69,155", "Total Operating Income as Reported": "52,121", "Total Expenses": "498,539", "Net Income from Continuing & Discontinued Operation": "29,793", "Normalized Income": "29,793", "Interest Income": "5", "Interest Expense": "1,425", "Net Interest Income": "-1,420", "EBIT": "52,126", "EBITDA": "-", "Reconciled Cost of Revenue": "429,819", "Reconciled Depreciation": "83,879", "Net Income from Continuing Operation Net Minority Interest": "29,793", "Total Unusual Items Excluding Goodwill": "-", "Total Unusual Items": "-", "Normalized EBITDA": "136,005", "Tax Rate for Calcs": "0", "Tax Effect of Unusual Items": "0"}, "10/31/2018": {"Duration": "10/31/2018", "Total Revenue": "535,276", "Cost of Revenue": "403,773", "Gross Profit": "131,503", "Operating Expense": "65,876", "Operating Income": "65,627", "Net Non Operating Interest Income Expense": "2,944", "Other Income Expense": "2,944", "Pretax Income": "68,571", "Tax Provision": "7,335", "Net Income Common Stockholders": "42,055", "Average Dilution Earnings": "1,999", "Diluted NI Available to Com Stockholders": "44,054", "Basic EPS": "0.61", "Diluted EPS": "0.59", "Basic Average Shares": "68,829", "Diluted Average Shares": "74,821", "Total Operating Income as Reported": "65,627", "Total Expenses": "469,649", "Net Income from Continuing & Discontinued Operation": "42,055", "Normalized Income": "42,055", "Interest Income": "5,206", "Interest Expense": "2,262", "Net Interest Income": "2,944", "EBIT": "70,833", "EBITDA": "-", "Reconciled Cost of Revenue": "403,773", "Reconciled Depreciation": "84,333", "Net Income from Continuing Operation Net Minority Interest": "42,055", "Total Unusual Items Excluding Goodwill": "-", "Total Unusual Items": "-", "Normalized EBITDA": "155,166", "Tax Rate for Calcs": "0", "Tax Effect of Unusual Items": "0"}}, "bs": {"10/31/2020": {"Duration": "10/31/2020", "Total Assets": "1,188,182", "Total Liabilities Net Minority Interest": "225,916", "Total Equity Gross Minority Interest": "962,266", "Total Capitalization": "859,942", "Common Stock Equity": "804,962", "Capital Lease Obligations": "2,175", "Net Tangible Assets": "801,525", "Working Capital": "357,200", "Invested Capital": "873,620", "Tangible Book Value": "801,525", "Total Debt": "70,833", "Share Issued": "63,138", "Ordinary Shares Number": "63,138", "Treasury Shares Number": "-"}, "10/31/2019": {"Duration": "10/31/2019", "Total Assets": "1,118,665", "Total Liabilities Net Minority Interest": "207,573", "Total Equity Gross Minority Interest": "911,092", "Total Capitalization": "811,779", "Common Stock Equity": "769,892", "Capital Lease Obligations": "-", "Net Tangible Assets": "762,022", "Working Capital": "275,573", "Invested Capital": "822,652", "Tangible Book Value": "762,022", "Total Debt": "52,760", "Share Issued": "65,595", "Ordinary Shares Number": "65,595", "Treasury Shares Number": "-"}, "10/31/2018": {"Duration": "10/31/2018", "Total Assets": "1,110,009", "Total Liabilities Net Minority Interest": "205,440", "Total Equity Gross Minority Interest": "904,569", "Total Capitalization": "759,671", "Common Stock Equity": "759,671", "Capital Lease Obligations": "0", "Net Tangible Assets": "747,303", "Working Capital": "311,655", "Invested Capital": "817,124", "Tangible Book Value": "747,303", "Total Debt": "57,453", "Share Issued": "69,700", "Ordinary Shares Number": "67,142", "Treasury Shares Number": "2,558"}}, "cf": {"TTM": {"Duration": "TTM", "Operating Cash Flow": "138,548", "Investing Cash Flow": "-71,378", "Financing Cash Flow": "-22,749", "End Cash Position": "265,506", "Capital Expenditure": "-74,699", "Issuance of Debt": "25,405", "Repayment of Debt": "-14,799", "Repurchase of Capital Stock": "-36,603", "Free Cash Flow": "63,849"}, "10/31/2020": {"Duration": "10/31/2020", "Operating Cash Flow": "143,046", "Investing Cash Flow": "-65,711", "Financing Cash Flow": "-16,010", "End Cash Position": "281,602", "Capital Expenditure": "-70,974", "Issuance of Debt": "20,340", "Repayment of Debt": "-7,392", "Repurchase of Capital Stock": "-34,394", "Free Cash Flow": "72,072"}, "10/31/2019": {"Duration": "10/31/2019", "Operating Cash Flow": "68,386", "Investing Cash Flow": "-151,406", "Financing Cash Flow": "-42,059", "End Cash Position": "209,291", "Capital Expenditure": "-178,470", "Issuance of Debt": "54,633", "Repayment of Debt": "-61,319", "Repurchase of Capital Stock": "-21,696", "Free Cash Flow": "-110,084"}, "10/31/2018": {"Duration": "10/31/2018", "Operating Cash Flow": "130,567", "Investing Cash Flow": "-90,729", "Financing Cash Flow": "-13,805", "End Cash Position": "329,277", "Capital Expenditure": "-92,803", "Issuance of Debt": "-", "Repayment of Debt": "-4,639", "Repurchase of Capital Stock": "-23,111", "Free Cash Flow": "37,764"}}}}, {"RBCN": {"quote": {"03/28/2021": {"value": "10.43", "Market Cap": "25.264M", "Beta (5Y Monthly)": "0.30", "PE Ratio (TTM)": "N/A", "EPS (TTM)": "-0.43", "Earnings Date": "Mar 29, 2021 - Apr 01, 2021", "Forward Dividend & Yield": "N/A (N/A)", "Ex-Dividend Date": "N/A", "1y Target Est": "N/A"}, "05/07/2021": {"value": "10.50", "Market Cap": "25.434M", "Beta (5Y Monthly)": "0.42", "PE Ratio (TTM)": "N/A", "EPS (TTM)": "-0.43", "Earnings Date": "May 12, 2021 - May 17, 2021", "Forward Dividend & Yield": "N/A (N/A)", "Ex-Dividend Date": "N/A", "1y Target Est": "N/A"}}, "fin": {"TTM": {"Duration": "TTM", "Total Revenue": "4,467", "Cost of Revenue": "3,226", "Gross Profit": "1,241", "Operating Expense": "2,795", "Operating Income": "-1,554", "Net Non Operating Interest Income Expense": "108", "Other Income Expense": "396", "Pretax Income": "-1,050", "Tax Provision": "13", "Net Income Common Stockholders": "-1,063", "Diluted NI Available to Com Stockholders": "-1,063", "Basic EPS": "-", "Diluted EPS": "-", "Basic Average Shares": "-", "Diluted Average Shares": "-", "Total Operating Income as Reported": "530", "Total Expenses": "6,021", "Net Income from Continuing & Discontinued Operation": "-1,063", "Normalized Income": "-1,352", "Interest Income": "108", "Net Interest Income": "108", "EBIT": "-1,554", "EBITDA": "-1,387", "Reconciled Cost of Revenue": "3,226", "Reconciled Depreciation": "167", "Net Income from Continuing Operation Net Minority Interest": "-1,063", "Total Unusual Items Excluding Goodwill": "396", "Total Unusual Items": "396", "Normalized EBITDA": "-1,783", "Tax Rate for Calcs": "0", "Tax Effect of Unusual Items": "106.92"}, "12/31/2020": {"Duration": "12/31/2020", "Total Revenue": "4,467", "Cost of Revenue": "3,226", "Gross Profit": "1,241", "Operating Expense": "2,795", "Operating Income": "-1,554", "Net Non Operating Interest Income Expense": "108", "Other Income Expense": "396", "Pretax Income": "-1,050", "Tax Provision": "13", "Net Income Common Stockholders": "-1,063", "Diluted NI Available to Com Stockholders": "-1,063", "Basic EPS": "-", "Diluted EPS": "-", "Basic Average Shares": "-", "Diluted Average Shares": "-", "Total Operating Income as Reported": "530", "Total Expenses": "6,021", "Net Income from Continuing & Discontinued Operation": "-1,063", "Normalized Income": "-1,352", "Interest Income": "108", "Net Interest Income": "108", "EBIT": "-1,554", "EBITDA": "-", "Reconciled Cost of Revenue": "3,226", "Reconciled Depreciation": "167", "Net Income from Continuing Operation Net Minority Interest": "-1,063", "Total Unusual Items Excluding Goodwill": "396", "Total Unusual Items": "396", "Normalized EBITDA": "-1,783", "Tax Rate for Calcs": "0", "Tax Effect of Unusual Items": "106.92"}, "12/31/2019": {"Duration": "12/31/2019", "Total Revenue": "3,526", "Cost of Revenue": "2,444", "Gross Profit": "1,082", "Operating Expense": "2,909", "Operating Income": "-1,827", "Net Non Operating Interest Income Expense": "460", "Other Income Expense": "242", "Pretax Income": "-1,125", "Tax Provision": "22", "Net Income Common Stockholders": "-1,147", "Diluted NI Available to Com Stockholders": "-1,147", "Basic EPS": "-0.42", "Diluted EPS": "-0.42", "Basic Average Shares": "2,708", "Diluted Average Shares": "2,708", "Total Operating Income as Reported": "-1,250", "Total Expenses": "5,353", "Net Income from Continuing & Discontinued Operation": "-1,147", "Normalized Income": "-1,324", "Interest Income": "460", "Net Interest Income": "460", "EBIT": "-1,827", "EBITDA": "-", "Reconciled Cost of Revenue": "2,444", "Reconciled Depreciation": "169", "Net Income from Continuing Operation Net Minority Interest": "-1,147", "Total Unusual Items Excluding Goodwill": "242", "Total Unusual Items": "242", "Normalized EBITDA": "-1,900", "Tax Rate for Calcs": "0", "Tax Effect of Unusual Items": "65.34"}, "12/31/2018": {"Duration": "12/31/2018", "Total Revenue": "3,878", "Cost of Revenue": "3,862", "Gross Profit": "16", "Operating Expense": "2,748", "Operating Income": "-2,732", "Net Non Operating Interest Income Expense": "361", "Other Income Expense": "3,358", "Pretax Income": "987", "Tax Provision": "24", "Net Income Common Stockholders": "963", "Diluted NI Available to Com Stockholders": "963", "Basic EPS": "0.35", "Diluted EPS": "0.35", "Basic Average Shares": "2,730", "Diluted Average Shares": "2,735", "Total Operating Income as Reported": "635", "Total Expenses": "6,610", "Net Income from Continuing & Discontinued Operation": "963", "Normalized Income": "-2,313", "Interest Income": "361", "Net Interest Income": "361", "EBIT": "-2,732", "EBITDA": "-", "Reconciled Cost of Revenue": "3,862", "Reconciled Depreciation": "355", "Net Income from Continuing Operation Net Minority Interest": "963", "Total Unusual Items Excluding Goodwill": "3,358", "Total Unusual Items": "3,358", "Normalized EBITDA": "-5,735", "Tax Rate for Calcs": "0", "Tax Effect of Unusual Items": "81.6535"}}, "bs": {"12/31/2020": {"Duration": "12/31/2020", "Total Assets": "31,240", "Total Liabilities Net Minority Interest": "1,305", "Total Equity Gross Minority Interest": "29,935", "Total Capitalization": "29,935", "Common Stock Equity": "29,935", "Net Tangible Assets": "29,935", "Working Capital": "26,985", "Invested Capital": "29,935", "Tangible Book Value": "29,935", "Share Issued": "2,971", "Ordinary Shares Number": "2,422", "Treasury Shares Number": "549.028"}, "12/31/2019": {"Duration": "12/31/2019", "Total Assets": "34,801", "Total Liabilities Net Minority Interest": "1,556", "Total Equity Gross Minority Interest": "33,245", "Total Capitalization": "33,245", "Common Stock Equity": "33,245", "Net Tangible Assets": "33,245", "Working Capital": "30,130", "Invested Capital": "33,245", "Tangible Book Value": "33,245", "Share Issued": "2,955", "Ordinary Shares Number": "2,702", "Treasury Shares Number": "253.082"}, "12/31/2018": {"Duration": "12/31/2018", "Total Assets": "35,794", "Total Liabilities Net Minority Interest": "1,194", "Total Equity Gross Minority Interest": "34,600", "Total Capitalization": "34,600", "Common Stock Equity": "34,600", "Net Tangible Assets": "34,600", "Working Capital": "31,872", "Invested Capital": "34,600", "Tangible Book Value": "34,600", "Share Issued": "2,920", "Ordinary Shares Number": "2,734", "Treasury Shares Number": "185.941"}}, "cf": {"TTM": {"Duration": "TTM", "Operating Cash Flow": "297", "Investing Cash Flow": "4,536", "Financing Cash Flow": "-2,447", "End Cash Position": "11,130", "Interest Paid Supplemental Data": "-", "Repurchase of Capital Stock": "-2,399", "Free Cash Flow": "297"}, "12/31/2020": {"Duration": "12/31/2020", "Operating Cash Flow": "297", "Investing Cash Flow": "4,536", "Financing Cash Flow": "-2,447", "End Cash Position": "11,130", "Interest Paid Supplemental Data": "-", "Repurchase of Capital Stock": "-2,399", "Free Cash Flow": "297"}, "12/31/2019": {"Duration": "12/31/2019", "Operating Cash Flow": "-1,230", "Investing Cash Flow": "-570", "Financing Cash Flow": "-730", "End Cash Position": "8,880", "Interest Paid Supplemental Data": "-", "Repurchase of Capital Stock": "-536", "Free Cash Flow": "-1,230"}, "12/31/2018": {"Duration": "12/31/2018", "Operating Cash Flow": "-1,066", "Investing Cash Flow": "831", "Financing Cash Flow": "-79", "End Cash Position": "11,410", "Interest Paid Supplemental Data": "0", "Repurchase of Capital Stock": "-65", "Free Cash Flow": "-1,066"}}}}, {"NVMI": {"quote": {"03/28/2021": {"value": "87.85", "Market Cap": "2.477B", "Beta (5Y Monthly)": "1.09", "PE Ratio (TTM)": "53.24", "EPS (TTM)": "1.65", "Earnings Date": "Feb 18, 2021", "Forward Dividend & Yield": "N/A (N/A)", "Ex-Dividend Date": "N/A", "1y Target Est": "92.00"}, "05/07/2021": {"value": "92.86", "Market Cap": "2.618B", "Beta (5Y Monthly)": "1.14", "PE Ratio (TTM)": "56.28", "EPS (TTM)": "1.65", "Earnings Date": "Aug 02, 2021 - Aug 06, 2021", "Forward Dividend & Yield": "N/A (N/A)", "Ex-Dividend Date": "N/A", "1y Target Est": "100.33"}}, "fin": {"TTM": {"Duration": "TTM", "Total Revenue": "269,396", "Cost of Revenue": "116,473", "Gross Profit": "152,923", "Operating Expense": "97,353", "Operating Income": "55,570", "Net Non Operating Interest Income Expense": "3,098", "Other Income Expense": "-2,172", "Pretax Income": "56,496", "Tax Provision": "8,589", "Net Income Common Stockholders": "47,907", "Diluted NI Available to Com Stockholders": "47,907", "Basic EPS": "-", "Diluted EPS": "-", "Basic Average Shares": "-", "Diluted Average Shares": "-", "Total Operating Income as Reported": "55,570", "Total Expenses": "213,826", "Net Income from Continuing & Discontinued Operation": "47,907", "Normalized Income": "49,749", "Interest Income": "4,057", "Interest Expense": "868", "Net Interest Income": "3,098", "EBIT": "57,364", "EBITDA": "65,742", "Reconciled Cost of Revenue": "110,598", "Reconciled Depreciation": "8,378", "Net Income from Continuing Operation Net Minority Interest": "47,907", "Total Unusual Items Excluding Goodwill": "-2,172", "Total Unusual Items": "-2,172", "Normalized EBITDA": "67,914", "Tax Rate for Calcs": "0", "Tax Effect of Unusual Items": "-330.144"}, "12/31/2020": {"Duration": "12/31/2020", "Total Revenue": "269,396", "Cost of Revenue": "116,473", "Gross Profit": "152,923", "Operating Expense": "97,353", "Operating Income": "55,570", "Net Non Operating Interest Income Expense": "3,098", "Other Income Expense": "-2,172", "Pretax Income": "56,496", "Tax Provision": "8,589", "Net Income Common Stockholders": "47,907", "Diluted NI Available to Com Stockholders": "47,907", "Basic EPS": "1.71", "Diluted EPS": "1.65", "Basic Average Shares": "28,097", "Diluted Average Shares": "28,950", "Total Operating Income as Reported": "55,570", "Total Expenses": "213,826", "Net Income from Continuing & Discontinued Operation": "47,907", "Normalized Income": "49,749", "Interest Income": "4,057", "Interest Expense": "868", "Net Interest Income": "3,098", "EBIT": "57,364", "EBITDA": "-", "Reconciled Cost of Revenue": "110,598", "Reconciled Depreciation": "8,378", "Net Income from Continuing Operation Net Minority Interest": "47,907", "Total Unusual Items Excluding Goodwill": "-2,172", "Total Unusual Items": "-2,172", "Normalized EBITDA": "67,914", "Tax Rate for Calcs": "0", "Tax Effect of Unusual Items": "-330.144"}, "12/31/2019": {"Duration": "12/31/2019", "Total Revenue": "224,909", "Cost of Revenue": "103,089", "Gross Profit": "121,820", "Operating Expense": "85,412", "Operating Income": "36,408", "Net Non Operating Interest Income Expense": "4,506", "Other Income Expense": "-1,428", "Pretax Income": "39,486", "Tax Provision": "4,315", "Net Income Common Stockholders": "35,171", "Diluted NI Available to Com Stockholders": "35,171", "Basic EPS": "1.26", "Diluted EPS": "1.23", "Basic Average Shares": "27,895", "Diluted Average Shares": "28,574", "Total Operating Income as Reported": "36,408", "Total Expenses": "188,501", "Net Income from Continuing & Discontinued Operation": "35,171", "Normalized Income": "36,443", "Interest Income": "4,605", "Interest Expense": "99", "Net Interest Income": "4,506", "EBIT": "36,408", "EBITDA": "-", "Reconciled Cost of Revenue": "94,449", "Reconciled Depreciation": "10,398", "Net Income from Continuing Operation Net Minority Interest": "35,171", "Total Unusual Items Excluding Goodwill": "-1,428", "Total Unusual Items": "-1,428", "Normalized EBITDA": "48,234", "Tax Rate for Calcs": "0", "Tax Effect of Unusual Items": "-155.652"}, "12/31/2018": {"Duration": "12/31/2018", "Total Revenue": "251,134", "Cost of Revenue": "105,900", "Gross Profit": "145,234", "Operating Expense": "84,792", "Operating Income": "60,442", "Net Non Operating Interest Income Expense": "2,984", "Other Income Expense": "-", "Pretax Income": "63,426", "Tax Provision": "9,051", "Net Income Common Stockholders": "54,375", "Diluted NI Available to Com Stockholders": "54,375", "Basic EPS": "1.94", "Diluted EPS": "1.89", "Basic Average Shares": "28,022", "Diluted Average Shares": "28,765", "Total Operating Income as Reported": "60,442", "Total Expenses": "190,692", "Net Income from Continuing & Discontinued Operation": "54,375", "Normalized Income": "54,375", "Interest Income": "2,984", "Interest Expense": "-", "Net Interest Income": "2,984", "EBIT": "60,442", "EBITDA": "-", "Reconciled Cost of Revenue": "99,975", "Reconciled Depreciation": "7,684", "Net Income from Continuing Operation Net Minority Interest": "54,375", "Total Unusual Items Excluding Goodwill": "-", "Total Unusual Items": "-", "Normalized EBITDA": "68,126", "Tax Rate for Calcs": "0", "Tax Effect of Unusual Items": "0"}}, "bs": {"12/31/2020": {"Duration": "12/31/2020", "Total Assets": "655,786", "Total Liabilities Net Minority Interest": "284,248", "Total Equity Gross Minority Interest": "371,538", "Total Capitalization": "550,346", "Common Stock Equity": "371,538", "Capital Lease Obligations": "35,608", "Net Tangible Assets": "346,365", "Working Capital": "497,767", "Invested Capital": "550,346", "Tangible Book Value": "346,365", "Total Debt": "214,416", "Share Issued": "28,177", "Ordinary Shares Number": "28,177"}, "12/31/2019": {"Duration": "12/31/2019", "Total Assets": "400,443", "Total Liabilities Net Minority Interest": "85,904", "Total Equity Gross Minority Interest": "314,539", "Total Capitalization": "314,539", "Common Stock Equity": "314,539", "Capital Lease Obligations": "33,313", "Net Tangible Assets": "286,863", "Working Capital": "255,982", "Invested Capital": "314,539", "Tangible Book Value": "286,863", "Total Debt": "33,313", "Share Issued": "28,006", "Ordinary Shares Number": "28,006"}, "12/31/2018": {"Duration": "12/31/2018", "Total Assets": "333,430", "Total Liabilities Net Minority Interest": "52,690", "Total Equity Gross Minority Interest": "280,740", "Total Capitalization": "280,740", "Common Stock Equity": "280,740", "Capital Lease Obligations": "-", "Net Tangible Assets": "250,439", "Working Capital": "233,499", "Invested Capital": "280,740", "Tangible Book Value": "250,439", "Total Debt": "-", "Share Issued": "27,918", "Ordinary Shares Number": "27,918"}}, "cf": {"TTM": {"Duration": "TTM", "Operating Cash Flow": "60,253", "Investing Cash Flow": "-42,459", "Financing Cash Flow": "181,406", "End Cash Position": "232,304", "Income Tax Paid Supplemental Data": "3,981", "Capital Expenditure": "-6,443", "Issuance of Debt": "193,588", "Repurchase of Capital Stock": "-12,549", "Free Cash Flow": "53,810"}, "12/31/2020": {"Duration": "12/31/2020", "Operating Cash Flow": "60,253", "Investing Cash Flow": "-42,459", "Financing Cash Flow": "181,406", "End Cash Position": "232,304", "Income Tax Paid Supplemental Data": "3,981", "Capital Expenditure": "-6,443", "Issuance of Debt": "193,588", "Repurchase of Capital Stock": "-12,549", "Free Cash Flow": "53,810"}, "12/31/2019": {"Duration": "12/31/2019", "Operating Cash Flow": "41,202", "Investing Cash Flow": "-25,664", "Financing Cash Flow": "-6,667", "End Cash Position": "31,748", "Income Tax Paid Supplemental Data": "8,342", "Capital Expenditure": "-21,269", "Issuance of Debt": "-", "Repurchase of Capital Stock": "-7,159", "Free Cash Flow": "19,933"}, "12/31/2018": {"Duration": "12/31/2018", "Operating Cash Flow": "36,109", "Investing Cash Flow": "-35,239", "Financing Cash Flow": "-4,440", "End Cash Position": "24,877", "Income Tax Paid Supplemental Data": "13,048", "Capital Expenditure": "-3,678", "Issuance of Debt": "-", "Repurchase of Capital Stock": "-4,801", "Free Cash Flow": "32,431"}}}}, {"TRT": {"quote": {"03/28/2021": {"value": "4.7600", "Market Cap": "17.662M", "Beta (5Y Monthly)": "1.29", "PE Ratio (TTM)": "39.02", "EPS (TTM)": "0.1220", "Earnings Date": "May 19, 2021 - May 24, 2021", "Forward Dividend & Yield": "N/A (N/A)", "Ex-Dividend Date": "Feb 21, 2008", "1y Target Est": "N/A"}, "05/07/2021": {"value": "5.16", "Market Cap": "19.146M", "Beta (5Y Monthly)": "1.23", "PE Ratio (TTM)": "42.30", "EPS (TTM)": "0.12", "Earnings Date": "May 19, 2021 - May 24, 2021", "Forward Dividend & Yield": "N/A (N/A)", "Ex-Dividend Date": "Feb 21, 2008", "1y Target Est": "N/A"}}, "fin": {"TTM": {"Duration": "TTM", "Total Revenue": "30,722", "Cost of Revenue": "24,225", "Gross Profit": "6,497", "Operating Expense": "6,593", "Operating Income": "-96", "Net Non Operating Interest Income Expense": "-15", "Other Income Expense": "-23", "Pretax Income": "-134", "Tax Provision": "-125", "Net Income Common Stockholders": "494", "Diluted NI Available to Com Stockholders": "494", "Basic EPS": "-", "Diluted EPS": "-", "Basic Average Shares": "-", "Diluted Average Shares": "-", "Total Operating Income as Reported": "-1,272", "Total Expenses": "30,818", "Net Income from Continuing & Discontinued Operation": "494", "Normalized Income": "647.37", "Interest Income": "163", "Interest Expense": "178", "Net Interest Income": "-15", "EBIT": "44", "EBITDA": "3,037", "Reconciled Cost of Revenue": "24,225", "Reconciled Depreciation": "2,993", "Net Income from Continuing Operation Net Minority Interest": "524", "Total Unusual Items Excluding Goodwill": "-169", "Total Unusual Items": "-169", "Normalized EBITDA": "3,206", "Tax Rate for Calcs": "0", "Tax Effect of Unusual Items": "-45.63"}, "6/30/2020": {"Duration": "6/30/2020", "Total Revenue": "34,465", "Cost of Revenue": "27,199", "Gross Profit": "7,266", "Operating Expense": "7,232", "Operating Income": "34", "Net Non Operating Interest Income Expense": "-53", "Other Income Expense": "1,214", "Pretax Income": "1,195", "Tax Provision": "-12", "Net Income Common Stockholders": "966", "Diluted NI Available to Com Stockholders": "966", "Basic EPS": "0.26", "Diluted EPS": "0.26", "Basic Average Shares": "3,673", "Diluted Average Shares": "3,722", "Total Operating Income as Reported": "-859", "Total Expenses": "34,431", "Net Income from Continuing & Discontinued Operation": "966", "Normalized Income": "179.87", "Interest Income": "177", "Interest Expense": "230", "Net Interest Income": "-53", "EBIT": "1,425", "EBITDA": "-", "Reconciled Cost of Revenue": "27,199", "Reconciled Depreciation": "3,100", "Net Income from Continuing Operation Net Minority Interest": "969", "Total Unusual Items Excluding Goodwill": "1,081", "Total Unusual Items": "1,081", "Normalized EBITDA": "3,444", "Tax Rate for Calcs": "0", "Tax Effect of Unusual Items": "291.87"}, "6/30/2019": {"Duration": "6/30/2019", "Total Revenue": "39,198", "Cost of Revenue": "30,197", "Gross Profit": "9,001", "Operating Expense": "8,143", "Operating Income": "858", "Net Non Operating Interest Income Expense": "-219", "Other Income Expense": "770", "Pretax Income": "1,409", "Tax Provision": "-42", "Net Income Common Stockholders": "1,545", "Diluted NI Available to Com Stockholders": "1,545", "Basic EPS": "0.42", "Diluted EPS": "0.41", "Basic Average Shares": "3,673", "Diluted Average Shares": "3,762", "Total Operating Income as Reported": "794", "Total Expenses": "38,340", "Net Income from Continuing & Discontinued Operation": "1,545", "Normalized Income": "1,136", "Interest Income": "100", "Interest Expense": "319", "Net Interest Income": "-219", "EBIT": "1,728", "EBITDA": "-", "Reconciled Cost of Revenue": "30,197", "Reconciled Depreciation": "2,450", "Net Income from Continuing Operation Net Minority Interest": "1,548", "Total Unusual Items Excluding Goodwill": "565", "Total Unusual Items": "565", "Normalized EBITDA": "3,613", "Tax Rate for Calcs": "0", "Tax Effect of Unusual Items": "152.55"}, "6/30/2018": {"Duration": "6/30/2018", "Total Revenue": "42,361", "Cost of Revenue": "31,723", "Gross Profit": "10,638", "Operating Expense": "8,401", "Operating Income": "2,237", "Net Non Operating Interest Income Expense": "-183", "Other Income Expense": "236", "Pretax Income": "2,290", "Tax Provision": "987", "Net Income Common Stockholders": "1,184", "Diluted NI Available to Com Stockholders": "1,184", "Basic EPS": "0.33", "Diluted EPS": "0.31", "Basic Average Shares": "3,553", "Diluted Average Shares": "3,771", "Total Operating Income as Reported": "2,188", "Total Expenses": "40,124", "Net Income from Continuing & Discontinued Operation": "1,184", "Normalized Income": "1,258", "Interest Income": "50", "Interest Expense": "233", "Net Interest Income": "-183", "EBIT": "2,523", "EBITDA": "-", "Reconciled Cost of Revenue": "31,723", "Reconciled Depreciation": "2,214", "Net Income from Continuing Operation Net Minority Interest": "1,197", "Total Unusual Items Excluding Goodwill": "-83", "Total Unusual Items": "-83", "Normalized EBITDA": "4,820", "Tax Rate for Calcs": "0", "Tax Effect of Unusual Items": "-22.41"}}, "bs": {"6/30/2020": {"Duration": "6/30/2020", "Total Assets": "35,660", "Total Liabilities Net Minority Interest": "10,514", "Total Equity Gross Minority Interest": "25,146", "Total Capitalization": "25,869", "Common Stock Equity": "23,966", "Capital Lease Obligations": "1,610", "Net Tangible Assets": "23,966", "Working Capital": "12,957", "Invested Capital": "26,465", "Tangible Book Value": "23,966", "Total Debt": "4,109", "Share Issued": "3,673", "Ordinary Shares Number": "3,673"}, "6/30/2019": {"Duration": "6/30/2019", "Total Assets": "36,527", "Total Liabilities Net Minority Interest": "11,666", "Total Equity Gross Minority Interest": "24,861", "Total Capitalization": "25,958", "Common Stock Equity": "23,666", "Capital Lease Obligations": "725", "Net Tangible Assets": "23,666", "Working Capital": "11,607", "Invested Capital": "26,633", "Tangible Book Value": "23,666", "Total Debt": "3,692", "Share Issued": "3,673", "Ordinary Shares Number": "3,673"}, "6/30/2018": {"Duration": "6/30/2018", "Total Assets": "36,474", "Total Liabilities Net Minority Interest": "12,973", "Total Equity Gross Minority Interest": "23,501", "Total Capitalization": "23,416", "Common Stock Equity": "21,979", "Capital Lease Obligations": "774", "Net Tangible Assets": "21,979", "Working Capital": "9,228", "Invested Capital": "25,826", "Tangible Book Value": "21,979", "Total Debt": "4,621", "Share Issued": "3,553", "Ordinary Shares Number": "3,553"}}, "cf": {"TTM": {"Duration": "TTM", "Operating Cash Flow": "1,753", "Investing Cash Flow": "-607", "Financing Cash Flow": "-1,484", "End Cash Position": "6,121", "Income Tax Paid Supplemental Data": "131", "Interest Paid Supplemental Data": "176", "Capital Expenditure": "-490", "Issuance of Debt": "1,359", "Repayment of Debt": "-2,647", "Free Cash Flow": "1,263"}, "6/30/2020": {"Duration": "6/30/2020", "Operating Cash Flow": "3,011", "Investing Cash Flow": "-2,617", "Financing Cash Flow": "-732", "End Cash Position": "5,810", "Income Tax Paid Supplemental Data": "126", "Interest Paid Supplemental Data": "229", "Capital Expenditure": "-1,017", "Issuance of Debt": "2,770", "Repayment of Debt": "-3,267", "Free Cash Flow": "1,994"}, "6/30/2019": {"Duration": "6/30/2019", "Operating Cash Flow": "4,454", "Investing Cash Flow": "-5,340", "Financing Cash Flow": "-590", "End Cash Position": "6,569", "Income Tax Paid Supplemental Data": "106", "Interest Paid Supplemental Data": "284", "Capital Expenditure": "-2,841", "Issuance of Debt": "9,958", "Repayment of Debt": "-10,824", "Free Cash Flow": "1,613"}, "6/30/2018": {"Duration": "6/30/2018", "Operating Cash Flow": "4,479", "Investing Cash Flow": "-2,064", "Financing Cash Flow": "-1,007", "End Cash Position": "6,539", "Income Tax Paid Supplemental Data": "245", "Interest Paid Supplemental Data": "181", "Capital Expenditure": "-2,309", "Issuance of Debt": "8,747", "Repayment of Debt": "-9,616", "Free Cash Flow": "2,170"}}}}, {"VECO": {"quote": {"03/28/2021": {"value": "21.15", "Market Cap": "1.052B", "Beta (5Y Monthly)": "1.42", "PE Ratio (TTM)": "N/A", "EPS (TTM)": "-0.17", "Earnings Date": "May 05, 2021 - May 10, 2021", "Forward Dividend & Yield": "N/A (N/A)", "Ex-Dividend Date": "N/A", "1y Target Est": "25.17"}, "05/07/2021": {"value": "22.67", "Market Cap": "1.138B", "Beta (5Y Monthly)": "1.42", "PE Ratio (TTM)": "N/A", "EPS (TTM)": "-0.11", "Earnings Date": "Aug 02, 2021 - Aug 06, 2021", "Forward Dividend & Yield": "N/A (N/A)", "Ex-Dividend Date": "N/A", "1y Target Est": "27.83"}}, "fin": {"TTM": {"Duration": "TTM", "Total Revenue": "483,375", "Cost of Revenue": "280,580", "Gross Profit": "202,795", "Operating Expense": "174,629", "Operating Income": "28,166", "Net Non Operating Interest Income Expense": "-24,945", "Other Income Expense": "-", "Pretax Income": "-5,373", "Tax Provision": "-43", "Net Income Common Stockholders": "-5,330", "Diluted NI Available to Com Stockholders": "-5,330", "Basic EPS": "-", "Diluted EPS": "-", "Basic Average Shares": "-", "Diluted Average Shares": "-", "Total Operating Income as Reported": "27,413", "Total Expenses": "455,209", "Net Income from Continuing & Discontinued Operation": "-5,330", "Normalized Income": "-4,583", "Interest Income": "887", "Interest Expense": "25,832", "Net Interest Income": "-24,945", "EBIT": "20,459", "EBITDA": "50,254", "Reconciled Cost of Revenue": "265,635", "Reconciled Depreciation": "29,795", "Net Income from Continuing Operation Net Minority Interest": "-5,330", "Total Unusual Items Excluding Goodwill": "-753", "Total Unusual Items": "-753", "Normalized EBITDA": "51,007", "Tax Rate for Calcs": "0", "Tax Effect of Unusual Items": "-6.0262"}, "12/31/2020": {"Duration": "12/31/2020", "Total Revenue": "454,163", "Cost of Revenue": "259,863", "Gross Profit": "194,300", "Operating Expense": "170,357", "Operating Income": "23,943", "Net Non Operating Interest Income Expense": "-23,188", "Other Income Expense": "-9,219", "Pretax Income": "-8,464", "Tax Provision": "-73", "Net Income Common Stockholders": "-8,391", "Diluted NI Available to Com Stockholders": "-8,391", "Basic EPS": "-", "Diluted EPS": "-", "Basic Average Shares": "-", "Diluted Average Shares": "-", "Total Operating Income as Reported": "22,565", "Total Expenses": "430,220", "Net Income from Continuing & Discontinued Operation": "-8,391", "Normalized Income": "-7,025", "Interest Income": "1,551", "Interest Expense": "24,739", "Net Interest Income": "-23,188", "EBIT": "16,275", "EBITDA": "-", "Reconciled Cost of Revenue": "244,499", "Reconciled Depreciation": "30,697", "Net Income from Continuing Operation Net Minority Interest": "-8,391", "Total Unusual Items Excluding Goodwill": "-1,378", "Total Unusual Items": "-1,378", "Normalized EBITDA": "48,350", "Tax Rate for Calcs": "0", "Tax Effect of Unusual Items": "-11.8849"}, "12/31/2019": {"Duration": "12/31/2019", "Total Revenue": "419,349", "Cost of Revenue": "261,155", "Gross Profit": "158,194", "Operating Expense": "187,349", "Operating Income": "-29,155", "Net Non Operating Interest Income Expense": "-17,405", "Other Income Expense": "-31,396", "Pretax Income": "-77,956", "Tax Provision": "777", "Net Income Common Stockholders": "-78,733", "Diluted NI Available to Com Stockholders": "-78,733", "Basic EPS": "-1.66", "Diluted EPS": "-1.66", "Basic Average Shares": "47,482", "Diluted Average Shares": "47,482", "Total Operating Income as Reported": "-39,578", "Total Expenses": "448,504", "Net Income from Continuing & Discontinued Operation": "-78,733", "Normalized Income": "-71,124", "Interest Income": "4,680", "Interest Expense": "22,085", "Net Interest Income": "-17,405", "EBIT": "-55,871", "EBITDA": "-", "Reconciled Cost of Revenue": "243,841", "Reconciled Depreciation": "34,399", "Net Income from Continuing Operation Net Minority Interest": "-78,733", "Total Unusual Items Excluding Goodwill": "-10,423", "Total Unusual Items": "-10,423", "Normalized EBITDA": "-11,049", "Tax Rate for Calcs": "0", "Tax Effect of Unusual Items": "-2,814"}, "12/31/2018": {"Duration": "12/31/2018", "Total Revenue": "542,082", "Cost of Revenue": "348,363", "Gross Profit": "193,719", "Operating Expense": "222,166", "Operating Income": "-28,447", "Net Non Operating Interest Income Expense": "-18,332", "Other Income Expense": "-387,055", "Pretax Income": "-433,834", "Tax Provision": "-26,746", "Net Income Common Stockholders": "-407,088", "Diluted NI Available to Com Stockholders": "-407,088", "Basic EPS": "-8.63", "Diluted EPS": "-8.63", "Basic Average Shares": "47,151", "Diluted Average Shares": "47,151", "Total Operating Income as Reported": "-415,502", "Total Expenses": "570,529", "Net Income from Continuing & Discontinued Operation": "-407,088", "Normalized Income": "-44,240", "Interest Income": "3,186", "Interest Expense": "21,518", "Net Interest Income": "-18,332", "EBIT": "-412,316", "EBITDA": "-", "Reconciled Cost of Revenue": "330,716", "Reconciled Depreciation": "49,998", "Net Income from Continuing Operation Net Minority Interest": "-407,088", "Total Unusual Items Excluding Goodwill": "-386,687", "Total Unusual Items": "-386,687", "Normalized EBITDA": "24,369", "Tax Rate for Calcs": "0", "Tax Effect of Unusual Items": "-23,839"}}, "bs": {"12/31/2020": {"Duration": "12/31/2020", "Total Assets": "898,064", "Total Liabilities Net Minority Interest": "489,690", "Total Equity Gross Minority Interest": "408,374", "Total Capitalization": "729,489", "Common Stock Equity": "408,374", "Capital Lease Obligations": "10,453", "Net Tangible Assets": "180,246", "Working Capital": "440,250", "Invested Capital": "729,489", "Tangible Book Value": "180,246", "Total Debt": "331,568", "Net Debt": "191,490", "Share Issued": "49,724", "Ordinary Shares Number": "49,724", "Treasury Shares Number": "-"}, "12/31/2019": {"Duration": "12/31/2019", "Total Assets": "818,088", "Total Liabilities Net Minority Interest": "443,576", "Total Equity Gross Minority Interest": "374,512", "Total Capitalization": "674,580", "Common Stock Equity": "374,512", "Capital Lease Obligations": "14,496", "Net Tangible Assets": "131,051", "Working Capital": "357,654", "Invested Capital": "674,580", "Tangible Book Value": "131,051", "Total Debt": "314,564", "Net Debt": "170,774", "Share Issued": "48,994", "Ordinary Shares Number": "48,994", "Treasury Shares Number": "-"}, "12/31/2018": {"Duration": "12/31/2018", "Total Assets": "900,816", "Total Liabilities Net Minority Interest": "463,041", "Total Equity Gross Minority Interest": "437,775", "Total Capitalization": "725,167", "Common Stock Equity": "437,775", "Capital Lease Obligations": "-", "Net Tangible Assets": "168,324", "Working Capital": "360,027", "Invested Capital": "725,167", "Tangible Book Value": "168,324", "Total Debt": "287,392", "Net Debt": "75,119", "Share Issued": "48,547", "Ordinary Shares Number": "48,025", "Treasury Shares Number": "522.732"}}, "cf": {"TTM": {"Duration": "TTM", "Operating Cash Flow": "55,902", "Investing Cash Flow": "-105,591", "Financing Cash Flow": "28,075", "End Cash Position": "141,363", "Income Tax Paid Supplemental Data": "276", "Interest Paid Supplemental Data": "9,822", "Capital Expenditure": "-7,685", "Issuance of Debt": "-", "Repayment of Debt": "-", "Repurchase of Capital Stock": "-", "Free Cash Flow": "48,217"}, "12/31/2020": {"Duration": "12/31/2020", "Operating Cash Flow": "43,021", "Investing Cash Flow": "-71,792", "Financing Cash Flow": "29,098", "End Cash Position": "130,283", "Income Tax Paid Supplemental Data": "329", "Interest Paid Supplemental Data": "12,700", "Capital Expenditure": "-6,802", "Issuance of Debt": "120,095", "Repayment of Debt": "-81,240", "Repurchase of Capital Stock": "0", "Free Cash Flow": "36,219"}, "12/31/2019": {"Duration": "12/31/2019", "Operating Cash Flow": "-7,416", "Investing Cash Flow": "-75,867", "Financing Cash Flow": "126", "End Cash Position": "129,951", "Income Tax Paid Supplemental Data": "2,931", "Interest Paid Supplemental Data": "9,408", "Capital Expenditure": "-10,873", "Issuance of Debt": "0", "Repayment of Debt": "0", "Repurchase of Capital Stock": "0", "Free Cash Flow": "-18,289"}, "12/31/2018": {"Duration": "12/31/2018", "Operating Cash Flow": "-37,738", "Investing Cash Flow": "-18,297", "Financing Cash Flow": "-11,462", "End Cash Position": "213,082", "Income Tax Paid Supplemental Data": "4,799", "Interest Paid Supplemental Data": "9,708", "Capital Expenditure": "-12,654", "Issuance of Debt": "0", "Repayment of Debt": "0", "Repurchase of Capital Stock": "-11,457", "Free Cash Flow": "-50,392"}}}}, {"ASML": {"fin": {"TTM": {"Duration": "TTM", "Total Revenue": "15,901,800", "Cost of Revenue": "7,853,600", "Gross Profit": "8,048,200", "Operating Expense": "2,862,800", "Operating Income": "5,185,400", "Net Non Operating Interest Income Expense": "-35,600", "Pretax Income": "5,149,800", "Tax Provision": "733,300", "Earnings from Equity Interest Net of Tax": "-", "Net Income Common Stockholders": "4,494,500", "Diluted NI Available to Com Stockholders": "4,494,500", "Basic EPS": "-", "Diluted EPS": "-", "Basic Average Shares": "-", "Diluted Average Shares": "-", "Total Operating Income as Reported": "5,185,400", "Total Expenses": "10,716,400", "Net Income from Continuing & Discontinued Operation": "4,505,100", "Normalized Income": "4,505,100", "Interest Income": "-", "Interest Expense": "-", "Net Interest Income": "-35,600", "EBIT": "5,185,400", "EBITDA": "5,675,800", "Reconciled Cost of Revenue": "7,853,600", "Reconciled Depreciation": "490,400", "Net Income from Continuing Operation Net Minority Interest": "4,505,100", "Normalized EBITDA": "5,675,800", "Tax Rate for Calcs": "0", "Tax Effect of Unusual Items": "0"}, "12/31/2020": {"Duration": "12/31/2020", "Total Revenue": "13,978,500", "Cost of Revenue": "7,181,300", "Gross Profit": "6,797,200", "Operating Expense": "2,745,700", "Operating Income": "4,051,500", "Net Non Operating Interest Income Expense": "-34,900", "Pretax Income": "4,016,600", "Tax Provision": "551,500", "Earnings from Equity Interest Net of Tax": "88,600", "Net Income Common Stockholders": "3,553,700", "Diluted NI Available to Com Stockholders": "3,553,700", "Basic EPS": "8.84", "Diluted EPS": "8.82", "Basic Average Shares": "418,300", "Diluted Average Shares": "419,100", "Total Operating Income as Reported": "4,051,500", "Total Expenses": "9,927,000", "Net Income from Continuing & Discontinued Operation": "3,553,700", "Normalized Income": "3,553,700", "Interest Income": "8,400", "Interest Expense": "43,400", "Net Interest Income": "-34,900", "EBIT": "4,051,500", "EBITDA": "-", "Reconciled Cost of Revenue": "7,181,300", "Reconciled Depreciation": "490,800", "Net Income from Continuing Operation Net Minority Interest": "3,553,700", "Normalized EBITDA": "4,542,300", "Tax Rate for Calcs": "0", "Tax Effect of Unusual Items": "0"}, "12/31/2019": {"Duration": "12/31/2019", "Total Revenue": "11,820,000", "Cost of Revenue": "6,540,200", "Gross Profit": "5,279,800", "Operating Expense": "2,489,000", "Operating Income": "2,790,800", "Net Non Operating Interest Income Expense": "-25,000", "Pretax Income": "2,765,800", "Tax Provision": "191,700", "Earnings from Equity Interest Net of Tax": "-", "Net Income Common Stockholders": "2,592,300", "Diluted NI Available to Com Stockholders": "2,592,300", "Basic EPS": "6.13", "Diluted EPS": "6.12", "Basic Average Shares": "420,800", "Diluted Average Shares": "421,600", "Total Operating Income as Reported": "2,790,800", "Total Expenses": "9,029,200", "Net Income from Continuing & Discontinued Operation": "2,574,100", "Normalized Income": "2,574,100", "Interest Income": "11,600", "Interest Expense": "36,600", "Net Interest Income": "-25,000", "EBIT": "2,790,800", "EBITDA": "-", "Reconciled Cost of Revenue": "6,540,200", "Reconciled Depreciation": "448,500", "Net Income from Continuing Operation Net Minority Interest": "2,574,100", "Normalized EBITDA": "3,239,300", "Tax Rate for Calcs": "0", "Tax Effect of Unusual Items": "0"}, "12/31/2018": {"Duration": "12/31/2018", "Total Revenue": "10,944,000", "Cost of Revenue": "5,914,800", "Gross Profit": "5,029,200", "Operating Expense": "2,063,900", "Operating Income": "2,965,300", "Net Non Operating Interest Income Expense": "-28,300", "Pretax Income": "2,937,000", "Tax Provision": "351,600", "Earnings from Equity Interest Net of Tax": "-", "Net Income Common Stockholders": "2,591,600", "Diluted NI Available to Com Stockholders": "2,591,600", "Basic EPS": "5.94", "Diluted EPS": "5.92", "Basic Average Shares": "424,900", "Diluted Average Shares": "426,400", "Total Operating Income as Reported": "2,965,300", "Total Expenses": "7,978,700", "Net Income from Continuing & Discontinued Operation": "2,585,400", "Normalized Income": "2,585,400", "Interest Income": "13,500", "Interest Expense": "41,800", "Net Interest Income": "-28,300", "EBIT": "2,965,300", "EBITDA": "-", "Reconciled Cost of Revenue": "5,914,800", "Reconciled Depreciation": "422,700", "Net Income from Continuing Operation Net Minority Interest": "2,585,400", "Normalized EBITDA": "3,388,000", "Tax Rate for Calcs": "0", "Tax Effect of Unusual Items": "0"}}, "bs": {"12/31/2020": {"Duration": "12/31/2020", "Total Assets": "27,267,400", "Total Liabilities Net Minority Interest": "13,402,000", "Total Equity Gross Minority Interest": "13,865,400", "Total Capitalization": "18,528,200", "Common Stock Equity": "13,865,400", "Net Tangible Assets": "8,187,400", "Working Capital": "9,326,500", "Invested Capital": "18,543,600", "Tangible Book Value": "8,187,400", "Total Debt": "4,678,200", "Net Debt": "-", "Share Issued": "419,497", "Ordinary Shares Number": "416,514", "Treasury Shares Number": "2,983"}, "12/31/2019": {"Duration": "12/31/2019", "Total Assets": "22,629,600", "Total Liabilities Net Minority Interest": "10,037,400", "Total Equity Gross Minority Interest": "12,592,200", "Total Capitalization": "15,700,500", "Common Stock Equity": "12,592,200", "Net Tangible Assets": "6,946,700", "Working Capital": "7,437,000", "Invested Capital": "15,700,500", "Tangible Book Value": "6,946,700", "Total Debt": "3,108,300", "Net Debt": "-", "Share Issued": "425,660", "Ordinary Shares Number": "419,811", "Treasury Shares Number": "5,849"}, "12/31/2018": {"Duration": "12/31/2018", "Total Assets": "20,136,900", "Total Liabilities Net Minority Interest": "8,495,900", "Total Equity Gross Minority Interest": "11,641,000", "Total Capitalization": "14,667,500", "Common Stock Equity": "11,641,000", "Net Tangible Assets": "5,995,900", "Working Capital": "6,739,500", "Invested Capital": "14,667,500", "Tangible Book Value": "5,995,900", "Total Debt": "3,026,500", "Net Debt": "-", "Share Issued": "431,466", "Ordinary Shares Number": "421,098", "Treasury Shares Number": "10,368"}}, "cf": {"TTM": {"Duration": "TTM", "Operating Cash Flow": "4,291,700", "Investing Cash Flow": "-1,214,600", "Financing Cash Flow": "-2,553,200", "End Cash Position": "3,247,600", "Income Tax Paid Supplemental Data": "-", "Interest Paid Supplemental Data": "-", "Capital Expenditure": "-955,800", "Issuance of Capital Stock": "40,300", "Issuance of Debt": "746,500", "Repayment of Debt": "-6,000", "Repurchase of Capital Stock": "-2,267,600", "Free Cash Flow": "3,335,900"}, "12/31/2020": {"Duration": "12/31/2020", "Operating Cash Flow": "4,627,600", "Investing Cash Flow": "-1,352,200", "Financing Cash Flow": "-753,000", "End Cash Position": "6,049,400", "Income Tax Paid Supplemental Data": "650,200", "Interest Paid Supplemental Data": "64,100", "Capital Expenditure": "-1,000,800", "Issuance of Capital Stock": "37,900", "Issuance of Debt": "1,486,300", "Repayment of Debt": "-3,300", "Repurchase of Capital Stock": "-1,207,500", "Free Cash Flow": "3,626,800"}, "12/31/2019": {"Duration": "12/31/2019", "Operating Cash Flow": "3,276,400", "Investing Cash Flow": "-1,157,500", "Financing Cash Flow": "-1,712,300", "End Cash Position": "3,532,300", "Income Tax Paid Supplemental Data": "678,700", "Interest Paid Supplemental Data": "59,900", "Capital Expenditure": "-885,900", "Issuance of Capital Stock": "27,200", "Issuance of Debt": "-", "Repayment of Debt": "-3,800", "Repurchase of Capital Stock": "-410,000", "Free Cash Flow": "2,390,500"}, "12/31/2018": {"Duration": "12/31/2018", "Operating Cash Flow": "3,072,700", "Investing Cash Flow": "-491,500", "Financing Cash Flow": "-1,724,300", "End Cash Position": "3,121,100", "Income Tax Paid Supplemental Data": "554,400", "Interest Paid Supplemental Data": "61,000", "Capital Expenditure": "-609,500", "Issuance of Capital Stock": "21,800", "Issuance of Debt": "0", "Repayment of Debt": "-2,800", "Repurchase of Capital Stock": "-1,146,200", "Free Cash Flow": "2,463,200"}}, "quote": {"05/07/2021": {"value": "658.57", "Market Cap": "270.822B", "Beta (5Y Monthly)": "0.96", "PE Ratio (TTM)": "51.03", "EPS (TTM)": "12.91", "Earnings Date": "N/A", "Forward Dividend & Yield": "3.27 (0.51%)", "Ex-Dividend Date": "May 03, 2021", "1y Target Est": "747.50"}}}}, {"NANO": {"fin": {}, "bs": {}, "cf": {}}}, {"IMI": {"fin": {}, "bs": {}, "cf": {}}}]