[{"ALB": {"quote": {"05/12/2021": {"value": "154.60", "Market Cap": "18.045B", "Beta (5Y Monthly)": "1.55", "PE Ratio (TTM)": "46.14", "EPS (TTM)": "3.35", "Earnings Date": "Aug 03, 2021 - Aug 09, 2021", "Forward Dividend & Yield": "1.56 (0.97%)", "Ex-Dividend Date": "Jun 10, 2021", "1y Target Est": "159.57"}}, "fin": {"TTM": {"Duration": "TTM", "Total Revenue": "3,219,355", "Cost of Revenue": "2,202,833", "Gross Profit": "1,016,522", "Operating Expense": "478,890", "Operating Income": "537,632", "Net Non Operating Interest Income Expense": "-100,113", "Other Income Expense": "-56,179", "Pretax Income": "381,340", "Tax Provision": "58,090", "Earnings from Equity Interest Net of Tax": "117,428", "Net Income Common Stockholders": "364,237", "Diluted NI Available to Com Stockholders": "364,237", "Basic EPS": "-", "Diluted EPS": "-", "Basic Average Shares": "-", "Diluted Average Shares": "-", "Total Operating Income as Reported": "537,632", "Total Expenses": "2,681,723", "Net Income from Continuing & Discontinued Operation": "364,237", "Normalized Income": "364,237", "Interest Expense": "100,113", "Net Interest Income": "-100,113", "EBIT": "481,453", "EBITDA": "722,003", "Reconciled Cost of Revenue": "2,202,833", "Reconciled Depreciation": "240,550", "Net Income from Continuing Operation Net Minority Interest": "364,237", "Total Unusual Items Excluding Goodwill": "0", "Total Unusual Items": "0", "Normalized EBITDA": "722,003", "Tax Rate for Calcs": "0", "Tax Effect of Unusual Items": "0"}, "12/31/2020": {"Duration": "12/31/2020", "Total Revenue": "3,128,909", "Cost of Revenue": "2,134,056", "Gross Profit": "994,853", "Operating Expense": "489,041", "Operating Income": "505,812", "Net Non Operating Interest Income Expense": "-73,116", "Other Income Expense": "-59,177", "Pretax Income": "373,519", "Tax Provision": "54,425", "Earnings from Equity Interest Net of Tax": "127,521", "Net Income Common Stockholders": "375,764", "Diluted NI Available to Com Stockholders": "375,764", "Basic EPS": "-", "Diluted EPS": "-", "Basic Average Shares": "-", "Diluted Average Shares": "-", "Total Operating Income as Reported": "505,812", "Total Expenses": "2,623,097", "Net Income from Continuing & Discontinued Operation": "375,764", "Normalized Income": "375,764", "Interest Expense": "73,116", "Net Interest Income": "-73,116", "EBIT": "446,635", "EBITDA": "-", "Reconciled Cost of Revenue": "2,134,056", "Reconciled Depreciation": "231,984", "Net Income from Continuing Operation Net Minority Interest": "375,764", "Total Unusual Items Excluding Goodwill": "0", "Total Unusual Items": "0", "Normalized EBITDA": "678,619", "Tax Rate for Calcs": "0", "Tax Effect of Unusual Items": "0"}, "12/31/2019": {"Duration": "12/31/2019", "Total Revenue": "3,589,427", "Cost of Revenue": "2,331,649", "Gross Profit": "1,257,778", "Operating Expense": "591,655", "Operating Income": "666,123", "Net Non Operating Interest Income Expense": "-57,695", "Other Income Expense": "-45,478", "Pretax Income": "562,950", "Tax Provision": "88,161", "Earnings from Equity Interest Net of Tax": "129,568", "Net Income Common Stockholders": "533,228", "Diluted NI Available to Com Stockholders": "533,228", "Basic EPS": "5.03", "Diluted EPS": "5.02", "Basic Average Shares": "105,949", "Diluted Average Shares": "106,321", "Total Operating Income as Reported": "666,123", "Total Expenses": "2,923,304", "Net Income from Continuing & Discontinued Operation": "533,228", "Normalized Income": "533,228", "Interest Expense": "57,695", "Net Interest Income": "-57,695", "EBIT": "620,645", "EBITDA": "-", "Reconciled Cost of Revenue": "2,331,649", "Reconciled Depreciation": "213,484", "Net Income from Continuing Operation Net Minority Interest": "533,228", "Total Unusual Items Excluding Goodwill": "0", "Total Unusual Items": "0", "Normalized EBITDA": "834,129", "Tax Rate for Calcs": "0", "Tax Effect of Unusual Items": "0"}, "12/31/2018": {"Duration": "12/31/2018", "Total Revenue": "3,374,950", "Cost of Revenue": "2,157,694", "Gross Profit": "1,217,256", "Operating Expense": "516,144", "Operating Income": "701,112", "Net Non Operating Interest Income Expense": "-52,405", "Other Income Expense": "145,994", "Pretax Income": "794,701", "Tax Provision": "144,826", "Earnings from Equity Interest Net of Tax": "89,264", "Net Income Common Stockholders": "693,562", "Diluted NI Available to Com Stockholders": "693,562", "Basic EPS": "6.40", "Diluted EPS": "6.34", "Basic Average Shares": "108,427", "Diluted Average Shares": "109,458", "Total Operating Income as Reported": "911,540", "Total Expenses": "2,673,838", "Net Income from Continuing & Discontinued Operation": "693,562", "Normalized Income": "521,432", "Interest Expense": "52,405", "Net Interest Income": "-52,405", "EBIT": "847,106", "EBITDA": "-", "Reconciled Cost of Revenue": "2,157,694", "Reconciled Depreciation": "200,698", "Net Income from Continuing Operation Net Minority Interest": "693,562", "Total Unusual Items Excluding Goodwill": "210,428", "Total Unusual Items": "210,428", "Normalized EBITDA": "837,376", "Tax Rate for Calcs": "0", "Tax Effect of Unusual Items": "38,298"}}, "bs": {"12/31/2020": {"Duration": "12/31/2020", "Total Assets": "10,450,946", "Total Liabilities Net Minority Interest": "5,982,352", "Total Equity Gross Minority Interest": "4,468,594", "Total Capitalization": "7,035,608", "Common Stock Equity": "4,268,227", "Capital Lease Obligations": "116,765", "Net Tangible Assets": "2,253,602", "Working Capital": "404,335", "Invested Capital": "7,840,285", "Tangible Book Value": "2,253,602", "Total Debt": "3,688,823", "Net Debt": "2,825,334", "Share Issued": "106,842", "Ordinary Shares Number": "106,842"}, "12/31/2019": {"Duration": "12/31/2019", "Total Assets": "9,860,863", "Total Liabilities Net Minority Interest": "5,767,283", "Total Equity Gross Minority Interest": "4,093,580", "Total Capitalization": "6,795,171", "Common Stock Equity": "3,932,250", "Capital Lease Obligations": "137,823", "Net Tangible Assets": "1,998,843", "Working Capital": "816,113", "Invested Capital": "6,982,507", "Tangible Book Value": "1,998,843", "Total Debt": "3,188,080", "Net Debt": "2,437,147", "Share Issued": "106,040", "Ordinary Shares Number": "106,040"}, "12/31/2018": {"Duration": "12/31/2018", "Total Assets": "7,581,674", "Total Liabilities Net Minority Interest": "3,822,566", "Total Equity Gross Minority Interest": "3,759,108", "Total Capitalization": "4,983,237", "Common Stock Equity": "3,585,321", "Capital Lease Obligations": "-", "Net Tangible Assets": "1,632,009", "Working Capital": "815,248", "Invested Capital": "5,290,531", "Tangible Book Value": "1,632,009", "Total Debt": "1,705,210", "Net Debt": "1,149,890", "Share Issued": "105,616", "Ordinary Shares Number": "105,616"}}, "cf": {"TTM": {"Duration": "TTM", "Operating Cash Flow": "801,809", "Investing Cash Flow": "-803,429", "Financing Cash Flow": "-17,004", "End Cash Position": "534,604", "Capital Expenditure": "-815,631", "Issuance of Debt": "339,798", "Repayment of Debt": "-1,598,267", "Repurchase of Capital Stock": "-", "Free Cash Flow": "-13,822"}, "12/31/2020": {"Duration": "12/31/2020", "Operating Cash Flow": "798,914", "Investing Cash Flow": "-863,573", "Financing Cash Flow": "177,261", "End Cash Position": "746,724", "Capital Expenditure": "-850,477", "Issuance of Debt": "589,798", "Repayment of Debt": "-250,000", "Repurchase of Capital Stock": "-", "Free Cash Flow": "-51,563"}, "12/31/2019": {"Duration": "12/31/2019", "Operating Cash Flow": "719,374", "Investing Cash Flow": "-1,663,625", "Financing Cash Flow": "1,042,687", "End Cash Position": "613,110", "Capital Expenditure": "-851,796", "Issuance of Debt": "1,597,807", "Repayment of Debt": "-301,579", "Repurchase of Capital Stock": "-", "Free Cash Flow": "-132,422"}, "12/31/2018": {"Duration": "12/31/2018", "Operating Cash Flow": "546,165", "Investing Cash Flow": "-303,695", "Financing Cash Flow": "-786,526", "End Cash Position": "555,320", "Capital Expenditure": "-699,991", "Issuance of Debt": "0", "Repayment of Debt": "-113,567", "Repurchase of Capital Stock": "-500,000", "Free Cash Flow": "-153,826"}}}}, {"AMRS": {"quote": {"05/12/2021": {"value": "10.82", "Market Cap": "3.154B", "Beta (5Y Monthly)": "1.11", "PE Ratio (TTM)": "N/A", "EPS (TTM)": "-2.53", "Earnings Date": "Aug 04, 2021 - Aug 09, 2021", "Forward Dividend & Yield": "N/A (N/A)", "Ex-Dividend Date": "N/A", "1y Target Est": "24.40"}}, "fin": {"TTM": {"Duration": "TTM", "Total Revenue": "173,137", "Cost of Revenue": "87,812", "Gross Profit": "85,325", "Operating Expense": "208,747", "Operating Income": "-123,422", "Net Non Operating Interest Income Expense": "-47,951", "Other Income Expense": "-152,477", "Pretax Income": "-323,850", "Tax Provision": "293", "Earnings from Equity Interest Net of Tax": "-2,731", "Net Income Common Stockholders": "-382,311", "Diluted NI Available to Com Stockholders": "-382,311", "Basic EPS": "-", "Diluted EPS": "-", "Basic Average Shares": "-", "Diluted Average Shares": "-", "Total Operating Income as Reported": "-123,422", "Total Expenses": "296,559", "Net Income from Continuing & Discontinued Operation": "-331,039", "Normalized Income": "-284,818", "Interest Expense": "47,951", "Net Interest Income": "-47,951", "EBIT": "-275,899", "EBITDA": "-263,773", "Reconciled Cost of Revenue": "87,812", "Reconciled Depreciation": "12,126", "Net Income from Continuing Operation Net Minority Interest": "-331,039", "Total Unusual Items Excluding Goodwill": "-63,316", "Total Unusual Items": "-63,316", "Normalized EBITDA": "-200,457", "Tax Rate for Calcs": "0", "Tax Effect of Unusual Items": "-17,095"}, "12/31/2020": {"Duration": "12/31/2020", "Total Revenue": "173,137", "Cost of Revenue": "87,812", "Gross Profit": "85,325", "Operating Expense": "208,747", "Operating Income": "-123,422", "Net Non Operating Interest Income Expense": "-47,951", "Other Income Expense": "-152,477", "Pretax Income": "-323,850", "Tax Provision": "293", "Earnings from Equity Interest Net of Tax": "-2,731", "Net Income Common Stockholders": "-382,311", "Diluted NI Available to Com Stockholders": "-382,311", "Basic EPS": "-", "Diluted EPS": "-", "Basic Average Shares": "-", "Diluted Average Shares": "-", "Total Operating Income as Reported": "-123,422", "Total Expenses": "296,559", "Net Income from Continuing & Discontinued Operation": "-331,039", "Normalized Income": "-284,818", "Interest Expense": "47,951", "Net Interest Income": "-47,951", "EBIT": "-275,899", "EBITDA": "-", "Reconciled Cost of Revenue": "87,812", "Reconciled Depreciation": "12,126", "Net Income from Continuing Operation Net Minority Interest": "-331,039", "Total Unusual Items Excluding Goodwill": "-63,316", "Total Unusual Items": "-63,316", "Normalized EBITDA": "-200,457", "Tax Rate for Calcs": "0", "Tax Effect of Unusual Items": "-17,095"}, "12/31/2019": {"Duration": "12/31/2019", "Total Revenue": "152,557", "Cost of Revenue": "76,185", "Gross Profit": "76,372", "Operating Expense": "198,046", "Operating Income": "-121,674", "Net Non Operating Interest Income Expense": "-58,665", "Other Income Expense": "-61,799", "Pretax Income": "-242,138", "Tax Provision": "629", "Earnings from Equity Interest Net of Tax": "-", "Net Income Common Stockholders": "-270,351", "Diluted NI Available to Com Stockholders": "-270,351", "Basic EPS": "-2.67", "Diluted EPS": "-2.72", "Basic Average Shares": "101,371", "Diluted Average Shares": "101,371", "Total Operating Income as Reported": "-121,890", "Total Expenses": "274,231", "Net Income from Continuing & Discontinued Operation": "-242,767", "Normalized Income": "-201,245", "Interest Expense": "58,665", "Net Interest Income": "-58,665", "EBIT": "-183,473", "EBITDA": "-", "Reconciled Cost of Revenue": "76,185", "Reconciled Depreciation": "17,178", "Net Income from Continuing Operation Net Minority Interest": "-242,767", "Total Unusual Items Excluding Goodwill": "-41,647", "Total Unusual Items": "-41,647", "Normalized EBITDA": "-124,648", "Tax Rate for Calcs": "0", "Tax Effect of Unusual Items": "-124.941"}, "12/31/2018": {"Duration": "12/31/2018", "Total Revenue": "63,604", "Cost of Revenue": "36,698", "Gross Profit": "26,906", "Operating Expense": "159,624", "Operating Income": "-132,718", "Net Non Operating Interest Income Expense": "-42,703", "Other Income Expense": "-54,814", "Pretax Income": "-230,235", "Tax Provision": "0", "Earnings from Equity Interest Net of Tax": "-", "Net Income Common Stockholders": "-223,096", "Diluted NI Available to Com Stockholders": "-223,096", "Basic EPS": "-3.52", "Diluted EPS": "-3.52", "Basic Average Shares": "60,358", "Diluted Average Shares": "60,358", "Total Operating Income as Reported": "-136,583", "Total Expenses": "196,322", "Net Income from Continuing & Discontinued Operation": "-230,235", "Normalized Income": "-176,288", "Interest Expense": "42,703", "Net Interest Income": "-42,703", "EBIT": "-187,532", "EBITDA": "-", "Reconciled Cost of Revenue": "36,698", "Reconciled Depreciation": "4,921", "Net Income from Continuing Operation Net Minority Interest": "-230,235", "Total Unusual Items Excluding Goodwill": "-53,947", "Total Unusual Items": "-53,947", "Normalized EBITDA": "-128,664", "Tax Rate for Calcs": "0", "Tax Effect of Unusual Items": "0"}}, "bs": {"12/31/2020": {"Duration": "12/31/2020", "Total Assets": "222,814", "Total Liabilities Net Minority Interest": "389,859", "Total Equity Gross Minority Interest": "-167,045", "Total Capitalization": "13,803", "Common Stock Equity": "-171,819", "Capital Lease Obligations": "19,128", "Net Tangible Assets": "-171,819", "Working Capital": "-16,489", "Invested Capital": "91,240", "Tangible Book Value": "-171,819", "Total Debt": "282,187", "Net Debt": "232,907", "Share Issued": "244,951", "Ordinary Shares Number": "244,951"}, "12/31/2019": {"Duration": "12/31/2019", "Total Assets": "160,966", "Total Liabilities Net Minority Interest": "411,134", "Total Equity Gross Minority Interest": "-250,168", "Total Capitalization": "-52,810", "Common Stock Equity": "-250,777", "Capital Lease Obligations": "27,293", "Net Tangible Assets": "-250,777", "Working Capital": "-87,526", "Invested Capital": "10,995", "Tangible Book Value": "-250,777", "Total Debt": "289,065", "Net Debt": "261,502", "Share Issued": "117,743", "Ordinary Shares Number": "117,743"}, "12/31/2018": {"Duration": "12/31/2018", "Total Assets": "127,925", "Total Liabilities Net Minority Interest": "339,744", "Total Equity Gross Minority Interest": "-211,819", "Total Capitalization": "-150,736", "Common Stock Equity": "-212,756", "Capital Lease Obligations": "195", "Net Tangible Assets": "-212,756", "Working Capital": "-119,521", "Invested Capital": "-3,059", "Tangible Book Value": "-212,756", "Total Debt": "209,892", "Net Debt": "164,344", "Share Issued": "76,565", "Ordinary Shares Number": "76,565"}}, "cf": {"TTM": {"Duration": "TTM", "Operating Cash Flow": "-175,753", "Investing Cash Flow": "-12,781", "Financing Cash Flow": "222,525", "End Cash Position": "31,422", "Interest Paid Supplemental Data": "16,609", "Capital Expenditure": "-12,781", "Issuance of Capital Stock": "215,037", "Issuance of Debt": "15,599", "Repayment of Debt": "-55,420", "Free Cash Flow": "-188,534"}, "12/31/2020": {"Duration": "12/31/2020", "Operating Cash Flow": "-175,753", "Investing Cash Flow": "-12,781", "Financing Cash Flow": "222,525", "End Cash Position": "31,422", "Interest Paid Supplemental Data": "16,609", "Capital Expenditure": "-12,781", "Issuance of Capital Stock": "215,037", "Issuance of Debt": "15,599", "Repayment of Debt": "-55,420", "Free Cash Flow": "-188,534"}, "12/31/2019": {"Duration": "12/31/2019", "Operating Cash Flow": "-156,933", "Investing Cash Flow": "-13,080", "Financing Cash Flow": "124,910", "End Cash Position": "1,699", "Interest Paid Supplemental Data": "20,780", "Capital Expenditure": "-13,080", "Issuance of Capital Stock": "53,721", "Issuance of Debt": "189,175", "Repayment of Debt": "-117,661", "Free Cash Flow": "-170,013"}, "12/31/2018": {"Duration": "12/31/2018", "Operating Cash Flow": "-109,366", "Investing Cash Flow": "-12,472", "Financing Cash Flow": "107,957", "End Cash Position": "47,054", "Interest Paid Supplemental Data": "18,524", "Capital Expenditure": "-12,472", "Issuance of Capital Stock": "1,415", "Issuance of Debt": "94,371", "Repayment of Debt": "-42,649", "Free Cash Flow": "-121,838"}}}}, {"AXTA": {"quote": {"05/12/2021": {"value": "31.69", "Market Cap": "7.382B", "Beta (5Y Monthly)": "1.48", "PE Ratio (TTM)": "88.03", "EPS (TTM)": "0.36", "Earnings Date": "Jul 27, 2021 - Aug 02, 2021", "Forward Dividend & Yield": "N/A (N/A)", "Ex-Dividend Date": "N/A", "1y Target Est": "37.88"}}, "fin": {"TTM": {"Duration": "TTM", "Total Revenue": "3,817,700", "Cost of Revenue": "2,495,600", "Gross Profit": "1,322,100", "Operating Expense": "1,029,100", "Operating Income": "293,000", "Net Non Operating Interest Income Expense": "-146,900", "Other Income Expense": "-32,200", "Pretax Income": "113,900", "Tax Provision": "28,600", "Net Income Common Stockholders": "84,600", "Diluted NI Available to Com Stockholders": "84,600", "Basic EPS": "-", "Diluted EPS": "-", "Basic Average Shares": "-", "Diluted Average Shares": "-", "Total Operating Income as Reported": "293,000", "Total Expenses": "3,524,700", "Net Income from Continuing & Discontinued Operation": "84,600", "Normalized Income": "113,583", "Interest Expense": "146,900", "Net Interest Income": "-146,900", "EBIT": "260,800", "EBITDA": "570,900", "Reconciled Cost of Revenue": "2,299,700", "Reconciled Depreciation": "310,100", "Net Income from Continuing Operation Net Minority Interest": "84,600", "Total Unusual Items Excluding Goodwill": "-38,700", "Total Unusual Items": "-38,700", "Normalized EBITDA": "609,600", "Tax Rate for Calcs": "0", "Tax Effect of Unusual Items": "-9,717"}, "12/31/2020": {"Duration": "12/31/2020", "Total Revenue": "3,737,600", "Cost of Revenue": "2,457,900", "Gross Profit": "1,279,700", "Operating Expense": "974,200", "Operating Income": "305,500", "Net Non Operating Interest Income Expense": "-149,900", "Other Income Expense": "-33,400", "Pretax Income": "122,200", "Tax Provision": "200", "Net Income Common Stockholders": "121,600", "Diluted NI Available to Com Stockholders": "121,600", "Basic EPS": "0.52", "Diluted EPS": "0.52", "Basic Average Shares": "235,200", "Diluted Average Shares": "236,000", "Total Operating Income as Reported": "305,500", "Total Expenses": "3,432,100", "Net Income from Continuing & Discontinued Operation": "121,600", "Normalized Income": "163,117", "Interest Expense": "149,900", "Net Interest Income": "-149,900", "EBIT": "272,100", "EBITDA": "-", "Reconciled Cost of Revenue": "2,250,800", "Reconciled Depreciation": "320,300", "Net Income from Continuing Operation Net Minority Interest": "121,600", "Total Unusual Items Excluding Goodwill": "-41,600", "Total Unusual Items": "-41,600", "Normalized EBITDA": "634,000", "Tax Rate for Calcs": "0", "Tax Effect of Unusual Items": "-83.2"}, "12/31/2019": {"Duration": "12/31/2019", "Total Revenue": "4,482,200", "Cost of Revenue": "2,917,900", "Gross Profit": "1,564,300", "Operating Expense": "1,076,100", "Operating Income": "488,200", "Net Non Operating Interest Income Expense": "-162,600", "Other Income Expense": "4,400", "Pretax Income": "330,000", "Tax Provision": "77,400", "Net Income Common Stockholders": "249,000", "Diluted NI Available to Com Stockholders": "249,000", "Basic EPS": "1.06", "Diluted EPS": "1.06", "Basic Average Shares": "233,900", "Diluted Average Shares": "235,800", "Total Operating Income as Reported": "488,200", "Total Expenses": "3,994,000", "Net Income from Continuing & Discontinued Operation": "249,000", "Normalized Income": "255,503", "Interest Expense": "162,600", "Net Interest Income": "-162,600", "EBIT": "492,600", "EBITDA": "-", "Reconciled Cost of Revenue": "2,678,000", "Reconciled Depreciation": "353,000", "Net Income from Continuing Operation Net Minority Interest": "249,000", "Total Unusual Items Excluding Goodwill": "-8,500", "Total Unusual Items": "-8,500", "Normalized EBITDA": "854,100", "Tax Rate for Calcs": "0", "Tax Effect of Unusual Items": "-1,997"}, "12/31/2018": {"Duration": "12/31/2018", "Total Revenue": "4,696,000", "Cost of Revenue": "3,106,300", "Gross Profit": "1,589,700", "Operating Expense": "1,147,600", "Operating Income": "442,100", "Net Non Operating Interest Income Expense": "-159,600", "Other Income Expense": "-15,000", "Pretax Income": "267,500", "Tax Provision": "54,200", "Net Income Common Stockholders": "207,100", "Diluted NI Available to Com Stockholders": "207,100", "Basic EPS": "0.87", "Diluted EPS": "0.85", "Basic Average Shares": "239,000", "Diluted Average Shares": "242,900", "Total Operating Income as Reported": "442,100", "Total Expenses": "4,253,900", "Net Income from Continuing & Discontinued Operation": "207,100", "Normalized Income": "222,004", "Interest Expense": "159,600", "Net Interest Income": "-159,600", "EBIT": "427,100", "EBITDA": "-", "Reconciled Cost of Revenue": "2,852,600", "Reconciled Depreciation": "369,100", "Net Income from Continuing Operation Net Minority Interest": "207,100", "Total Unusual Items Excluding Goodwill": "-18,700", "Total Unusual Items": "-18,700", "Normalized EBITDA": "814,900", "Tax Rate for Calcs": "0", "Tax Effect of Unusual Items": "-3,796"}}, "bs": {"12/31/2020": {"Duration": "12/31/2020", "Total Assets": "7,157,200", "Total Liabilities Net Minority Interest": "5,677,400", "Total Equity Gross Minority Interest": "1,479,800", "Total Capitalization": "5,271,500", "Common Stock Equity": "1,433,000", "Capital Lease Obligations": "28,800", "Net Tangible Assets": "-1,010,700", "Working Capital": "1,745,000", "Invested Capital": "5,325,700", "Tangible Book Value": "-1,010,700", "Total Debt": "3,921,500", "Net Debt": "2,531,800", "Share Issued": "250,900", "Ordinary Shares Number": "234,800", "Treasury Shares Number": "16,100"}, "12/31/2019": {"Duration": "12/31/2019", "Total Assets": "6,818,000", "Total Liabilities Net Minority Interest": "5,408,400", "Total Equity Gross Minority Interest": "1,409,600", "Total Capitalization": "5,144,400", "Common Stock Equity": "1,354,200", "Capital Lease Obligations": "29,300", "Net Tangible Assets": "-1,078,600", "Working Capital": "1,500,500", "Invested Capital": "5,188,300", "Tangible Book Value": "-1,078,600", "Total Debt": "3,863,400", "Net Debt": "2,816,600", "Share Issued": "250,100", "Ordinary Shares Number": "234,900", "Treasury Shares Number": "15,200"}, "12/31/2018": {"Duration": "12/31/2018", "Total Assets": "6,675,700", "Total Liabilities Net Minority Interest": "5,365,200", "Total Equity Gross Minority Interest": "1,310,500", "Total Capitalization": "5,026,900", "Common Stock Equity": "1,205,100", "Capital Lease Obligations": "-", "Net Tangible Assets": "-1,373,700", "Working Capital": "1,269,000", "Invested Capital": "5,069,100", "Tangible Book Value": "-1,373,700", "Total Debt": "3,864,000", "Net Debt": "3,170,400", "Share Issued": "246,700", "Ordinary Shares Number": "235,600", "Treasury Shares Number": "11,100"}}, "cf": {"TTM": {"Duration": "TTM", "Operating Cash Flow": "549,700", "Investing Cash Flow": "-70,700", "Financing Cash Flow": "97,900", "End Cash Position": "1,236,900", "Income Tax Paid Supplemental Data": "-", "Interest Paid Supplemental Data": "-", "Capital Expenditure": "-91,200", "Issuance of Debt": "-", "Repayment of Debt": "-971,000", "Repurchase of Capital Stock": "-89,700", "Free Cash Flow": "458,500"}, "12/31/2020": {"Duration": "12/31/2020", "Operating Cash Flow": "509,300", "Investing Cash Flow": "-61,500", "Financing Cash Flow": "-130,900", "End Cash Position": "1,364,000", "Income Tax Paid Supplemental Data": "25,900", "Interest Paid Supplemental Data": "151,700", "Capital Expenditure": "-82,100", "Issuance of Debt": "1,200,000", "Repayment of Debt": "-1,262,100", "Repurchase of Capital Stock": "-26,000", "Free Cash Flow": "427,200"}, "12/31/2019": {"Duration": "12/31/2019", "Operating Cash Flow": "573,100", "Investing Cash Flow": "-93,900", "Financing Cash Flow": "-158,400", "End Cash Position": "1,020,500", "Income Tax Paid Supplemental Data": "42,200", "Interest Paid Supplemental Data": "156,900", "Capital Expenditure": "-112,500", "Issuance of Debt": "0", "Repayment of Debt": "-67,100", "Repurchase of Capital Stock": "-105,300", "Free Cash Flow": "460,600"}, "12/31/2018": {"Duration": "12/31/2018", "Operating Cash Flow": "496,100", "Investing Cash Flow": "-216,100", "Financing Cash Flow": "-341,300", "End Cash Position": "696,400", "Income Tax Paid Supplemental Data": "57,400", "Interest Paid Supplemental Data": "152,400", "Capital Expenditure": "-143,400", "Issuance of Debt": "468,900", "Repayment of Debt": "-556,000", "Repurchase of Capital Stock": "-253,800", "Free Cash Flow": "352,700"}}}}, {"ODC": {"quote": {"05/12/2021": {"value": "35.27", "Market Cap": "262.05M", "Beta (5Y Monthly)": "0.61", "PE Ratio (TTM)": "14.30", "EPS (TTM)": "2.47", "Earnings Date": "Mar 12, 2021", "Forward Dividend & Yield": "1.04 (2.89%)", "Ex-Dividend Date": "May 13, 2021", "1y Target Est": "N/A"}}, "fin": {"TTM": {"Duration": "TTM", "Total Revenue": "291,697", "Cost of Revenue": "216,291", "Gross Profit": "75,406", "Operating Expense": "51,152", "Operating Income": "24,254", "Net Non Operating Interest Income Expense": "-559", "Other Income Expense": "-598", "Pretax Income": "23,097", "Tax Provision": "4,329", "Net Income Common Stockholders": "18,817", "Diluted NI Available to Com Stockholders": "18,817", "Basic EPS": "-", "Diluted EPS": "-", "Basic Average Shares": "-", "Diluted Average Shares": "-", "Total Operating Income as Reported": "24,254", "Total Expenses": "267,443", "Net Income from Continuing & Discontinued Operation": "18,817", "Normalized Income": "18,817", "Interest Income": "109", "Interest Expense": "668", "Net Interest Income": "-559", "EBIT": "23,765", "EBITDA": "37,824", "Reconciled Cost of Revenue": "216,291", "Reconciled Depreciation": "14,059", "Net Income from Continuing Operation Net Minority Interest": "18,817", "Total Unusual Items Excluding Goodwill": "-", "Total Unusual Items": "-", "Normalized EBITDA": "37,824", "Tax Rate for Calcs": "0", "Tax Effect of Unusual Items": "0"}, "7/31/2020": {"Duration": "7/31/2020", "Total Revenue": "283,227", "Cost of Revenue": "207,404", "Gross Profit": "75,823", "Operating Expense": "50,996", "Operating Income": "24,827", "Net Non Operating Interest Income Expense": "-259", "Other Income Expense": "-1,548", "Pretax Income": "23,020", "Tax Provision": "4,280", "Net Income Common Stockholders": "18,900", "Diluted NI Available to Com Stockholders": "18,900", "Basic EPS": "2.70", "Diluted EPS": "2.65", "Basic Average Shares": "7,169", "Diluted Average Shares": "7,292", "Total Operating Income as Reported": "24,827", "Total Expenses": "258,400", "Net Income from Continuing & Discontinued Operation": "18,900", "Normalized Income": "19,031", "Interest Income": "259", "Interest Expense": "518", "Net Interest Income": "-259", "EBIT": "23,538", "EBITDA": "-", "Reconciled Cost of Revenue": "207,404", "Reconciled Depreciation": "13,923", "Net Income from Continuing Operation Net Minority Interest": "18,900", "Total Unusual Items Excluding Goodwill": "-161", "Total Unusual Items": "-161", "Normalized EBITDA": "37,622", "Tax Rate for Calcs": "0", "Tax Effect of Unusual Items": "-29.946"}, "7/31/2019": {"Duration": "7/31/2019", "Total Revenue": "277,025", "Cost of Revenue": "211,365", "Gross Profit": "65,660", "Operating Expense": "55,248", "Operating Income": "10,412", "Net Non Operating Interest Income Expense": "-344", "Other Income Expense": "4,480", "Pretax Income": "14,548", "Tax Provision": "1,933", "Net Income Common Stockholders": "12,611", "Diluted NI Available to Com Stockholders": "12,611", "Basic EPS": "1.82", "Diluted EPS": "1.67", "Basic Average Shares": "7,180", "Diluted Average Shares": "7,251", "Total Operating Income as Reported": "10,412", "Total Expenses": "266,613", "Net Income from Continuing & Discontinued Operation": "12,611", "Normalized Income": "12,822", "Interest Income": "250", "Interest Expense": "594", "Net Interest Income": "-344", "EBIT": "15,142", "EBITDA": "-", "Reconciled Cost of Revenue": "211,365", "Reconciled Depreciation": "13,330", "Net Income from Continuing Operation Net Minority Interest": "12,611", "Total Unusual Items Excluding Goodwill": "-243", "Total Unusual Items": "-243", "Normalized EBITDA": "28,715", "Tax Rate for Calcs": "0", "Tax Effect of Unusual Items": "-32.319"}, "7/31/2018": {"Duration": "7/31/2018", "Total Revenue": "266,000", "Cost of Revenue": "193,998", "Gross Profit": "72,002", "Operating Expense": "57,332", "Operating Income": "14,670", "Net Non Operating Interest Income Expense": "-417", "Other Income Expense": "613", "Pretax Income": "14,866", "Tax Provision": "6,644", "Net Income Common Stockholders": "8,240", "Diluted NI Available to Com Stockholders": "8,240", "Basic EPS": "1.22", "Diluted EPS": "1.11", "Basic Average Shares": "7,133", "Diluted Average Shares": "7,222", "Total Operating Income as Reported": "14,670", "Total Expenses": "251,330", "Net Income from Continuing & Discontinued Operation": "8,240", "Normalized Income": "8,240", "Interest Income": "259", "Interest Expense": "676", "Net Interest Income": "-417", "EBIT": "15,542", "EBITDA": "-", "Reconciled Cost of Revenue": "193,998", "Reconciled Depreciation": "12,756", "Net Income from Continuing Operation Net Minority Interest": "8,240", "Total Unusual Items Excluding Goodwill": "-", "Total Unusual Items": "-", "Normalized EBITDA": "28,298", "Tax Rate for Calcs": "0", "Tax Effect of Unusual Items": "0"}}, "bs": {"7/31/2020": {"Duration": "7/31/2020", "Total Assets": "235,882", "Total Liabilities Net Minority Interest": "87,918", "Total Equity Gross Minority Interest": "147,964", "Total Capitalization": "156,986", "Common Stock Equity": "148,138", "Capital Lease Obligations": "11,305", "Net Tangible Assets": "136,412", "Working Capital": "62,213", "Invested Capital": "157,986", "Tangible Book Value": "136,412", "Total Debt": "21,153", "Net Debt": "-", "Share Issued": "10,551", "Ordinary Shares Number": "7,460", "Treasury Shares Number": "3,426"}, "7/31/2019": {"Duration": "7/31/2019", "Total Assets": "205,227", "Total Liabilities Net Minority Interest": "69,681", "Total Equity Gross Minority Interest": "135,546", "Total Capitalization": "138,612", "Common Stock Equity": "135,560", "Capital Lease Obligations": "-", "Net Tangible Assets": "123,211", "Working Capital": "56,670", "Invested Capital": "141,695", "Tangible Book Value": "123,211", "Total Debt": "6,135", "Net Debt": "-", "Share Issued": "10,536", "Ordinary Shares Number": "7,609", "Treasury Shares Number": "3,251"}, "7/31/2018": {"Duration": "7/31/2018", "Total Assets": "194,682", "Total Liabilities Net Minority Interest": "62,797", "Total Equity Gross Minority Interest": "131,885", "Total Capitalization": "138,010", "Common Stock Equity": "131,903", "Capital Lease Obligations": "-", "Net Tangible Assets": "119,176", "Working Capital": "52,065", "Invested Capital": "141,093", "Tangible Book Value": "119,176", "Total Debt": "9,190", "Net Debt": "-", "Share Issued": "10,231", "Ordinary Shares Number": "7,317", "Treasury Shares Number": "3,239"}}, "cf": {"TTM": {"Duration": "TTM", "Operating Cash Flow": "31,277", "Investing Cash Flow": "-14,986", "Financing Cash Flow": "-7,412", "End Cash Position": "30,448", "Income Tax Paid Supplemental Data": "-", "Interest Paid Supplemental Data": "-", "Capital Expenditure": "-15,052", "Issuance of Capital Stock": "-", "Issuance of Debt": "-", "Repayment of Debt": "-3,238", "Repurchase of Capital Stock": "-7,207", "Free Cash Flow": "16,225"}, "7/31/2020": {"Duration": "7/31/2020", "Operating Cash Flow": "42,462", "Investing Cash Flow": "-14,677", "Financing Cash Flow": "-8,750", "End Cash Position": "40,890", "Income Tax Paid Supplemental Data": "2,319", "Interest Paid Supplemental Data": "273", "Capital Expenditure": "-14,740", "Issuance of Capital Stock": "-", "Issuance of Debt": "10,000", "Repayment of Debt": "-6,321", "Repurchase of Capital Stock": "-5,541", "Free Cash Flow": "27,722"}, "7/31/2019": {"Duration": "7/31/2019", "Operating Cash Flow": "26,743", "Investing Cash Flow": "-7,888", "Financing Cash Flow": "-9,886", "End Cash Position": "21,862", "Income Tax Paid Supplemental Data": "-", "Interest Paid Supplemental Data": "305", "Capital Expenditure": "-15,029", "Issuance of Capital Stock": "-", "Issuance of Debt": "-", "Repayment of Debt": "-3,083", "Repurchase of Capital Stock": "-147", "Free Cash Flow": "11,714"}, "7/31/2018": {"Duration": "7/31/2018", "Operating Cash Flow": "10,612", "Investing Cash Flow": "2,572", "Financing Cash Flow": "-9,339", "End Cash Position": "12,757", "Income Tax Paid Supplemental Data": "1,994", "Interest Paid Supplemental Data": "282", "Capital Expenditure": "-15,074", "Issuance of Capital Stock": "0", "Issuance of Debt": "-", "Repayment of Debt": "-3,083", "Repurchase of Capital Stock": "-26", "Free Cash Flow": "-4,462"}}}}, {"AMTX": {"quote": {"05/12/2021": {"value": "10.41", "Market Cap": "312.615M", "Beta (5Y Monthly)": "-0.13", "PE Ratio (TTM)": "N/A", "EPS (TTM)": "-1.75", "Earnings Date": "May 12, 2021", "Forward Dividend & Yield": "N/A (N/A)", "Ex-Dividend Date": "N/A", "1y Target Est": "33.60"}}, "fin": {"TTM": {"Duration": "TTM", "Total Revenue": "165,557", "Cost of Revenue": "154,532", "Gross Profit": "11,025", "Operating Expense": "17,095", "Operating Income": "-6,070", "Net Non Operating Interest Income Expense": "-31,017", "Other Income Expense": "-548", "Pretax Income": "-37,635", "Tax Provision": "-976", "Net Income Common Stockholders": "-36,659", "Diluted NI Available to Com Stockholders": "-36,659", "Basic EPS": "-", "Diluted EPS": "-", "Basic Average Shares": "-", "Diluted Average Shares": "-", "Total Operating Income as Reported": "-6,070", "Total Expenses": "171,627", "Net Income from Continuing & Discontinued Operation": "-36,659", "Normalized Income": "-36,659", "Interest Expense": "27,616", "Net Interest Income": "-31,017", "EBIT": "-10,019", "EBITDA": "-5,077", "Reconciled Cost of Revenue": "154,532", "Reconciled Depreciation": "4,942", "Net Income from Continuing Operation Net Minority Interest": "-36,659", "Total Unusual Items Excluding Goodwill": "0", "Total Unusual Items": "0", "Normalized EBITDA": "-5,077", "Tax Rate for Calcs": "0", "Tax Effect of Unusual Items": "0"}, "12/31/2020": {"Duration": "12/31/2020", "Total Revenue": "165,557", "Cost of Revenue": "154,532", "Gross Profit": "11,025", "Operating Expense": "17,095", "Operating Income": "-6,070", "Net Non Operating Interest Income Expense": "-31,017", "Other Income Expense": "-548", "Pretax Income": "-37,635", "Tax Provision": "-976", "Net Income Common Stockholders": "-36,659", "Diluted NI Available to Com Stockholders": "-36,659", "Basic EPS": "-", "Diluted EPS": "-", "Basic Average Shares": "-", "Diluted Average Shares": "-", "Total Operating Income as Reported": "-6,070", "Total Expenses": "171,627", "Net Income from Continuing & Discontinued Operation": "-36,659", "Normalized Income": "-36,659", "Interest Expense": "27,616", "Net Interest Income": "-31,017", "EBIT": "-10,019", "EBITDA": "-", "Reconciled Cost of Revenue": "154,532", "Reconciled Depreciation": "4,942", "Net Income from Continuing Operation Net Minority Interest": "-36,659", "Total Unusual Items Excluding Goodwill": "0", "Total Unusual Items": "0", "Normalized EBITDA": "-5,077", "Tax Rate for Calcs": "0", "Tax Effect of Unusual Items": "0"}, "12/31/2019": {"Duration": "12/31/2019", "Total Revenue": "201,998", "Cost of Revenue": "189,300", "Gross Profit": "12,698", "Operating Expense": "17,629", "Operating Income": "-4,931", "Net Non Operating Interest Income Expense": "-28,012", "Other Income Expense": "-5,403", "Pretax Income": "-38,346", "Tax Provision": "1,131", "Net Income Common Stockholders": "-35,716", "Diluted NI Available to Com Stockholders": "-35,716", "Basic EPS": "-1.75", "Diluted EPS": "-1.75", "Basic Average Shares": "20,467", "Diluted Average Shares": "20,467", "Total Operating Income as Reported": "-4,931", "Total Expenses": "206,929", "Net Income from Continuing & Discontinued Operation": "-35,716", "Normalized Income": "-31,190", "Interest Expense": "23,346", "Net Interest Income": "-28,012", "EBIT": "-15,000", "EBITDA": "-", "Reconciled Cost of Revenue": "189,300", "Reconciled Depreciation": "4,482", "Net Income from Continuing Operation Net Minority Interest": "-35,716", "Total Unusual Items Excluding Goodwill": "-6,200", "Total Unusual Items": "-6,200", "Normalized EBITDA": "-4,318", "Tax Rate for Calcs": "0", "Tax Effect of Unusual Items": "-1,674"}, "12/31/2018": {"Duration": "12/31/2018", "Total Revenue": "171,526", "Cost of Revenue": "166,121", "Gross Profit": "5,405", "Operating Expense": "16,331", "Operating Income": "-10,926", "Net Non Operating Interest Income Expense": "-25,734", "Other Income Expense": "380", "Pretax Income": "-36,280", "Tax Provision": "7", "Net Income Common Stockholders": "-33,016", "Diluted NI Available to Com Stockholders": "-33,016", "Basic EPS": "-1.63", "Diluted EPS": "-1.63", "Basic Average Shares": "20,252", "Diluted Average Shares": "20,252", "Total Operating Income as Reported": "-10,926", "Total Expenses": "182,452", "Net Income from Continuing & Discontinued Operation": "-33,016", "Normalized Income": "-32,385", "Interest Expense": "18,214", "Net Interest Income": "-25,734", "EBIT": "-18,066", "EBITDA": "-", "Reconciled Cost of Revenue": "166,121", "Reconciled Depreciation": "4,720", "Net Income from Continuing Operation Net Minority Interest": "-33,016", "Total Unusual Items Excluding Goodwill": "-865", "Total Unusual Items": "-865", "Normalized EBITDA": "-12,481", "Tax Rate for Calcs": "0", "Tax Effect of Unusual Items": "-233.55"}}, "bs": {"12/31/2020": {"Duration": "12/31/2020", "Total Assets": "125,139", "Total Liabilities Net Minority Interest": "309,883", "Total Equity Gross Minority Interest": "-184,744", "Total Capitalization": "-14,640", "Preferred Stock Equity": "1", "Common Stock Equity": "-184,745", "Capital Lease Obligations": "2,894", "Net Tangible Assets": "-184,744", "Working Capital": "-93,552", "Invested Capital": "44,874", "Tangible Book Value": "-184,745", "Total Debt": "232,513", "Net Debt": "229,027", "Share Issued": "22,830", "Ordinary Shares Number": "22,830", "Preferred Shares Number": "1,408"}, "12/31/2019": {"Duration": "12/31/2019", "Total Assets": "99,896", "Total Liabilities Net Minority Interest": "254,268", "Total Equity Gross Minority Interest": "-154,372", "Total Capitalization": "25,313", "Preferred Stock Equity": "1", "Common Stock Equity": "-154,373", "Capital Lease Obligations": "-", "Net Tangible Assets": "-154,372", "Working Capital": "-45,243", "Invested Capital": "48,052", "Tangible Book Value": "-154,373", "Total Debt": "202,425", "Net Debt": "201,769", "Share Issued": "20,570", "Ordinary Shares Number": "20,570", "Preferred Shares Number": "1,408"}, "12/31/2018": {"Duration": "12/31/2018", "Total Assets": "91,821", "Total Liabilities Net Minority Interest": "207,403", "Total Equity Gross Minority Interest": "-115,582", "Total Capitalization": "46,977", "Preferred Stock Equity": "1", "Common Stock Equity": "-110,843", "Capital Lease Obligations": "-", "Net Tangible Assets": "-110,842", "Working Capital": "-32,268", "Invested Capital": "64,274", "Tangible Book Value": "-110,843", "Total Debt": "175,117", "Net Debt": "173,929", "Share Issued": "20,345", "Ordinary Shares Number": "20,345", "Preferred Shares Number": "1,408"}}, "cf": {"TTM": {"Duration": "TTM", "Operating Cash Flow": "2,480", "Investing Cash Flow": "-17,309", "Financing Cash Flow": "14,775", "End Cash Position": "592", "Income Tax Paid Supplemental Data": "8", "Interest Paid Supplemental Data": "1,324", "Capital Expenditure": "-19,340", "Issuance of Capital Stock": "18,868", "Issuance of Debt": "12,648", "Repayment of Debt": "-16,934", "Free Cash Flow": "-16,860"}, "12/31/2020": {"Duration": "12/31/2020", "Operating Cash Flow": "2,480", "Investing Cash Flow": "-17,309", "Financing Cash Flow": "14,775", "End Cash Position": "592", "Income Tax Paid Supplemental Data": "8", "Interest Paid Supplemental Data": "1,324", "Capital Expenditure": "-19,340", "Issuance of Capital Stock": "18,868", "Issuance of Debt": "12,648", "Repayment of Debt": "-16,934", "Free Cash Flow": "-16,860"}, "12/31/2019": {"Duration": "12/31/2019", "Operating Cash Flow": "-2,034", "Investing Cash Flow": "-8,578", "Financing Cash Flow": "10,085", "End Cash Position": "656", "Income Tax Paid Supplemental Data": "8", "Interest Paid Supplemental Data": "2,476", "Capital Expenditure": "-8,578", "Issuance of Capital Stock": "4,815", "Issuance of Debt": "56,314", "Repayment of Debt": "-51,878", "Free Cash Flow": "-10,612"}, "12/31/2018": {"Duration": "12/31/2018", "Operating Cash Flow": "-5,506", "Investing Cash Flow": "-4,074", "Financing Cash Flow": "10,391", "End Cash Position": "1,188", "Income Tax Paid Supplemental Data": "6", "Interest Paid Supplemental Data": "5,590", "Capital Expenditure": "-4,074", "Issuance of Capital Stock": "6,961", "Issuance of Debt": "23,215", "Repayment of Debt": "-19,785", "Free Cash Flow": "-9,580"}}}}, {"ACRB": {"quote": {"05/12/2021": {"value": "0.0125", "Market Cap": "3.111M", "Beta (5Y Monthly)": "-2.82", "PE Ratio (TTM)": "0.18", "EPS (TTM)": "0.0710", "Earnings Date": "N/A", "Forward Dividend & Yield": "N/A (N/A)", "Ex-Dividend Date": "N/A", "1y Target Est": "N/A"}}, "fin": {}, "bs": {}, "cf": {}}}, {"HXBM": {"quote": {"05/12/2021": {"value": "24.80", "Market Cap": "7.126M", "Beta (5Y Monthly)": "-0.02", "PE Ratio (TTM)": "N/A", "EPS (TTM)": "-15.59", "Earnings Date": "N/A", "Forward Dividend & Yield": "N/A (N/A)", "Ex-Dividend Date": "N/A", "1y Target Est": "N/A"}}, "fin": {}, "bs": {}, "cf": {}}}, {"SHW": {"quote": {"05/12/2021": {"value": "279.84", "Market Cap": "74.423B", "Beta (5Y Monthly)": "1.08", "PE Ratio (TTM)": "36.17", "EPS (TTM)": "7.74", "Earnings Date": "Jul 26, 2021 - Jul 30, 2021", "Forward Dividend & Yield": "2.20 (0.77%)", "Ex-Dividend Date": "May 20, 2021", "1y Target Est": "287.23"}}, "fin": {"TTM": {"Duration": "TTM", "Total Revenue": "18,871,000", "Cost of Revenue": "9,966,100", "Gross Profit": "8,904,900", "Operating Expense": "5,848,100", "Operating Income": "3,056,800", "Net Non Operating Interest Income Expense": "-344,000", "Other Income Expense": "-76,900", "Pretax Income": "2,635,900", "Tax Provision": "517,600", "Net Income Common Stockholders": "2,118,300", "Diluted NI Available to Com Stockholders": "2,118,300", "Basic EPS": "-", "Diluted EPS": "-", "Basic Average Shares": "-", "Diluted Average Shares": "-", "Total Expenses": "15,814,200", "Net Income from Continuing & Discontinued Operation": "2,118,300", "Normalized Income": "2,188,216", "Interest Income": "3,600", "Interest Expense": "337,400", "Net Interest Income": "-344,000", "EBIT": "2,973,300", "EBITDA": "3,554,700", "Reconciled Cost of Revenue": "9,699,200", "Reconciled Depreciation": "581,400", "Net Income from Continuing Operation Net Minority Interest": "2,118,300", "Total Unusual Items Excluding Goodwill": "-87,000", "Total Unusual Items": "-87,000", "Normalized EBITDA": "3,641,700", "Tax Rate for Calcs": "0", "Tax Effect of Unusual Items": "-17,084"}, "12/31/2020": {"Duration": "12/31/2020", "Total Revenue": "18,361,700", "Cost of Revenue": "9,679,100", "Gross Profit": "8,682,600", "Operating Expense": "5,828,400", "Operating Income": "2,854,200", "Net Non Operating Interest Income Expense": "-347,200", "Other Income Expense": "12,200", "Pretax Income": "2,519,200", "Tax Provision": "488,800", "Net Income Common Stockholders": "2,030,400", "Diluted NI Available to Com Stockholders": "2,030,400", "Basic EPS": "7.48", "Diluted EPS": "7.36", "Basic Average Shares": "271,278", "Diluted Average Shares": "275,828", "Total Expenses": "15,507,500", "Net Income from Continuing & Discontinued Operation": "2,030,400", "Normalized Income": "2,034,430", "Interest Income": "3,600", "Interest Expense": "340,400", "Net Interest Income": "-347,200", "EBIT": "2,859,600", "EBITDA": "-", "Reconciled Cost of Revenue": "9,411,100", "Reconciled Depreciation": "581,400", "Net Income from Continuing Operation Net Minority Interest": "2,030,400", "Total Unusual Items Excluding Goodwill": "-5,000", "Total Unusual Items": "-5,000", "Normalized EBITDA": "3,446,000", "Tax Rate for Calcs": "0", "Tax Effect of Unusual Items": "-970"}, "12/31/2019": {"Duration": "12/31/2019", "Total Revenue": "17,900,800", "Cost of Revenue": "9,864,700", "Gross Profit": "8,036,100", "Operating Expense": "5,610,700", "Operating Income": "2,425,400", "Net Non Operating Interest Income Expense": "-334,100", "Other Income Expense": "-109,500", "Pretax Income": "1,981,800", "Tax Provision": "440,500", "Net Income Common Stockholders": "1,541,300", "Diluted NI Available to Com Stockholders": "1,541,300", "Basic EPS": "5.60", "Diluted EPS": "5.50", "Basic Average Shares": "275,411", "Diluted Average Shares": "280,341", "Total Expenses": "15,475,400", "Net Income from Continuing & Discontinued Operation": "1,541,300", "Normalized Income": "1,639,328", "Interest Income": "25,900", "Interest Expense": "349,300", "Net Interest Income": "-334,100", "EBIT": "2,331,100", "EBITDA": "-", "Reconciled Cost of Revenue": "9,602,600", "Reconciled Depreciation": "574,900", "Net Income from Continuing Operation Net Minority Interest": "1,541,300", "Total Unusual Items Excluding Goodwill": "-126,000", "Total Unusual Items": "-126,000", "Normalized EBITDA": "3,032,000", "Tax Rate for Calcs": "0", "Tax Effect of Unusual Items": "-27,972"}, "12/31/2018": {"Duration": "12/31/2018", "Total Revenue": "17,534,493", "Cost of Revenue": "10,115,931", "Gross Profit": "7,418,562", "Operating Expense": "5,528,189", "Operating Income": "1,890,373", "Net Non Operating Interest Income Expense": "-371,106", "Other Income Expense": "-159,617", "Pretax Income": "1,359,650", "Tax Provision": "250,904", "Net Income Common Stockholders": "1,108,746", "Diluted NI Available to Com Stockholders": "1,108,746", "Basic EPS": "3.97", "Diluted EPS": "3.89", "Basic Average Shares": "278,977", "Diluted Average Shares": "284,964", "Total Expenses": "15,644,120", "Net Income from Continuing & Discontinued Operation": "1,108,746", "Normalized Income": "1,232,963", "Interest Income": "5,286", "Interest Expense": "366,734", "Net Interest Income": "-371,106", "EBIT": "1,726,384", "EBITDA": "-", "Reconciled Cost of Revenue": "9,837,762", "Reconciled Depreciation": "596,281", "Net Income from Continuing Operation Net Minority Interest": "1,108,746", "Total Unusual Items Excluding Goodwill": "-152,414", "Total Unusual Items": "-152,414", "Normalized EBITDA": "2,475,079", "Tax Rate for Calcs": "0", "Tax Effect of Unusual Items": "-28,197"}}, "bs": {"12/31/2020": {"Duration": "12/31/2020", "Total Assets": "20,401,600", "Total Liabilities Net Minority Interest": "16,790,800", "Total Equity Gross Minority Interest": "3,610,800", "Total Capitalization": "11,877,700", "Common Stock Equity": "3,610,800", "Capital Lease Obligations": "1,821,400", "Net Tangible Assets": "-7,909,500", "Working Capital": "-3,000", "Invested Capital": "11,902,900", "Tangible Book Value": "-7,909,500", "Total Debt": "10,113,500", "Net Debt": "8,065,500", "Share Issued": "269,815", "Ordinary Shares Number": "268,677", "Treasury Shares Number": "1,139"}, "12/31/2019": {"Duration": "12/31/2019", "Total Assets": "20,496,200", "Total Liabilities Net Minority Interest": "16,372,900", "Total Equity Gross Minority Interest": "4,123,300", "Total Capitalization": "12,174,000", "Common Stock Equity": "4,123,300", "Capital Lease Obligations": "1,742,300", "Net Tangible Assets": "-7,616,000", "Working Capital": "109,800", "Invested Capital": "12,808,500", "Tangible Book Value": "-7,616,000", "Total Debt": "10,427,500", "Net Debt": "8,523,400", "Share Issued": "358,301", "Ordinary Shares Number": "276,435", "Treasury Shares Number": "81,867"}, "12/31/2018": {"Duration": "12/31/2018", "Total Assets": "19,134,279", "Total Liabilities Net Minority Interest": "15,403,534", "Total Equity Gross Minority Interest": "3,730,745", "Total Capitalization": "12,438,802", "Common Stock Equity": "3,730,745", "Capital Lease Obligations": "-", "Net Tangible Assets": "-8,427,536", "Working Capital": "46,740", "Invested Capital": "13,074,396", "Tangible Book Value": "-8,427,536", "Total Debt": "9,343,651", "Net Debt": "9,188,146", "Share Issued": "355,115", "Ordinary Shares Number": "279,350", "Treasury Shares Number": "75,765"}}, "cf": {"TTM": {"Duration": "TTM", "Operating Cash Flow": "3,549,400", "Investing Cash Flow": "-230,900", "Financing Cash Flow": "-3,230,600", "End Cash Position": "326,400", "Income Tax Paid Supplemental Data": "444,500", "Interest Paid Supplemental Data": "330,500", "Capital Expenditure": "-261,500", "Issuance of Capital Stock": "125,000", "Issuance of Debt": "-31,700", "Repayment of Debt": "-433,500", "Repurchase of Capital Stock": "-2,331,400", "Free Cash Flow": "3,287,900"}, "12/31/2020": {"Duration": "12/31/2020", "Operating Cash Flow": "3,408,600", "Investing Cash Flow": "-322,400", "Financing Cash Flow": "-3,020,100", "End Cash Position": "226,600", "Income Tax Paid Supplemental Data": "437,200", "Interest Paid Supplemental Data": "340,800", "Capital Expenditure": "-303,800", "Issuance of Capital Stock": "182,400", "Issuance of Debt": "999,000", "Repayment of Debt": "-1,214,700", "Repurchase of Capital Stock": "-2,446,300", "Free Cash Flow": "3,104,800"}, "12/31/2019": {"Duration": "12/31/2019", "Operating Cash Flow": "2,321,300", "Investing Cash Flow": "-462,600", "Financing Cash Flow": "-1,846,400", "End Cash Position": "161,800", "Income Tax Paid Supplemental Data": "407,500", "Interest Paid Supplemental Data": "336,100", "Capital Expenditure": "-328,900", "Issuance of Capital Stock": "-", "Issuance of Debt": "1,340,000", "Repayment of Debt": "-1,889,400", "Repurchase of Capital Stock": "-778,800", "Free Cash Flow": "1,992,400"}, "12/31/2018": {"Duration": "12/31/2018", "Operating Cash Flow": "1,943,700", "Investing Cash Flow": "-251,640", "Financing Cash Flow": "-1,746,653", "End Cash Position": "155,505", "Income Tax Paid Supplemental Data": "292,169", "Interest Paid Supplemental Data": "368,045", "Capital Expenditure": "-250,957", "Issuance of Capital Stock": "-", "Issuance of Debt": "225,345", "Repayment of Debt": "-857,812", "Repurchase of Capital Stock": "-613,312", "Free Cash Flow": "1,692,743"}}}}, {"CC": {"quote": {"05/12/2021": {"value": "32.45", "Market Cap": "5.371B", "Beta (5Y Monthly)": "2.13", "PE Ratio (TTM)": "25.23", "EPS (TTM)": "1.29", "Earnings Date": "Jul 28, 2021 - Aug 02, 2021", "Forward Dividend & Yield": "1.00 (2.91%)", "Ex-Dividend Date": "May 14, 2021", "1y Target Est": "35.22"}}, "fin": {"TTM": {"Duration": "TTM", "Total Revenue": "5,100,000", "Cost of Revenue": "4,034,000", "Gross Profit": "1,066,000", "Operating Expense": "629,000", "Operating Income": "437,000", "Net Non Operating Interest Income Expense": "-205,000", "Other Income Expense": "-29,000", "Pretax Income": "203,000", "Tax Provision": "-12,000", "Net Income Common Stockholders": "215,000", "Diluted NI Available to Com Stockholders": "215,000", "Basic EPS": "-", "Diluted EPS": "-", "Basic Average Shares": "-", "Diluted Average Shares": "-", "Total Expenses": "4,663,000", "Net Income from Continuing & Discontinued Operation": "215,000", "Normalized Income": "270,800", "Interest Expense": "205,000", "Net Interest Income": "-205,000", "EBIT": "408,000", "EBITDA": "732,000", "Reconciled Cost of Revenue": "4,034,000", "Reconciled Depreciation": "324,000", "Net Income from Continuing Operation Net Minority Interest": "215,000", "Total Unusual Items Excluding Goodwill": "-93,000", "Total Unusual Items": "-93,000", "Normalized EBITDA": "825,000", "Tax Rate for Calcs": "0", "Tax Effect of Unusual Items": "-37,200"}, "12/31/2020": {"Duration": "12/31/2020", "Total Revenue": "4,969,000", "Cost of Revenue": "3,902,000", "Gross Profit": "1,067,000", "Operating Expense": "620,000", "Operating Income": "447,000", "Net Non Operating Interest Income Expense": "-210,000", "Other Income Expense": "-58,000", "Pretax Income": "179,000", "Tax Provision": "-40,000", "Net Income Common Stockholders": "219,000", "Diluted NI Available to Com Stockholders": "219,000", "Basic EPS": "-", "Diluted EPS": "-", "Basic Average Shares": "-", "Diluted Average Shares": "-", "Total Expenses": "4,522,000", "Net Income from Continuing & Discontinued Operation": "219,000", "Normalized Income": "306,600", "Interest Expense": "210,000", "Net Interest Income": "-210,000", "EBIT": "389,000", "EBITDA": "-", "Reconciled Cost of Revenue": "3,902,000", "Reconciled Depreciation": "320,000", "Net Income from Continuing Operation Net Minority Interest": "219,000", "Total Unusual Items Excluding Goodwill": "-120,000", "Total Unusual Items": "-120,000", "Normalized EBITDA": "829,000", "Tax Rate for Calcs": "0", "Tax Effect of Unusual Items": "-32,400"}, "12/31/2019": {"Duration": "12/31/2019", "Total Revenue": "5,526,000", "Cost of Revenue": "4,463,000", "Gross Profit": "1,063,000", "Operating Expense": "651,000", "Operating Income": "412,000", "Net Non Operating Interest Income Expense": "-208,000", "Other Income Expense": "-328,000", "Pretax Income": "-124,000", "Tax Provision": "-72,000", "Net Income Common Stockholders": "-52,000", "Diluted NI Available to Com Stockholders": "-52,000", "Basic EPS": "-0.32", "Diluted EPS": "-0.32", "Basic Average Shares": "164,817", "Diluted Average Shares": "167,245", "Total Expenses": "5,114,000", "Net Income from Continuing & Discontinued Operation": "-52,000", "Normalized Income": "-11,120", "Interest Expense": "208,000", "Net Interest Income": "-208,000", "EBIT": "84,000", "EBITDA": "-", "Reconciled Cost of Revenue": "4,463,000", "Reconciled Depreciation": "311,000", "Net Income from Continuing Operation Net Minority Interest": "-52,000", "Total Unusual Items Excluding Goodwill": "-56,000", "Total Unusual Items": "-56,000", "Normalized EBITDA": "451,000", "Tax Rate for Calcs": "0", "Tax Effect of Unusual Items": "-15,120"}, "12/31/2018": {"Duration": "12/31/2018", "Total Revenue": "6,638,000", "Cost of Revenue": "4,667,000", "Gross Profit": "1,971,000", "Operating Expense": "739,000", "Operating Income": "1,232,000", "Net Non Operating Interest Income Expense": "-195,000", "Other Income Expense": "118,000", "Pretax Income": "1,155,000", "Tax Provision": "159,000", "Net Income Common Stockholders": "995,000", "Diluted NI Available to Com Stockholders": "995,000", "Basic EPS": "5.62", "Diluted EPS": "5.45", "Basic Average Shares": "176,969", "Diluted Average Shares": "182,572", "Total Expenses": "5,406,000", "Net Income from Continuing & Discontinued Operation": "995,000", "Normalized Income": "1,030,342", "Interest Expense": "195,000", "Net Interest Income": "-195,000", "EBIT": "1,350,000", "EBITDA": "-", "Reconciled Cost of Revenue": "4,667,000", "Reconciled Depreciation": "284,000", "Net Income from Continuing Operation Net Minority Interest": "995,000", "Total Unusual Items Excluding Goodwill": "-41,000", "Total Unusual Items": "-41,000", "Normalized EBITDA": "1,675,000", "Tax Rate for Calcs": "0", "Tax Effect of Unusual Items": "-5,658"}}, "bs": {"12/31/2020": {"Duration": "12/31/2020", "Total Assets": "7,082,000", "Total Liabilities Net Minority Interest": "6,267,000", "Total Equity Gross Minority Interest": "815,000", "Total Capitalization": "4,818,000", "Common Stock Equity": "813,000", "Capital Lease Obligations": "251,000", "Net Tangible Assets": "646,000", "Working Capital": "1,191,000", "Invested Capital": "4,839,000", "Tangible Book Value": "646,000", "Total Debt": "4,277,000", "Net Debt": "2,921,000", "Share Issued": "190,240", "Ordinary Shares Number": "164,921", "Treasury Shares Number": "25,319"}, "12/31/2019": {"Duration": "12/31/2019", "Total Assets": "7,258,000", "Total Liabilities Net Minority Interest": "6,563,000", "Total Equity Gross Minority Interest": "695,000", "Total Capitalization": "4,715,000", "Common Stock Equity": "689,000", "Capital Lease Obligations": "311,000", "Net Tangible Assets": "515,000", "Working Capital": "1,236,000", "Invested Capital": "4,849,000", "Tangible Book Value": "515,000", "Total Debt": "4,471,000", "Net Debt": "3,217,000", "Share Issued": "188,893", "Ordinary Shares Number": "163,574", "Treasury Shares Number": "25,319"}, "12/31/2018": {"Duration": "12/31/2018", "Total Assets": "7,362,000", "Total Liabilities Net Minority Interest": "6,342,000", "Total Equity Gross Minority Interest": "1,020,000", "Total Capitalization": "4,973,000", "Common Stock Equity": "1,014,000", "Capital Lease Obligations": "-", "Net Tangible Assets": "833,000", "Working Capital": "1,584,000", "Invested Capital": "4,986,000", "Tangible Book Value": "833,000", "Total Debt": "3,972,000", "Net Debt": "2,771,000", "Share Issued": "187,205", "Ordinary Shares Number": "170,780", "Treasury Shares Number": "16,424"}}, "cf": {"TTM": {"Duration": "TTM", "Operating Cash Flow": "802,000", "Investing Cash Flow": "-199,000", "Financing Cash Flow": "-336,000", "End Cash Position": "981,000", "Income Tax Paid Supplemental Data": "-", "Interest Paid Supplemental Data": "-", "Capital Expenditure": "-221,000", "Issuance of Debt": "1,100,000", "Repayment of Debt": "-1,247,000", "Repurchase of Capital Stock": "-", "Free Cash Flow": "581,000"}, "12/31/2020": {"Duration": "12/31/2020", "Operating Cash Flow": "807,000", "Investing Cash Flow": "-234,000", "Financing Cash Flow": "-449,000", "End Cash Position": "1,105,000", "Income Tax Paid Supplemental Data": "78,000", "Interest Paid Supplemental Data": "208,000", "Capital Expenditure": "-267,000", "Issuance of Debt": "1,100,000", "Repayment of Debt": "-1,371,000", "Repurchase of Capital Stock": "0", "Free Cash Flow": "540,000"}, "12/31/2019": {"Duration": "12/31/2019", "Operating Cash Flow": "650,000", "Investing Cash Flow": "-483,000", "Financing Cash Flow": "-419,000", "End Cash Position": "943,000", "Income Tax Paid Supplemental Data": "85,000", "Interest Paid Supplemental Data": "204,000", "Capital Expenditure": "-481,000", "Issuance of Debt": "150,000", "Repayment of Debt": "-190,000", "Repurchase of Capital Stock": "-322,000", "Free Cash Flow": "169,000"}, "12/31/2018": {"Duration": "12/31/2018", "Operating Cash Flow": "1,140,000", "Investing Cash Flow": "-487,000", "Financing Cash Flow": "-993,000", "End Cash Position": "1,201,000", "Income Tax Paid Supplemental Data": "75,000", "Interest Paid Supplemental Data": "206,000", "Capital Expenditure": "-498,000", "Issuance of Debt": "520,000", "Repayment of Debt": "-679,000", "Repurchase of Capital Stock": "-644,000", "Free Cash Flow": "642,000"}}}}, {"OLN": {"quote": {"03/28/2021": {"value": "38.82", "Market Cap": "6.159B", "Beta (5Y Monthly)": "1.25", "PE Ratio (TTM)": "N/A", "EPS (TTM)": "-6.14", "Earnings Date": "Apr 27, 2021", "Forward Dividend & Yield": "0.80 (2.06%)", "Ex-Dividend Date": "Mar 01, 2021", "1y Target Est": "37.43"}}}}, {"SXT": {"quote": {"03/28/2021": {"value": "78.13", "Market Cap": "3.309B", "Beta (5Y Monthly)": "0.97", "PE Ratio (TTM)": "30.19", "EPS (TTM)": "2.59", "Earnings Date": "Apr 23, 2021", "Forward Dividend & Yield": "1.56 (2.00%)", "Ex-Dividend Date": "Feb 01, 2021", "1y Target Est": "92.33"}}}}, {"FUL": {"quote": {"03/28/2021": {"value": "63.76", "Market Cap": "3.331B", "Beta (5Y Monthly)": "1.79", "PE Ratio (TTM)": "23.36", "EPS (TTM)": "2.73", "Earnings Date": "Jun 22, 2021 - Jun 28, 2021", "Forward Dividend & Yield": "0.65 (1.02%)", "Ex-Dividend Date": "Feb 03, 2021", "1y Target Est": "69.50"}}}}, {"GRA": {"quote": {"03/28/2021": {"value": "60.88", "Market Cap": "4.03B", "Beta (5Y Monthly)": "1.40", "PE Ratio (TTM)": "N/A", "EPS (TTM)": "-0.03", "Earnings Date": "Apr 28, 2021 - May 03, 2021", "Forward Dividend & Yield": "1.32 (2.20%)", "Ex-Dividend Date": "Mar 01, 2021", "1y Target Est": "68.91"}}}}, {"CBT": {"quote": {"03/28/2021": {"value": "52.56", "Market Cap": "2.976B", "Beta (5Y Monthly)": "1.67", "PE Ratio (TTM)": "N/A", "EPS (TTM)": "-3.88", "Earnings Date": "May 10, 2021 - May 14, 2021", "Forward Dividend & Yield": "1.40 (2.66%)", "Ex-Dividend Date": "Feb 25, 2021", "1y Target Est": "55.60"}}}}, {"NEU": {"quote": {"03/28/2021": {"value": "387.89", "Market Cap": "4.239B", "Beta (5Y Monthly)": "0.42", "PE Ratio (TTM)": "15.74", "EPS (TTM)": "24.64", "Earnings Date": "Apr 20, 2021 - Apr 26, 2021", "Forward Dividend & Yield": "7.60 (1.96%)", "Ex-Dividend Date": "Mar 12, 2021", "1y Target Est": "N/A"}}}}, {"MEOH": {"quote": {"03/28/2021": {"value": "37.02", "Market Cap": "2.806B", "Beta (5Y Monthly)": "2.37", "PE Ratio (TTM)": "N/A", "EPS (TTM)": "-2.06", "Earnings Date": "N/A", "Forward Dividend & Yield": "0.15 (0.42%)", "Ex-Dividend Date": "Mar 16, 2021", "1y Target Est": "40.85"}}}}, {"WLK": {"quote": {"03/28/2021": {"value": "89.02", "Market Cap": "11.38B", "Beta (5Y Monthly)": "1.47", "PE Ratio (TTM)": "34.77", "EPS (TTM)": "2.56", "Earnings Date": "May 03, 2021 - May 07, 2021", "Forward Dividend & Yield": "1.08 (1.21%)", "Ex-Dividend Date": "Mar 01, 2021", "1y Target Est": "89.00"}}}}, {"PAH": {"quote": {"03/28/2021": {"value": "", "Net Assets": "N/A", "Beta (5Y Monthly)": "N/A", "Yield": "N/A", "5y Average Return": "N/A", "Holdings Turnover": "N/A", "Last Dividend": "N/A", "Average for Category": "N/A", "Inception Date": "N/A"}}}}, {"FOE": {"quote": {"03/28/2021": {"value": "17.25", "Market Cap": "1.426B", "Beta (5Y Monthly)": "1.64", "PE Ratio (TTM)": "33.24", "EPS (TTM)": "0.52", "Earnings Date": "May 10, 2021 - May 14, 2021", "Forward Dividend & Yield": "N/A (N/A)", "Ex-Dividend Date": "Feb 11, 2009", "1y Target Est": "19.00"}}}}, {"WDFC": {"quote": {"03/28/2021": {"value": "306.66", "Market Cap": "4.198B", "Beta (5Y Monthly)": "-0.17", "PE Ratio (TTM)": "58.52", "EPS (TTM)": "5.24", "Earnings Date": "Apr 08, 2021", "Forward Dividend & Yield": "2.88 (0.94%)", "Ex-Dividend Date": "Apr 15, 2021", "1y Target Est": "301.50"}}}}, {"KMG": {"quote": {"05/12/2021": {"value": "", "Net Assets": "N/A", "Beta (5Y Monthly)": "N/A", "Yield": "N/A", "5y Average Return": "N/A", "Holdings Turnover": "N/A", "Last Dividend": "N/A", "Average for Category": "N/A", "Inception Date": "N/A"}}, "fin": {}, "bs": {}, "cf": {}}}, {"NTIC": {"quote": {"05/12/2021": {"value": "15.69", "Market Cap": "142.852M", "Beta (5Y Monthly)": "1.12", "PE Ratio (TTM)": "N/A", "EPS (TTM)": "-0.03", "Earnings Date": "Jul 06, 2021 - Jul 12, 2021", "Forward Dividend & Yield": "0.26 (1.67%)", "Ex-Dividend Date": "May 04, 2021", "1y Target Est": "23.50"}}, "bs": {"8/31/2020": {"Duration": "8/31/2020", "Total Assets": "66,074", "Total Liabilities Net Minority Interest": "6,370", "Total Equity Gross Minority Interest": "59,704", "Total Capitalization": "56,659", "Common Stock Equity": "56,659", "Capital Lease Obligations": "658.788", "Net Tangible Assets": "55,857", "Working Capital": "27,105", "Invested Capital": "56,659", "Tangible Book Value": "55,857", "Total Debt": "658.788", "Share Issued": "9,100", "Ordinary Shares Number": "9,100"}, "8/31/2019": {"Duration": "8/31/2019", "Total Assets": "67,511", "Total Liabilities Net Minority Interest": "7,842", "Total Equity Gross Minority Interest": "59,669", "Total Capitalization": "56,595", "Common Stock Equity": "56,595", "Capital Lease Obligations": "-", "Net Tangible Assets": "55,586", "Working Capital": "25,461", "Invested Capital": "56,595", "Tangible Book Value": "55,586", "Total Debt": "-", "Share Issued": "9,087", "Ordinary Shares Number": "9,087"}, "8/31/2018": {"Duration": "8/31/2018", "Total Assets": "63,549", "Total Liabilities Net Minority Interest": "7,730", "Total Equity Gross Minority Interest": "55,819", "Total Capitalization": "53,077", "Common Stock Equity": "53,077", "Capital Lease Obligations": "-", "Net Tangible Assets": "51,920", "Working Capital": "22,838", "Invested Capital": "53,077", "Tangible Book Value": "51,920", "Total Debt": "-", "Share Issued": "9,083", "Ordinary Shares Number": "9,083"}}, "cf": {"TTM": {"Duration": "TTM", "Operating Cash Flow": "2,664", "Investing Cash Flow": "-406.124", "Financing Cash Flow": "-1,127", "End Cash Position": "6,757", "Capital Expenditure": "-1,007", "Repurchase of Capital Stock": "-", "Free Cash Flow": "1,657"}, "8/31/2020": {"Duration": "8/31/2020", "Operating Cash Flow": "4,912", "Investing Cash Flow": "-2,785", "Financing Cash Flow": "-1,518", "End Cash Position": "6,403", "Capital Expenditure": "-807.408", "Repurchase of Capital Stock": "-", "Free Cash Flow": "4,105"}, "8/31/2019": {"Duration": "8/31/2019", "Operating Cash Flow": "5,477", "Investing Cash Flow": "-1,340", "Financing Cash Flow": "-2,394", "End Cash Position": "5,857", "Capital Expenditure": "-1,075", "Repurchase of Capital Stock": "-", "Free Cash Flow": "4,402"}, "8/31/2018": {"Duration": "8/31/2018", "Operating Cash Flow": "608.687", "Investing Cash Flow": "-300.109", "Financing Cash Flow": "-2,372", "End Cash Position": "4,163", "Capital Expenditure": "-766.983", "Repurchase of Capital Stock": "0", "Free Cash Flow": "-158.296"}}}}, {"SYMX": {"quote": {"05/12/2021": {"value": "", "Net Assets": "N/A", "Beta (5Y Monthly)": "N/A", "Yield": "N/A", "5y Average Return": "N/A", "Holdings Turnover": "N/A", "Last Dividend": "N/A", "Average for Category": "N/A", "Inception Date": "N/A"}}, "fin": {}, "bs": {}, "cf": {}}}, {"OEC": {"quote": {"05/12/2021": {"value": "20.11", "Market Cap": "1.218B", "Beta (5Y Monthly)": "1.84", "PE Ratio (TTM)": "51.43", "EPS (TTM)": "0.39", "Earnings Date": "Aug 02, 2021 - Aug 06, 2021", "Forward Dividend & Yield": "N/A (N/A)", "Ex-Dividend Date": "Mar 09, 2020", "1y Target Est": "24.50"}}, "fin": {"TTM": {"Duration": "TTM", "Total Revenue": "1,136,383", "Cost of Revenue": "844,034", "Gross Profit": "292,348", "Operating Expense": "210,407", "Operating Income": "81,941", "Net Non Operating Interest Income Expense": "-38,671", "Other Income Expense": "-17,475", "Pretax Income": "25,795", "Tax Provision": "8,132", "Earnings from Equity Interest Net of Tax": "493", "Net Income Common Stockholders": "18,156", "Diluted NI Available to Com Stockholders": "18,156", "Basic EPS": "-", "Diluted EPS": "-", "Basic Average Shares": "-", "Diluted Average Shares": "-", "Total Operating Income as Reported": "74,382", "Total Expenses": "1,054,441", "Net Income from Continuing & Discontinued Operation": "18,156", "Normalized Income": "23,377", "Interest Income": "-", "Interest Expense": "38,671", "Net Interest Income": "-38,671", "EBIT": "64,466", "EBITDA": "160,992", "Reconciled Cost of Revenue": "844,034", "Reconciled Depreciation": "96,526", "Net Income from Continuing Operation Net Minority Interest": "18,156", "Total Unusual Items Excluding Goodwill": "-7,559", "Total Unusual Items": "-7,559", "Normalized EBITDA": "168,551", "Tax Rate for Calcs": "0", "Tax Effect of Unusual Items": "-2,338"}, "12/31/2020": {"Duration": "12/31/2020", "Total Revenue": "1,136,383", "Cost of Revenue": "844,034", "Gross Profit": "292,348", "Operating Expense": "210,407", "Operating Income": "81,941", "Net Non Operating Interest Income Expense": "-38,671", "Other Income Expense": "-17,475", "Pretax Income": "25,795", "Tax Provision": "8,132", "Earnings from Equity Interest Net of Tax": "493", "Net Income Common Stockholders": "18,156", "Diluted NI Available to Com Stockholders": "18,156", "Basic EPS": "0.30", "Diluted EPS": "0.30", "Basic Average Shares": "60,430", "Diluted Average Shares": "61,407", "Total Operating Income as Reported": "74,382", "Total Expenses": "1,054,441", "Net Income from Continuing & Discontinued Operation": "18,156", "Normalized Income": "23,377", "Interest Income": "-", "Interest Expense": "38,671", "Net Interest Income": "-38,671", "EBIT": "64,466", "EBITDA": "-", "Reconciled Cost of Revenue": "844,034", "Reconciled Depreciation": "96,526", "Net Income from Continuing Operation Net Minority Interest": "18,156", "Total Unusual Items Excluding Goodwill": "-7,559", "Total Unusual Items": "-7,559", "Normalized EBITDA": "168,551", "Tax Rate for Calcs": "0", "Tax Effect of Unusual Items": "-2,338"}, "12/31/2019": {"Duration": "12/31/2019", "Total Revenue": "1,476,353", "Cost of Revenue": "1,086,644", "Gross Profit": "389,708", "Operating Expense": "238,929", "Operating Income": "150,779", "Net Non Operating Interest Income Expense": "-27,572", "Other Income Expense": "-3,628", "Pretax Income": "119,579", "Tax Provision": "33,216", "Earnings from Equity Interest Net of Tax": "558", "Net Income Common Stockholders": "86,920", "Diluted NI Available to Com Stockholders": "86,920", "Basic EPS": "1.45", "Diluted EPS": "1.42", "Basic Average Shares": "59,986", "Diluted Average Shares": "61,300", "Total Operating Income as Reported": "147,151", "Total Expenses": "1,325,573", "Net Income from Continuing & Discontinued Operation": "86,920", "Normalized Income": "89,545", "Interest Income": "-", "Interest Expense": "27,572", "Net Interest Income": "-27,572", "EBIT": "147,151", "EBITDA": "-", "Reconciled Cost of Revenue": "1,086,644", "Reconciled Depreciation": "96,713", "Net Income from Continuing Operation Net Minority Interest": "86,920", "Total Unusual Items Excluding Goodwill": "-3,628", "Total Unusual Items": "-3,628", "Normalized EBITDA": "247,492", "Tax Rate for Calcs": "0", "Tax Effect of Unusual Items": "-1,003"}, "12/31/2018": {"Duration": "12/31/2018", "Total Revenue": "1,578,203", "Cost of Revenue": "1,148,232", "Gross Profit": "429,971", "Operating Expense": "258,299", "Operating Income": "171,672", "Net Non Operating Interest Income Expense": "-28,642", "Other Income Expense": "24,633", "Pretax Income": "167,663", "Tax Provision": "46,944", "Earnings from Equity Interest Net of Tax": "591", "Net Income Common Stockholders": "121,310", "Diluted NI Available to Com Stockholders": "121,310", "Basic EPS": "2.04", "Diluted EPS": "1.99", "Basic Average Shares": "59,567", "Diluted Average Shares": "61,049", "Total Operating Income as Reported": "196,305", "Total Expenses": "1,406,531", "Net Income from Continuing & Discontinued Operation": "121,310", "Normalized Income": "103,550", "Interest Income": "-", "Interest Expense": "28,642", "Net Interest Income": "-28,642", "EBIT": "196,305", "EBITDA": "-", "Reconciled Cost of Revenue": "1,148,232", "Reconciled Depreciation": "98,156", "Net Income from Continuing Operation Net Minority Interest": "121,310", "Total Unusual Items Excluding Goodwill": "24,633", "Total Unusual Items": "24,633", "Normalized EBITDA": "269,828", "Tax Rate for Calcs": "0", "Tax Effect of Unusual Items": "6,873"}}, "bs": {"12/31/2020": {"Duration": "12/31/2020", "Total Assets": "1,389,793", "Total Liabilities Net Minority Interest": "1,208,780", "Total Equity Gross Minority Interest": "181,013", "Total Capitalization": "836,838", "Common Stock Equity": "181,012", "Capital Lease Obligations": "86,603", "Net Tangible Assets": "49,759", "Working Capital": "175,711", "Invested Capital": "919,457", "Tangible Book Value": "49,759", "Total Debt": "825,048", "Net Debt": "673,576", "Share Issued": "60,992", "Ordinary Shares Number": "60,487", "Treasury Shares Number": "505.142"}, "12/31/2019": {"Duration": "12/31/2019", "Total Assets": "1,257,394", "Total Liabilities Net Minority Interest": "1,071,381", "Total Equity Gross Minority Interest": "186,013", "Total Capitalization": "816,274", "Common Stock Equity": "186,013", "Capital Lease Obligations": "29,061", "Net Tangible Assets": "58,076", "Working Capital": "222,512", "Invested Capital": "852,684", "Tangible Book Value": "58,076", "Total Debt": "695,732", "Net Debt": "602,945", "Share Issued": "60,729", "Ordinary Shares Number": "60,224", "Treasury Shares Number": "505.142"}, "12/31/2018": {"Duration": "12/31/2018", "Total Assets": "1,273,022", "Total Liabilities Net Minority Interest": "1,114,126", "Total Equity Gross Minority Interest": "158,896", "Total Capitalization": "802,644", "Common Stock Equity": "158,896", "Capital Lease Obligations": "-", "Net Tangible Assets": "8,106", "Working Capital": "254,983", "Invested Capital": "843,664", "Tangible Book Value": "8,106", "Total Debt": "684,768", "Net Debt": "627,752", "Share Issued": "60,036", "Ordinary Shares Number": "59,518", "Treasury Shares Number": "517.081"}}, "cf": {"TTM": {"Duration": "TTM", "Operating Cash Flow": "125,278", "Investing Cash Flow": "-144,939", "Financing Cash Flow": "13,543", "End Cash Position": "64,869", "Income Tax Paid Supplemental Data": "7,930", "Interest Paid Supplemental Data": "20,769", "Capital Expenditure": "-144,939", "Issuance of Debt": "-", "Repayment of Debt": "-8,190", "Repurchase of Capital Stock": "0", "Free Cash Flow": "-19,661"}, "12/31/2020": {"Duration": "12/31/2020", "Operating Cash Flow": "125,278", "Investing Cash Flow": "-144,939", "Financing Cash Flow": "13,543", "End Cash Position": "64,869", "Income Tax Paid Supplemental Data": "7,930", "Interest Paid Supplemental Data": "20,769", "Capital Expenditure": "-144,939", "Issuance of Debt": "-", "Repayment of Debt": "-8,190", "Repurchase of Capital Stock": "0", "Free Cash Flow": "-19,661"}, "12/31/2019": {"Duration": "12/31/2019", "Operating Cash Flow": "231,507", "Investing Cash Flow": "-155,848", "Financing Cash Flow": "-68,612", "End Cash Position": "63,726", "Income Tax Paid Supplemental Data": "24,106", "Interest Paid Supplemental Data": "20,399", "Capital Expenditure": "-155,848", "Issuance of Debt": "0", "Repayment of Debt": "-8,036", "Repurchase of Capital Stock": "0", "Free Cash Flow": "75,659"}, "12/31/2018": {"Duration": "12/31/2018", "Operating Cash Flow": "121,985", "Investing Cash Flow": "-88,056", "Financing Cash Flow": "-43,768", "End Cash Position": "57,016", "Income Tax Paid Supplemental Data": "60,228", "Interest Paid Supplemental Data": "24,367", "Capital Expenditure": "-116,157", "Issuance of Debt": "0", "Repayment of Debt": "-8,288", "Repurchase of Capital Stock": "-4,926", "Free Cash Flow": "5,828"}}}}, {"EIHC": {"quote": {"05/12/2021": {"value": "0.0047", "Market Cap": "15,814", "Beta (5Y Monthly)": "-11.81", "PE Ratio (TTM)": "0.00", "EPS (TTM)": "1.0080", "Earnings Date": "N/A", "Forward Dividend & Yield": "N/A (N/A)", "Ex-Dividend Date": "N/A", "1y Target Est": "N/A"}}, "fin": {}, "bs": {}, "cf": {}}}, {"ETCK": {"quote": {"05/12/2021": {"value": "0.0668", "Market Cap": "2.432M", "Beta (5Y Monthly)": "-3.08", "PE Ratio (TTM)": "N/A", "EPS (TTM)": "-0.0310", "Earnings Date": "Jun 29, 2020", "Forward Dividend & Yield": "N/A (N/A)", "Ex-Dividend Date": "N/A", "1y Target Est": "N/A"}}, "fin": {"TTM": {"Duration": "TTM", "Total Revenue": "95.455", "Cost of Revenue": "13.188", "Gross Profit": "82.267", "Operating Expense": "942.663", "Operating Income": "-860.396", "Net Non Operating Interest Income Expense": "-252.772", "Other Income Expense": "1.25", "Pretax Income": "-1,112", "Net Income Common Stockholders": "-1,112", "Diluted NI Available to Com Stockholders": "-1,112", "Basic EPS": "-", "Diluted EPS": "-", "Basic Average Shares": "-", "Diluted Average Shares": "-", "Total Operating Income as Reported": "-860.396", "Total Expenses": "955.851", "Interest Income": "0.003", "Interest Expense": "252.775", "Net Interest Income": "-252.772", "Net Income from Continuing & Discontinued Operation": "-1,112", "Normalized Income": "-1,112", "EBIT": "-859.143", "EBITDA": "-843.859", "Reconciled Cost of Revenue": "13.188", "Reconciled Depreciation": "15.284", "Net Income from Continuing Operation Net Minority Interest": "-1,112", "Normalized EBITDA": "-843.859", "Tax Rate for Calcs": "0", "Tax Effect of Unusual Items": "0"}, "12/31/2020": {"Duration": "12/31/2020", "Total Revenue": "95.455", "Cost of Revenue": "13.188", "Gross Profit": "82.267", "Operating Expense": "942.663", "Operating Income": "-860.396", "Net Non Operating Interest Income Expense": "-252.772", "Other Income Expense": "1.25", "Pretax Income": "-1,112", "Net Income Common Stockholders": "-1,112", "Diluted NI Available to Com Stockholders": "-1,112", "Basic EPS": "-", "Diluted EPS": "-", "Basic Average Shares": "-", "Diluted Average Shares": "-", "Total Operating Income as Reported": "-860.396", "Total Expenses": "955.851", "Interest Income": "0.003", "Interest Expense": "252.775", "Net Interest Income": "-252.772", "Net Income from Continuing & Discontinued Operation": "-1,112", "Normalized Income": "-1,112", "EBIT": "-859.143", "EBITDA": "-", "Reconciled Cost of Revenue": "13.188", "Reconciled Depreciation": "15.284", "Net Income from Continuing Operation Net Minority Interest": "-1,112", "Normalized EBITDA": "-843.859", "Tax Rate for Calcs": "0", "Tax Effect of Unusual Items": "0"}, "12/31/2019": {"Duration": "12/31/2019", "Total Revenue": "51.815", "Cost of Revenue": "12.279", "Gross Profit": "39.536", "Operating Expense": "1,017", "Operating Income": "-977.367", "Net Non Operating Interest Income Expense": "-231.552", "Other Income Expense": "0.528", "Pretax Income": "-1,208", "Net Income Common Stockholders": "-1,208", "Diluted NI Available to Com Stockholders": "-1,208", "Basic EPS": "-0.03", "Diluted EPS": "-0.03", "Basic Average Shares": "36,381", "Diluted Average Shares": "36,381", "Total Operating Income as Reported": "-977.367", "Total Expenses": "1,029", "Interest Income": "0.036", "Interest Expense": "231.588", "Net Interest Income": "-231.552", "Net Income from Continuing & Discontinued Operation": "-1,208", "Normalized Income": "-1,208", "EBIT": "-976.803", "EBITDA": "-", "Reconciled Cost of Revenue": "12.279", "Reconciled Depreciation": "19.496", "Net Income from Continuing Operation Net Minority Interest": "-1,208", "Normalized EBITDA": "-957.307", "Tax Rate for Calcs": "0", "Tax Effect of Unusual Items": "0"}, "12/31/2018": {"Duration": "12/31/2018", "Total Revenue": "194.681", "Cost of Revenue": "45.495", "Gross Profit": "149.186", "Operating Expense": "877.531", "Operating Income": "-728.345", "Net Non Operating Interest Income Expense": "-214.133", "Other Income Expense": "10.076", "Pretax Income": "-932.402", "Net Income Common Stockholders": "-932.402", "Diluted NI Available to Com Stockholders": "-932.402", "Basic EPS": "-0.03", "Diluted EPS": "-0.03", "Basic Average Shares": "35,951", "Diluted Average Shares": "35,951", "Total Operating Income as Reported": "-728.345", "Total Expenses": "923.026", "Interest Income": "0.049", "Interest Expense": "214.182", "Net Interest Income": "-214.133", "Net Income from Continuing & Discontinued Operation": "-932.402", "Normalized Income": "-932.402", "EBIT": "-718.22", "EBITDA": "-", "Reconciled Cost of Revenue": "45.495", "Reconciled Depreciation": "7.898", "Net Income from Continuing Operation Net Minority Interest": "-932.402", "Normalized EBITDA": "-710.322", "Tax Rate for Calcs": "0", "Tax Effect of Unusual Items": "0"}}, "bs": {"12/31/2020": {"Duration": "12/31/2020", "Total Assets": "374.97", "Total Liabilities Net Minority Interest": "9,960", "Total Equity Gross Minority Interest": "-9,585", "Total Capitalization": "-9,512", "Common Stock Equity": "-9,585", "Net Tangible Assets": "-9,710", "Working Capital": "-9,676", "Invested Capital": "-6,455", "Tangible Book Value": "-9,710", "Total Debt": "3,131", "Net Debt": "3,044", "Share Issued": "36,381", "Ordinary Shares Number": "36,381"}, "12/31/2019": {"Duration": "12/31/2019", "Total Assets": "277.538", "Total Liabilities Net Minority Interest": "8,751", "Total Equity Gross Minority Interest": "-8,473", "Total Capitalization": "-8,473", "Common Stock Equity": "-8,473", "Net Tangible Assets": "-8,613", "Working Capital": "-8,652", "Invested Capital": "-6,041", "Tangible Book Value": "-8,613", "Total Debt": "2,433", "Net Debt": "2,413", "Share Issued": "36,381", "Ordinary Shares Number": "36,381"}, "12/31/2018": {"Duration": "12/31/2018", "Total Assets": "318.444", "Total Liabilities Net Minority Interest": "7,583", "Total Equity Gross Minority Interest": "-7,265", "Total Capitalization": "-7,265", "Common Stock Equity": "-7,265", "Net Tangible Assets": "-7,424", "Working Capital": "-7,460", "Invested Capital": "-5,402", "Tangible Book Value": "-7,424", "Total Debt": "1,863", "Net Debt": "1,851", "Share Issued": "36,381", "Ordinary Shares Number": "36,381"}}, "cf": {"TTM": {"Duration": "TTM", "Operating Cash Flow": "-628.46", "Investing Cash Flow": "-0.4", "Financing Cash Flow": "695.804", "End Cash Position": "86.82", "Income Tax Paid Supplemental Data": "-", "Interest Paid Supplemental Data": "-", "Capital Expenditure": "-0.4", "Issuance of Capital Stock": "-", "Issuance of Debt": "698.1", "Free Cash Flow": "-628.86"}, "12/31/2020": {"Duration": "12/31/2020", "Operating Cash Flow": "-628.46", "Investing Cash Flow": "-0.4", "Financing Cash Flow": "695.804", "End Cash Position": "86.82", "Income Tax Paid Supplemental Data": "-", "Interest Paid Supplemental Data": "-", "Capital Expenditure": "-0.4", "Issuance of Capital Stock": "-", "Issuance of Debt": "698.1", "Free Cash Flow": "-628.86"}, "12/31/2019": {"Duration": "12/31/2019", "Operating Cash Flow": "-560.21", "Investing Cash Flow": "-", "Financing Cash Flow": "568.235", "End Cash Position": "19.876", "Income Tax Paid Supplemental Data": "-", "Interest Paid Supplemental Data": "0", "Capital Expenditure": "-", "Issuance of Capital Stock": "-", "Issuance of Debt": "570", "Free Cash Flow": "-560.21"}, "12/31/2018": {"Duration": "12/31/2018", "Operating Cash Flow": "-503.622", "Investing Cash Flow": "0", "Financing Cash Flow": "496.1", "End Cash Position": "11.851", "Income Tax Paid Supplemental Data": "-", "Interest Paid Supplemental Data": "6.567", "Capital Expenditure": "-", "Issuance of Capital Stock": "0", "Issuance of Debt": "445", "Free Cash Flow": "-503.622"}}}}, {"IFF": {"quote": {"05/12/2021": {"value": "135.29", "Market Cap": "33.676B", "Beta (5Y Monthly)": "0.97", "PE Ratio (TTM)": "96.70", "EPS (TTM)": "1.40", "Earnings Date": "Aug 09, 2021 - Aug 13, 2021", "Forward Dividend & Yield": "3.08 (2.22%)", "Ex-Dividend Date": "Jun 24, 2021", "1y Target Est": "157.29"}}, "fin": {"TTM": {"Duration": "TTM", "Total Revenue": "5,084,239", "Cost of Revenue": "2,998,373", "Gross Profit": "2,085,866", "Operating Expense": "1,498,303", "Operating Income": "587,563", "Net Non Operating Interest Income Expense": "-131,802", "Other Income Expense": "-14,390", "Pretax Income": "441,371", "Tax Provision": "73,999", "Net Income Common Stockholders": "365,031", "Diluted NI Available to Com Stockholders": "365,031", "Basic EPS": "-", "Diluted EPS": "-", "Basic Average Shares": "-", "Diluted Average Shares": "-", "Total Operating Income as Reported": "566,484", "Total Expenses": "4,496,676", "Net Income from Continuing & Discontinued Operation": "365,031", "Normalized Income": "382,569", "Interest Expense": "131,802", "Net Interest Income": "-131,802", "EBIT": "573,173", "EBITDA": "898,533", "Reconciled Cost of Revenue": "2,865,620", "Reconciled Depreciation": "325,360", "Net Income from Continuing Operation Net Minority Interest": "365,031", "Total Unusual Items Excluding Goodwill": "-21,079", "Total Unusual Items": "-21,079", "Normalized EBITDA": "919,612", "Tax Rate for Calcs": "0", "Tax Effect of Unusual Items": "-3,541"}, "12/31/2020": {"Duration": "12/31/2020", "Total Revenue": "5,084,239", "Cost of Revenue": "2,998,373", "Gross Profit": "2,085,866", "Operating Expense": "1,498,303", "Operating Income": "587,563", "Net Non Operating Interest Income Expense": "-131,802", "Other Income Expense": "-14,390", "Pretax Income": "441,371", "Tax Provision": "73,999", "Net Income Common Stockholders": "365,031", "Diluted NI Available to Com Stockholders": "365,031", "Basic EPS": "-", "Diluted EPS": "-", "Basic Average Shares": "-", "Diluted Average Shares": "-", "Total Operating Income as Reported": "566,484", "Total Expenses": "4,496,676", "Net Income from Continuing & Discontinued Operation": "365,031", "Normalized Income": "382,569", "Interest Expense": "131,802", "Net Interest Income": "-131,802", "EBIT": "573,173", "EBITDA": "-", "Reconciled Cost of Revenue": "2,865,620", "Reconciled Depreciation": "325,360", "Net Income from Continuing Operation Net Minority Interest": "365,031", "Total Unusual Items Excluding Goodwill": "-21,079", "Total Unusual Items": "-21,079", "Normalized EBITDA": "919,612", "Tax Rate for Calcs": "0", "Tax Effect of Unusual Items": "-3,541"}, "12/31/2019": {"Duration": "12/31/2019", "Total Revenue": "5,140,084", "Cost of Revenue": "3,027,336", "Gross Profit": "2,112,748", "Operating Expense": "1,415,346", "Operating Income": "697,402", "Net Non Operating Interest Income Expense": "-138,221", "Other Income Expense": "-1,729", "Pretax Income": "557,452", "Tax Provision": "97,184", "Net Income Common Stockholders": "455,873", "Diluted NI Available to Com Stockholders": "455,873", "Basic EPS": "4.05", "Diluted EPS": "4.00", "Basic Average Shares": "111,966", "Diluted Average Shares": "113,307", "Total Operating Income as Reported": "665,270", "Total Expenses": "4,442,682", "Net Income from Continuing & Discontinued Operation": "455,873", "Normalized Income": "482,414", "Interest Expense": "138,221", "Net Interest Income": "-138,221", "EBIT": "695,673", "EBITDA": "-", "Reconciled Cost of Revenue": "2,897,103", "Reconciled Depreciation": "323,330", "Net Income from Continuing Operation Net Minority Interest": "455,873", "Total Unusual Items Excluding Goodwill": "-32,132", "Total Unusual Items": "-32,132", "Normalized EBITDA": "1,051,135", "Tax Rate for Calcs": "0", "Tax Effect of Unusual Items": "-5,591"}, "12/31/2018": {"Duration": "12/31/2018", "Total Revenue": "3,977,539", "Cost of Revenue": "2,294,832", "Gross Profit": "1,682,707", "Operating Expense": "1,094,923", "Operating Income": "587,784", "Net Non Operating Interest Income Expense": "-132,558", "Other Income Expense": "-7,469", "Pretax Income": "447,757", "Tax Provision": "107,976", "Net Income Common Stockholders": "337,302", "Diluted NI Available to Com Stockholders": "337,302", "Basic EPS": "3.81", "Diluted EPS": "3.79", "Basic Average Shares": "87,551", "Diluted Average Shares": "88,121", "Total Operating Income as Reported": "583,882", "Total Expenses": "3,389,755", "Net Income from Continuing & Discontinued Operation": "337,302", "Normalized Income": "369,720", "Interest Expense": "132,558", "Net Interest Income": "-132,558", "EBIT": "580,315", "EBITDA": "-", "Reconciled Cost of Revenue": "2,196,919", "Reconciled Depreciation": "173,792", "Net Income from Continuing Operation Net Minority Interest": "337,302", "Total Unusual Items Excluding Goodwill": "-42,712", "Total Unusual Items": "-42,712", "Normalized EBITDA": "796,819", "Tax Rate for Calcs": "0", "Tax Effect of Unusual Items": "-10,294"}}, "bs": {"12/31/2020": {"Duration": "12/31/2020", "Total Assets": "13,555,671", "Total Liabilities Net Minority Interest": "7,232,636", "Total Equity Gross Minority Interest": "6,323,035", "Total Capitalization": "10,090,512", "Common Stock Equity": "6,311,153", "Capital Lease Obligations": "43,622", "Net Tangible Assets": "-2,009,274", "Working Capital": "1,156,073", "Invested Capital": "10,724,671", "Tangible Book Value": "-2,009,274", "Total Debt": "4,457,140", "Net Debt": "3,763,977", "Share Issued": "128,526", "Ordinary Shares Number": "106,938", "Treasury Shares Number": "21,588"}, "12/31/2019": {"Duration": "12/31/2019", "Total Assets": "13,287,411", "Total Liabilities Net Minority Interest": "7,057,863", "Total Equity Gross Minority Interest": "6,229,548", "Total Capitalization": "10,214,742", "Common Stock Equity": "6,217,304", "Capital Lease Obligations": "39,675", "Net Tangible Assets": "-2,132,227", "Working Capital": "1,390,354", "Invested Capital": "10,599,700", "Tangible Book Value": "-2,132,227", "Total Debt": "4,422,071", "Net Debt": "3,775,573", "Share Issued": "128,526", "Ordinary Shares Number": "106,787", "Treasury Shares Number": "21,739"}, "12/31/2018": {"Duration": "12/31/2018", "Total Assets": "12,889,395", "Total Liabilities Net Minority Interest": "6,846,021", "Total Equity Gross Minority Interest": "6,043,374", "Total Capitalization": "10,537,368", "Common Stock Equity": "6,032,951", "Capital Lease Obligations": "-", "Net Tangible Assets": "-2,384,759", "Working Capital": "1,813,549", "Invested Capital": "10,586,010", "Tangible Book Value": "-2,384,759", "Total Debt": "4,553,059", "Net Debt": "3,918,162", "Share Issued": "128,526", "Ordinary Shares Number": "106,619", "Treasury Shares Number": "21,907"}}, "cf": {"TTM": {"Duration": "TTM", "Operating Cash Flow": "714,098", "Investing Cash Flow": "-187,463", "Financing Cash Flow": "-511,570", "End Cash Position": "659,872", "Income Tax Paid Supplemental Data": "132,789", "Interest Paid Supplemental Data": "127,553", "Capital Expenditure": "-191,794", "Issuance of Debt": "200,000", "Repayment of Debt": "-347,430", "Repurchase of Capital Stock": "0", "Free Cash Flow": "522,304"}, "12/31/2020": {"Duration": "12/31/2020", "Operating Cash Flow": "714,098", "Investing Cash Flow": "-187,463", "Financing Cash Flow": "-511,570", "End Cash Position": "659,872", "Income Tax Paid Supplemental Data": "132,789", "Interest Paid Supplemental Data": "127,553", "Capital Expenditure": "-191,794", "Issuance of Debt": "200,000", "Repayment of Debt": "-347,430", "Repurchase of Capital Stock": "0", "Free Cash Flow": "522,304"}, "12/31/2019": {"Duration": "12/31/2019", "Operating Cash Flow": "698,965", "Investing Cash Flow": "-225,866", "Financing Cash Flow": "-505,057", "End Cash Position": "623,945", "Income Tax Paid Supplemental Data": "126,172", "Interest Paid Supplemental Data": "133,739", "Capital Expenditure": "-242,048", "Issuance of Debt": "0", "Repayment of Debt": "-156,282", "Repurchase of Capital Stock": "0", "Free Cash Flow": "456,917"}, "12/31/2018": {"Duration": "12/31/2018", "Operating Cash Flow": "437,575", "Investing Cash Flow": "-5,013,235", "Financing Cash Flow": "4,870,703", "End Cash Position": "648,522", "Income Tax Paid Supplemental Data": "116,138", "Interest Paid Supplemental Data": "117,581", "Capital Expenditure": "-173,420", "Issuance of Debt": "3,256,742", "Repayment of Debt": "-377,552", "Repurchase of Capital Stock": "-15,475", "Free Cash Flow": "264,155"}}}}, {"FSI": {"quote": {"05/12/2021": {"value": "3.0500", "Market Cap": "37.553M", "Beta (5Y Monthly)": "1.30", "PE Ratio (TTM)": "12.71", "EPS (TTM)": "0.2400", "Earnings Date": "May 12, 2021 - May 17, 2021", "Forward Dividend & Yield": "N/A (N/A)", "Ex-Dividend Date": "Sep 30, 2019", "1y Target Est": "4.00"}}, "fin": {"TTM": {"Duration": "TTM", "Total Revenue": "31,407", "Cost of Revenue": "21,641", "Gross Profit": "9,766", "Operating Expense": "5,394", "Operating Income": "4,372", "Net Non Operating Interest Income Expense": "-207.556", "Other Income Expense": "1,026", "Pretax Income": "5,191", "Tax Provision": "1,607", "Net Income Common Stockholders": "2,977", "Diluted NI Available to Com Stockholders": "2,977", "Basic EPS": "-", "Diluted EPS": "-", "Basic Average Shares": "-", "Diluted Average Shares": "-", "Total Operating Income as Reported": "4,118", "Rent Expense Supplemental": "453.639", "Total Expenses": "27,035", "Net Income from Continuing & Discontinued Operation": "2,977", "Normalized Income": "2,361", "Interest Income": "53.101", "Interest Expense": "260.657", "Net Interest Income": "-207.556", "EBIT": "5,452", "EBITDA": "6,635", "Reconciled Cost of Revenue": "21,641", "Reconciled Depreciation": "1,183", "Net Income from Continuing Operation Net Minority Interest": "2,977", "Total Unusual Items Excluding Goodwill": "892.722", "Total Unusual Items": "892.722", "Normalized EBITDA": "5,742", "Tax Rate for Calcs": "0", "Tax Effect of Unusual Items": "276.4409"}, "12/31/2020": {"Duration": "12/31/2020", "Total Revenue": "31,407", "Cost of Revenue": "21,641", "Gross Profit": "9,766", "Operating Expense": "5,394", "Operating Income": "4,372", "Net Non Operating Interest Income Expense": "-207.556", "Other Income Expense": "1,026", "Pretax Income": "5,191", "Tax Provision": "1,607", "Net Income Common Stockholders": "2,977", "Diluted NI Available to Com Stockholders": "2,977", "Basic EPS": "-", "Diluted EPS": "-", "Basic Average Shares": "-", "Diluted Average Shares": "-", "Total Operating Income as Reported": "4,118", "Rent Expense Supplemental": "453.639", "Total Expenses": "27,035", "Net Income from Continuing & Discontinued Operation": "2,977", "Normalized Income": "2,361", "Interest Income": "53.101", "Interest Expense": "260.657", "Net Interest Income": "-207.556", "EBIT": "5,452", "EBITDA": "-", "Reconciled Cost of Revenue": "21,641", "Reconciled Depreciation": "1,183", "Net Income from Continuing Operation Net Minority Interest": "2,977", "Total Unusual Items Excluding Goodwill": "892.722", "Total Unusual Items": "892.722", "Normalized EBITDA": "5,742", "Tax Rate for Calcs": "0", "Tax Effect of Unusual Items": "276.4409"}, "12/31/2019": {"Duration": "12/31/2019", "Total Revenue": "27,440", "Cost of Revenue": "18,820", "Gross Profit": "8,621", "Operating Expense": "5,865", "Operating Income": "2,755", "Net Non Operating Interest Income Expense": "-347.64", "Other Income Expense": "-92.81", "Pretax Income": "2,315", "Tax Provision": "17.436", "Net Income Common Stockholders": "1,912", "Diluted NI Available to Com Stockholders": "1,912", "Basic EPS": "0.16", "Diluted EPS": "0.16", "Basic Average Shares": "11,946", "Diluted Average Shares": "12,086", "Total Operating Income as Reported": "1,908", "Rent Expense Supplemental": "462.193", "Total Expenses": "24,685", "Net Income from Continuing & Discontinued Operation": "1,912", "Normalized Income": "2,005", "Interest Income": "80.731", "Interest Expense": "428.371", "Net Interest Income": "-347.64", "EBIT": "2,743", "EBITDA": "-", "Reconciled Cost of Revenue": "18,820", "Reconciled Depreciation": "620.264", "Net Income from Continuing Operation Net Minority Interest": "1,912", "Total Unusual Items Excluding Goodwill": "-92.81", "Total Unusual Items": "-92.81", "Normalized EBITDA": "3,456", "Tax Rate for Calcs": "0", "Tax Effect of Unusual Items": "-0.6991"}, "12/31/2018": {"Duration": "12/31/2018", "Total Revenue": "17,830", "Cost of Revenue": "12,193", "Gross Profit": "5,637", "Operating Expense": "4,682", "Operating Income": "955.234", "Net Non Operating Interest Income Expense": "-56.81", "Other Income Expense": "2,156", "Pretax Income": "3,055", "Tax Provision": "633.13", "Net Income Common Stockholders": "2,490", "Diluted NI Available to Com Stockholders": "2,490", "Basic EPS": "0.21", "Diluted EPS": "0.21", "Basic Average Shares": "11,630", "Diluted Average Shares": "11,816", "Total Operating Income as Reported": "1,307", "Rent Expense Supplemental": "249.051", "Total Expenses": "16,874", "Net Income from Continuing & Discontinued Operation": "2,490", "Normalized Income": "780.7728", "Interest Income": "36.843", "Interest Expense": "93.653", "Net Interest Income": "-56.81", "EBIT": "3,149", "EBITDA": "-", "Reconciled Cost of Revenue": "12,193", "Reconciled Depreciation": "342.561", "Net Income from Continuing Operation Net Minority Interest": "2,490", "Total Unusual Items Excluding Goodwill": "2,156", "Total Unusual Items": "2,156", "Normalized EBITDA": "1,335", "Tax Rate for Calcs": "0", "Tax Effect of Unusual Items": "446.9278"}}, "bs": {"12/31/2020": {"Duration": "12/31/2020", "Total Assets": "35,087", "Total Liabilities Net Minority Interest": "11,319", "Total Equity Gross Minority Interest": "23,768", "Total Capitalization": "24,205", "Common Stock Equity": "21,207", "Capital Lease Obligations": "483.113", "Net Tangible Assets": "15,866", "Working Capital": "11,146", "Invested Capital": "27,170", "Tangible Book Value": "15,866", "Total Debt": "6,447", "Net Debt": "2,491", "Share Issued": "12,261", "Ordinary Shares Number": "12,261"}, "12/31/2019": {"Duration": "12/31/2019", "Total Assets": "32,380", "Total Liabilities Net Minority Interest": "11,919", "Total Equity Gross Minority Interest": "20,461", "Total Capitalization": "21,595", "Common Stock Equity": "17,911", "Capital Lease Obligations": "789.205", "Net Tangible Assets": "12,378", "Working Capital": "10,713", "Invested Capital": "25,182", "Tangible Book Value": "12,378", "Total Debt": "8,060", "Net Debt": "3,636", "Share Issued": "12,216", "Ordinary Shares Number": "12,216"}, "12/31/2018": {"Duration": "12/31/2018", "Total Assets": "31,196", "Total Liabilities Net Minority Interest": "11,675", "Total Equity Gross Minority Interest": "19,522", "Total Capitalization": "21,640", "Common Stock Equity": "17,059", "Capital Lease Obligations": "-", "Net Tangible Assets": "11,334", "Working Capital": "15,104", "Invested Capital": "25,209", "Tangible Book Value": "11,334", "Total Debt": "8,150", "Net Debt": "291.938", "Share Issued": "11,700", "Ordinary Shares Number": "11,700"}}, "cf": {"TTM": {"Duration": "TTM", "Operating Cash Flow": "5,705", "Investing Cash Flow": "-3,215", "Financing Cash Flow": "-2,697", "End Cash Position": "-", "Income Tax Paid Supplemental Data": "464.026", "Interest Paid Supplemental Data": "260.657", "Capital Expenditure": "-1,071", "Issuance of Capital Stock": "39.75", "Issuance of Debt": "3,413", "Repayment of Debt": "-5,555", "Repurchase of Capital Stock": "-", "Free Cash Flow": "4,634"}, "12/31/2020": {"Duration": "12/31/2020", "Operating Cash Flow": "5,705", "Investing Cash Flow": "-3,215", "Financing Cash Flow": "-2,697", "End Cash Position": "-", "Income Tax Paid Supplemental Data": "464.026", "Interest Paid Supplemental Data": "260.657", "Capital Expenditure": "-1,071", "Issuance of Capital Stock": "39.75", "Issuance of Debt": "3,413", "Repayment of Debt": "-5,555", "Repurchase of Capital Stock": "-", "Free Cash Flow": "4,634"}, "12/31/2019": {"Duration": "12/31/2019", "Operating Cash Flow": "2,370", "Investing Cash Flow": "-2,667", "Financing Cash Flow": "-3,088", "End Cash Position": "4,635", "Income Tax Paid Supplemental Data": "207.501", "Interest Paid Supplemental Data": "429.789", "Capital Expenditure": "-1,831", "Issuance of Capital Stock": "363.26", "Issuance of Debt": "1,100", "Repayment of Debt": "-1,856", "Repurchase of Capital Stock": "-", "Free Cash Flow": "538.631"}, "12/31/2018": {"Duration": "12/31/2018", "Operating Cash Flow": "-2,162", "Investing Cash Flow": "-2,557", "Financing Cash Flow": "-6,128", "End Cash Position": "7,858", "Income Tax Paid Supplemental Data": "288.653", "Interest Paid Supplemental Data": "94.775", "Capital Expenditure": "-180.83", "Issuance of Capital Stock": "102.36", "Issuance of Debt": "6,255", "Repayment of Debt": "-", "Repurchase of Capital Stock": "-", "Free Cash Flow": "-2,342"}}}}, {"GPRE": {"quote": {"05/12/2021": {"value": "27.23", "Market Cap": "1.215B", "Beta (5Y Monthly)": "1.71", "PE Ratio (TTM)": "N/A", "EPS (TTM)": "-2.79", "Earnings Date": "Aug 02, 2021 - Aug 06, 2021", "Forward Dividend & Yield": "N/A (N/A)", "Ex-Dividend Date": "May 23, 2019", "1y Target Est": "40.29"}}, "fin": {"TTM": {"Duration": "TTM", "Total Revenue": "1,844,490", "Cost of Revenue": "1,704,168", "Gross Profit": "140,322", "Operating Expense": "193,376", "Operating Income": "-53,054", "Net Non Operating Interest Income Expense": "-61,879", "Other Income Expense": "16,107", "Pretax Income": "-98,826", "Tax Provision": "-4,238", "Earnings from Equity Interest Net of Tax": "13,302", "Net Income Common Stockholders": "-98,875", "Average Dilution Earnings": "-", "Diluted NI Available to Com Stockholders": "-98,875", "Basic EPS": "-", "Diluted EPS": "-", "Basic Average Shares": "-", "Diluted Average Shares": "-", "Total Operating Income as Reported": "-37,021", "Total Expenses": "1,897,544", "Net Income from Continuing & Discontinued Operation": "-98,875", "Normalized Income": "-114,220", "Interest Income": "96", "Interest Expense": "61,975", "Net Interest Income": "-61,879", "EBIT": "-36,851", "EBITDA": "43,994", "Reconciled Cost of Revenue": "1,704,168", "Reconciled Depreciation": "80,845", "Net Income from Continuing Operation Net Minority Interest": "-98,875", "Total Unusual Items Excluding Goodwill": "16,033", "Total Unusual Items": "16,033", "Normalized EBITDA": "27,961", "Tax Rate for Calcs": "0", "Tax Effect of Unusual Items": "687.5504"}, "12/31/2020": {"Duration": "12/31/2020", "Total Revenue": "1,923,719", "Cost of Revenue": "1,812,163", "Gross Profit": "111,556", "Operating Expense": "189,301", "Operating Income": "-77,745", "Net Non Operating Interest Income Expense": "-39,334", "Other Income Expense": "-44,051", "Pretax Income": "-161,130", "Tax Provision": "-50,383", "Earnings from Equity Interest Net of Tax": "21,093", "Net Income Common Stockholders": "-108,775", "Average Dilution Earnings": "-", "Diluted NI Available to Com Stockholders": "-108,775", "Basic EPS": "-", "Diluted EPS": "-", "Basic Average Shares": "-", "Diluted Average Shares": "-", "Total Operating Income as Reported": "-122,696", "Total Expenses": "2,001,464", "Net Income from Continuing & Discontinued Operation": "-108,775", "Normalized Income": "-77,880", "Interest Income": "659", "Interest Expense": "39,993", "Net Interest Income": "-39,334", "EBIT": "-121,137", "EBITDA": "-", "Reconciled Cost of Revenue": "1,812,163", "Reconciled Depreciation": "78,244", "Net Income from Continuing Operation Net Minority Interest": "-108,775", "Total Unusual Items Excluding Goodwill": "-44,951", "Total Unusual Items": "-44,951", "Normalized EBITDA": "2,058", "Tax Rate for Calcs": "0", "Tax Effect of Unusual Items": "-14,056"}, "12/31/2019": {"Duration": "12/31/2019", "Total Revenue": "2,417,238", "Cost of Revenue": "2,384,947", "Gross Profit": "32,291", "Operating Expense": "174,861", "Operating Income": "-142,570", "Net Non Operating Interest Income Expense": "-35,867", "Other Income Expense": "5,495", "Pretax Income": "-172,942", "Tax Provision": "-21,316", "Earnings from Equity Interest Net of Tax": "2,797", "Net Income Common Stockholders": "-166,860", "Average Dilution Earnings": "-", "Diluted NI Available to Com Stockholders": "-166,860", "Basic EPS": "-4.38", "Diluted EPS": "-4.38", "Basic Average Shares": "38,111", "Diluted Average Shares": "38,111", "Total Operating Income as Reported": "-142,570", "Total Expenses": "2,559,808", "Net Income from Continuing & Discontinued Operation": "-166,860", "Normalized Income": "-167,689", "Interest Income": "4,333", "Interest Expense": "40,200", "Net Interest Income": "-35,867", "EBIT": "-132,742", "EBITDA": "-", "Reconciled Cost of Revenue": "2,384,947", "Reconciled Depreciation": "72,127", "Net Income from Continuing Operation Net Minority Interest": "-167,689", "Total Unusual Items Excluding Goodwill": "0", "Total Unusual Items": "0", "Normalized EBITDA": "-60,615", "Tax Rate for Calcs": "0", "Tax Effect of Unusual Items": "0"}, "12/31/2018": {"Duration": "12/31/2018", "Total Revenue": "3,843,353", "Cost of Revenue": "3,627,633", "Gross Profit": "215,720", "Operating Expense": "250,341", "Operating Income": "-34,621", "Net Non Operating Interest Income Expense": "-97,917", "Other Income Expense": "152,546", "Pretax Income": "20,008", "Tax Provision": "-16,726", "Earnings from Equity Interest Net of Tax": "-", "Net Income Common Stockholders": "15,923", "Average Dilution Earnings": "-", "Diluted NI Available to Com Stockholders": "15,923", "Basic EPS": "0.39", "Diluted EPS": "0.39", "Basic Average Shares": "40,320", "Diluted Average Shares": "41,254", "Total Operating Income as Reported": "115,730", "Total Expenses": "3,877,974", "Net Income from Continuing & Discontinued Operation": "15,923", "Normalized Income": "-93,833", "Interest Income": "3,108", "Interest Expense": "101,025", "Net Interest Income": "-97,917", "EBIT": "121,033", "EBITDA": "-", "Reconciled Cost of Revenue": "3,627,633", "Reconciled Depreciation": "103,619", "Net Income from Continuing Operation Net Minority Interest": "15,923", "Total Unusual Items Excluding Goodwill": "150,351", "Total Unusual Items": "150,351", "Normalized EBITDA": "74,301", "Tax Rate for Calcs": "0", "Tax Effect of Unusual Items": "40,595"}}, "bs": {"12/31/2020": {"Duration": "12/31/2020", "Total Assets": "1,578,917", "Total Liabilities Net Minority Interest": "802,253", "Total Equity Gross Minority Interest": "776,664", "Total Capitalization": "934,151", "Common Stock Equity": "646,852", "Capital Lease Obligations": "64,451", "Net Tangible Assets": "646,852", "Working Capital": "189,797", "Invested Capital": "1,173,011", "Tangible Book Value": "646,852", "Total Debt": "590,610", "Net Debt": "292,299", "Share Issued": "47,471", "Ordinary Shares Number": "35,657", "Treasury Shares Number": "11,813"}, "12/31/2019": {"Duration": "12/31/2019", "Total Assets": "1,698,218", "Total Liabilities Net Minority Interest": "832,932", "Total Equity Gross Minority Interest": "865,286", "Total Capitalization": "995,895", "Common Stock Equity": "751,905", "Capital Lease Obligations": "54,940", "Net Tangible Assets": "751,905", "Working Capital": "126,122", "Invested Capital": "1,316,262", "Tangible Book Value": "751,905", "Total Debt": "619,297", "Net Debt": "318,380", "Share Issued": "46,964", "Ordinary Shares Number": "36,032", "Treasury Shares Number": "10,932"}, "12/31/2018": {"Duration": "12/31/2018", "Total Assets": "2,216,432", "Total Liabilities Net Minority Interest": "1,153,443", "Total Equity Gross Minority Interest": "1,062,989", "Total Capitalization": "1,245,009", "Common Stock Equity": "946,819", "Capital Lease Obligations": "-", "Net Tangible Assets": "912,130", "Working Capital": "372,942", "Invested Capital": "1,838,059", "Tangible Book Value": "912,130", "Total Debt": "891,240", "Net Debt": "639,557", "Share Issued": "46,638", "Ordinary Shares Number": "41,102", "Treasury Shares Number": "5,536"}}, "cf": {"TTM": {"Duration": "TTM", "Operating Cash Flow": "45,376", "Investing Cash Flow": "74,090", "Financing Cash Flow": "329,436", "End Cash Position": "654,426", "Interest Paid Supplemental Data": "-", "Capital Expenditure": "-103,311", "Issuance of Capital Stock": "-", "Issuance of Debt": "1,824,159", "Repayment of Debt": "-1,641,815", "Repurchase of Capital Stock": "0", "Free Cash Flow": "-57,935"}, "12/31/2020": {"Duration": "12/31/2020", "Operating Cash Flow": "98,895", "Investing Cash Flow": "-11,452", "Financing Cash Flow": "-82,529", "End Cash Position": "274,810", "Interest Paid Supplemental Data": "23,300", "Capital Expenditure": "-110,579", "Issuance of Capital Stock": "-", "Issuance of Debt": "2,425,258", "Repayment of Debt": "-2,481,472", "Repurchase of Capital Stock": "-11,479", "Free Cash Flow": "-11,684"}, "12/31/2019": {"Duration": "12/31/2019", "Operating Cash Flow": "-9,532", "Investing Cash Flow": "30,644", "Financing Cash Flow": "-69,411", "End Cash Position": "269,896", "Interest Paid Supplemental Data": "-", "Capital Expenditure": "-75,481", "Issuance of Capital Stock": "-", "Issuance of Debt": "2,959,909", "Repayment of Debt": "-2,886,207", "Repurchase of Capital Stock": "-61,646", "Free Cash Flow": "-85,013"}, "12/31/2018": {"Duration": "12/31/2018", "Operating Cash Flow": "38,967", "Investing Cash Flow": "507,465", "Financing Cash Flow": "-540,597", "End Cash Position": "318,195", "Interest Paid Supplemental Data": "73,145", "Capital Expenditure": "-44,187", "Issuance of Capital Stock": "-", "Issuance of Debt": "3,980,325", "Repayment of Debt": "-4,468,865", "Repurchase of Capital Stock": "-2,978", "Free Cash Flow": "-5,220"}}}}, {"GURE": {"quote": {"05/12/2021": {"value": "6.11", "Market Cap": "61.085M", "Beta (5Y Monthly)": "0.56", "PE Ratio (TTM)": "N/A", "EPS (TTM)": "-0.87", "Earnings Date": "Apr 09, 2021", "Forward Dividend & Yield": "N/A (N/A)", "Ex-Dividend Date": "N/A", "1y Target Est": "N/A"}}, "fin": {"TTM": {"Duration": "TTM", "Total Revenue": "28,207", "Cost of Revenue": "19,415", "Gross Profit": "8,792", "Operating Expense": "10,305", "Operating Income": "-1,513", "Net Non Operating Interest Income Expense": "154.877", "Other Income Expense": "-8,170", "Pretax Income": "-9,529", "Tax Provision": "-1,108", "Net Income Common Stockholders": "-8,420", "Diluted NI Available to Com Stockholders": "-8,420", "Basic EPS": "-", "Diluted EPS": "-", "Basic Average Shares": "-", "Diluted Average Shares": "-", "Total Operating Income as Reported": "-9,683", "Total Expenses": "29,720", "Net Income from Continuing & Discontinued Operation": "-8,420", "Normalized Income": "-1,230", "Interest Income": "291.307", "Interest Expense": "136.43", "Net Interest Income": "154.877", "EBIT": "-9,392", "EBITDA": "6,596", "Reconciled Cost of Revenue": "19,415", "Reconciled Depreciation": "15,988", "Net Income from Continuing Operation Net Minority Interest": "-8,420", "Total Unusual Items Excluding Goodwill": "-8,170", "Total Unusual Items": "-8,170", "Normalized EBITDA": "14,766", "Tax Rate for Calcs": "0", "Tax Effect of Unusual Items": "-980.4468"}, "12/31/2020": {"Duration": "12/31/2020", "Total Revenue": "28,207", "Cost of Revenue": "19,415", "Gross Profit": "8,792", "Operating Expense": "10,305", "Operating Income": "-1,513", "Net Non Operating Interest Income Expense": "154.877", "Other Income Expense": "-8,170", "Pretax Income": "-9,529", "Tax Provision": "-1,108", "Net Income Common Stockholders": "-8,420", "Diluted NI Available to Com Stockholders": "-8,420", "Basic EPS": "-", "Diluted EPS": "-", "Basic Average Shares": "-", "Diluted Average Shares": "-", "Total Operating Income as Reported": "-9,683", "Total Expenses": "29,720", "Net Income from Continuing & Discontinued Operation": "-8,420", "Normalized Income": "-1,230", "Interest Income": "291.307", "Interest Expense": "136.43", "Net Interest Income": "154.877", "EBIT": "-9,392", "EBITDA": "-", "Reconciled Cost of Revenue": "19,415", "Reconciled Depreciation": "15,988", "Net Income from Continuing Operation Net Minority Interest": "-8,420", "Total Unusual Items Excluding Goodwill": "-8,170", "Total Unusual Items": "-8,170", "Normalized EBITDA": "14,766", "Tax Rate for Calcs": "0", "Tax Effect of Unusual Items": "-980.4468"}, "12/31/2019": {"Duration": "12/31/2019", "Total Revenue": "10,597", "Cost of Revenue": "5,430", "Gross Profit": "5,166", "Operating Expense": "13,285", "Operating Income": "-8,119", "Net Non Operating Interest Income Expense": "301.325", "Other Income Expense": "-15,175", "Pretax Income": "-22,993", "Tax Provision": "2,807", "Net Income Common Stockholders": "-25,800", "Diluted NI Available to Com Stockholders": "-25,800", "Basic EPS": "-2.73", "Diluted EPS": "-2.73", "Basic Average Shares": "9,465", "Diluted Average Shares": "9,465", "Total Operating Income as Reported": "-23,294", "Total Expenses": "18,716", "Net Income from Continuing & Discontinued Operation": "-25,800", "Normalized Income": "-14,419", "Interest Income": "446.77", "Interest Expense": "145.445", "Net Interest Income": "301.325", "EBIT": "-22,848", "EBITDA": "-", "Reconciled Cost of Revenue": "5,430", "Reconciled Depreciation": "14,061", "Net Income from Continuing Operation Net Minority Interest": "-25,800", "Total Unusual Items Excluding Goodwill": "-15,175", "Total Unusual Items": "-15,175", "Normalized EBITDA": "6,389", "Tax Rate for Calcs": "0", "Tax Effect of Unusual Items": "-3,794"}, "12/31/2018": {"Duration": "12/31/2018", "Total Revenue": "2,595", "Cost of Revenue": "1,310", "Gross Profit": "1,285", "Operating Expense": "11,743", "Operating Income": "-10,458", "Net Non Operating Interest Income Expense": "500.69", "Other Income Expense": "-73,094", "Pretax Income": "-83,052", "Tax Provision": "-13,088", "Net Income Common Stockholders": "-69,964", "Diluted NI Available to Com Stockholders": "-69,964", "Basic EPS": "-7.45", "Diluted EPS": "-7.45", "Basic Average Shares": "9,361", "Diluted Average Shares": "9,361", "Total Operating Income as Reported": "-83,553", "Total Expenses": "13,053", "Net Income from Continuing & Discontinued Operation": "-69,964", "Normalized Income": "-8,565", "Interest Income": "661.112", "Interest Expense": "160.422", "Net Interest Income": "500.69", "EBIT": "-82,891", "EBITDA": "-", "Reconciled Cost of Revenue": "1,310", "Reconciled Depreciation": "18,205", "Net Income from Continuing Operation Net Minority Interest": "-69,964", "Total Unusual Items Excluding Goodwill": "-73,094", "Total Unusual Items": "-73,094", "Normalized EBITDA": "8,408", "Tax Rate for Calcs": "0", "Tax Effect of Unusual Items": "-11,695"}}, "bs": {"12/31/2020": {"Duration": "12/31/2020", "Total Assets": "294,038", "Total Liabilities Net Minority Interest": "17,014", "Total Equity Gross Minority Interest": "277,024", "Total Capitalization": "277,024", "Common Stock Equity": "277,024", "Capital Lease Obligations": "10,606", "Net Tangible Assets": "266,890", "Working Capital": "100,209", "Invested Capital": "277,024", "Tangible Book Value": "266,890", "Total Debt": "10,606", "Share Issued": "10,043", "Ordinary Shares Number": "9,997", "Treasury Shares Number": "45.83"}, "12/31/2019": {"Duration": "12/31/2019", "Total Assets": "279,251", "Total Liabilities Net Minority Interest": "16,144", "Total Equity Gross Minority Interest": "263,107", "Total Capitalization": "263,107", "Common Stock Equity": "263,107", "Capital Lease Obligations": "10,453", "Net Tangible Assets": "253,992", "Working Capital": "100,896", "Invested Capital": "263,107", "Tangible Book Value": "253,992", "Total Debt": "10,453", "Share Issued": "9,563", "Ordinary Shares Number": "9,517", "Treasury Shares Number": "45.83"}, "12/31/2018": {"Duration": "12/31/2018", "Total Assets": "298,547", "Total Liabilities Net Minority Interest": "4,693", "Total Equity Gross Minority Interest": "293,853", "Total Capitalization": "293,853", "Common Stock Equity": "293,853", "Capital Lease Obligations": "2,267", "Net Tangible Assets": "284,214", "Working Capital": "184,720", "Invested Capital": "293,853", "Tangible Book Value": "284,214", "Total Debt": "2,267", "Share Issued": "9,411", "Ordinary Shares Number": "9,361", "Treasury Shares Number": "49.829"}}, "cf": {"TTM": {"Duration": "TTM", "Operating Cash Flow": "9,306", "Investing Cash Flow": "-21,719", "Financing Cash Flow": "-264.976", "End Cash Position": "94,223", "Income Tax Paid Supplemental Data": "0", "Capital Expenditure": "-21,719", "Repayment of Debt": "-264.976", "Free Cash Flow": "-12,414"}, "12/31/2020": {"Duration": "12/31/2020", "Operating Cash Flow": "9,306", "Investing Cash Flow": "-21,719", "Financing Cash Flow": "-264.976", "End Cash Position": "94,223", "Income Tax Paid Supplemental Data": "0", "Capital Expenditure": "-21,719", "Repayment of Debt": "-264.976", "Free Cash Flow": "-12,414"}, "12/31/2019": {"Duration": "12/31/2019", "Operating Cash Flow": "-15,309", "Investing Cash Flow": "-60,612", "Financing Cash Flow": "-275.509", "End Cash Position": "100,302", "Income Tax Paid Supplemental Data": "0", "Capital Expenditure": "-60,612", "Repayment of Debt": "-275.509", "Free Cash Flow": "-75,921"}, "12/31/2018": {"Duration": "12/31/2018", "Operating Cash Flow": "17,341", "Investing Cash Flow": "-35,954", "Financing Cash Flow": "-294.295", "End Cash Position": "178,999", "Income Tax Paid Supplemental Data": "0", "Capital Expenditure": "-35,954", "Repayment of Debt": "-294.295", "Free Cash Flow": "-18,614"}}}}, {"HWKN": {"quote": {"05/12/2021": {"value": "32.01", "Market Cap": "679.319M", "Beta (5Y Monthly)": "0.84", "PE Ratio (TTM)": "18.61", "EPS (TTM)": "1.72", "Earnings Date": "May 18, 2021 - May 24, 2021", "Forward Dividend & Yield": "0.49 (1.46%)", "Ex-Dividend Date": "Feb 11, 2021", "1y Target Est": "44.00"}}, "fin": {"TTM": {"Duration": "TTM", "Total Revenue": "566,313", "Cost of Revenue": "451,653", "Gross Profit": "114,660", "Operating Expense": "63,900", "Operating Income": "50,760", "Net Non Operating Interest Income Expense": "-1,599", "Other Income Expense": "804", "Pretax Income": "49,965", "Tax Provision": "13,303", "Net Income Common Stockholders": "36,662", "Diluted NI Available to Com Stockholders": "36,662", "Basic EPS": "-", "Diluted EPS": "-", "Basic Average Shares": "-", "Diluted Average Shares": "-", "Total Operating Income as Reported": "50,760", "Total Expenses": "515,553", "Net Income from Continuing & Discontinued Operation": "36,662", "Normalized Income": "36,662", "Interest Expense": "1,599", "Net Interest Income": "-1,599", "EBIT": "51,564", "EBITDA": "73,702", "Reconciled Cost of Revenue": "451,653", "Reconciled Depreciation": "22,138", "Net Income from Continuing Operation Net Minority Interest": "36,662", "Total Unusual Items Excluding Goodwill": "-", "Total Unusual Items": "-", "Normalized EBITDA": "73,702", "Tax Rate for Calcs": "0", "Tax Effect of Unusual Items": "0"}, "3/31/2020": {"Duration": "3/31/2020", "Total Revenue": "540,198", "Cost of Revenue": "439,281", "Gross Profit": "100,917", "Operating Expense": "59,246", "Operating Income": "41,671", "Net Non Operating Interest Income Expense": "-2,511", "Other Income Expense": "-204", "Pretax Income": "38,956", "Tax Provision": "10,589", "Net Income Common Stockholders": "28,367", "Diluted NI Available to Com Stockholders": "28,367", "Basic EPS": "1.34", "Diluted EPS": "1.33", "Basic Average Shares": "21,160", "Diluted Average Shares": "21,309", "Total Operating Income as Reported": "41,671", "Total Expenses": "498,527", "Net Income from Continuing & Discontinued Operation": "28,367", "Normalized Income": "28,367", "Interest Expense": "2,511", "Net Interest Income": "-2,511", "EBIT": "41,467", "EBITDA": "-", "Reconciled Cost of Revenue": "439,281", "Reconciled Depreciation": "21,584", "Net Income from Continuing Operation Net Minority Interest": "28,367", "Total Unusual Items Excluding Goodwill": "0", "Total Unusual Items": "0", "Normalized EBITDA": "63,051", "Tax Rate for Calcs": "0", "Tax Effect of Unusual Items": "0"}, "3/31/2019": {"Duration": "3/31/2019", "Total Revenue": "556,326", "Cost of Revenue": "460,390", "Gross Profit": "95,936", "Operating Expense": "59,118", "Operating Income": "36,818", "Net Non Operating Interest Income Expense": "-3,361", "Other Income Expense": "73", "Pretax Income": "33,530", "Tax Provision": "9,097", "Net Income Common Stockholders": "24,433", "Diluted NI Available to Com Stockholders": "24,433", "Basic EPS": "1.15", "Diluted EPS": "1.14", "Basic Average Shares": "21,310", "Diluted Average Shares": "21,452", "Total Operating Income as Reported": "36,818", "Total Expenses": "519,508", "Net Income from Continuing & Discontinued Operation": "24,433", "Normalized Income": "24,433", "Interest Expense": "3,361", "Net Interest Income": "-3,361", "EBIT": "36,891", "EBITDA": "-", "Reconciled Cost of Revenue": "460,390", "Reconciled Depreciation": "21,756", "Net Income from Continuing Operation Net Minority Interest": "24,433", "Total Unusual Items Excluding Goodwill": "0", "Total Unusual Items": "0", "Normalized EBITDA": "58,647", "Tax Rate for Calcs": "0", "Tax Effect of Unusual Items": "0"}}, "bs": {"3/31/2020": {"Duration": "3/31/2020", "Total Assets": "389,328", "Total Liabilities Net Minority Interest": "155,844", "Total Equity Gross Minority Interest": "233,484", "Total Capitalization": "283,235", "Common Stock Equity": "233,484", "Capital Lease Obligations": "9,172", "Net Tangible Assets": "114,391", "Working Capital": "68,811", "Invested Capital": "293,142", "Tangible Book Value": "114,391", "Total Debt": "68,830", "Net Debt": "55,381", "Share Issued": "21,024", "Ordinary Shares Number": "21,024"}, "3/31/2019": {"Duration": "3/31/2019", "Total Assets": "385,599", "Total Liabilities Net Minority Interest": "167,738", "Total Equity Gross Minority Interest": "217,861", "Total Capitalization": "292,519", "Common Stock Equity": "217,861", "Capital Lease Obligations": "-", "Net Tangible Assets": "93,695", "Working Capital": "84,013", "Invested Capital": "302,426", "Tangible Book Value": "93,695", "Total Debt": "84,565", "Net Debt": "75,366", "Share Issued": "21,185", "Ordinary Shares Number": "21,185"}}, "cf": {"TTM": {"Duration": "TTM", "Operating Cash Flow": "40,517", "Investing Cash Flow": "-53,166", "Financing Cash Flow": "13,353", "End Cash Position": "7,969", "Income Tax Paid Supplemental Data": "15,107", "Interest Paid Supplemental Data": "1,346", "Capital Expenditure": "-18,323", "Issuance of Capital Stock": "1,512", "Issuance of Debt": "-", "Repayment of Debt": "-", "Repurchase of Capital Stock": "-6,200", "Free Cash Flow": "22,194"}, "3/31/2020": {"Duration": "3/31/2020", "Operating Cash Flow": "58,902", "Investing Cash Flow": "-24,203", "Financing Cash Flow": "-39,621", "End Cash Position": "4,277", "Income Tax Paid Supplemental Data": "11,415", "Interest Paid Supplemental Data": "2,413", "Capital Expenditure": "-24,549", "Issuance of Capital Stock": "1,400", "Issuance of Debt": "19,000", "Repayment of Debt": "-44,000", "Repurchase of Capital Stock": "-5,853", "Free Cash Flow": "34,353"}, "3/31/2019": {"Duration": "3/31/2019", "Operating Cash Flow": "47,990", "Investing Cash Flow": "-12,343", "Financing Cash Flow": "-31,438", "End Cash Position": "9,199", "Income Tax Paid Supplemental Data": "7,589", "Interest Paid Supplemental Data": "3,160", "Capital Expenditure": "-12,618", "Issuance of Capital Stock": "1,338", "Issuance of Debt": "93,000", "Repayment of Debt": "-109,000", "Repurchase of Capital Stock": "-4,352", "Free Cash Flow": "35,372"}}}}, {"KOP": {"quote": {"05/12/2021": {"value": "34.29", "Market Cap": "735.918M", "Beta (5Y Monthly)": "2.02", "PE Ratio (TTM)": "4.94", "EPS (TTM)": "6.94", "Earnings Date": "Aug 05, 2021 - Aug 10, 2021", "Forward Dividend & Yield": "N/A (N/A)", "Ex-Dividend Date": "Nov 13, 2014", "1y Target Est": "43.40"}}, "fin": {"TTM": {"Duration": "TTM", "Total Revenue": "1,669,100", "Cost of Revenue": "1,308,700", "Gross Profit": "360,400", "Operating Expense": "197,200", "Operating Income": "163,200", "Net Non Operating Interest Income Expense": "-48,900", "Other Income Expense": "-4,200", "Pretax Income": "110,100", "Tax Provision": "21,000", "Net Income Common Stockholders": "122,000", "Diluted NI Available to Com Stockholders": "122,000", "Basic EPS": "-", "Diluted EPS": "-", "Basic Average Shares": "-", "Diluted Average Shares": "-", "Total Operating Income as Reported": "156,700", "Total Expenses": "1,505,900", "Net Income from Continuing & Discontinued Operation": "122,000", "Normalized Income": "95,359", "Interest Expense": "48,900", "Net Interest Income": "-48,900", "EBIT": "159,000", "EBITDA": "213,100", "Reconciled Cost of Revenue": "1,308,700", "Reconciled Depreciation": "54,100", "Net Income from Continuing Operation Net Minority Interest": "90,100", "Total Unusual Items Excluding Goodwill": "-6,500", "Total Unusual Items": "-6,500", "Normalized EBITDA": "219,600", "Tax Rate for Calcs": "0", "Tax Effect of Unusual Items": "-1,241"}, "12/31/2020": {"Duration": "12/31/2020", "Total Revenue": "1,669,100", "Cost of Revenue": "1,308,700", "Gross Profit": "360,400", "Operating Expense": "197,200", "Operating Income": "163,200", "Net Non Operating Interest Income Expense": "-48,900", "Other Income Expense": "-4,200", "Pretax Income": "110,100", "Tax Provision": "21,000", "Net Income Common Stockholders": "122,000", "Diluted NI Available to Com Stockholders": "122,000", "Basic EPS": "-", "Diluted EPS": "-", "Basic Average Shares": "-", "Diluted Average Shares": "-", "Total Operating Income as Reported": "156,700", "Total Expenses": "1,505,900", "Net Income from Continuing & Discontinued Operation": "122,000", "Normalized Income": "95,359", "Interest Expense": "48,900", "Net Interest Income": "-48,900", "EBIT": "159,000", "EBITDA": "-", "Reconciled Cost of Revenue": "1,308,700", "Reconciled Depreciation": "54,100", "Net Income from Continuing Operation Net Minority Interest": "90,100", "Total Unusual Items Excluding Goodwill": "-6,500", "Total Unusual Items": "-6,500", "Normalized EBITDA": "219,600", "Tax Rate for Calcs": "0", "Tax Effect of Unusual Items": "-1,241"}, "12/31/2019": {"Duration": "12/31/2019", "Total Revenue": "1,772,800", "Cost of Revenue": "1,430,000", "Gross Profit": "342,800", "Operating Expense": "206,000", "Operating Income": "136,800", "Net Non Operating Interest Income Expense": "-62,500", "Other Income Expense": "-5,400", "Pretax Income": "68,900", "Tax Provision": "1,400", "Net Income Common Stockholders": "66,600", "Diluted NI Available to Com Stockholders": "66,600", "Basic EPS": "3.23", "Diluted EPS": "3.16", "Basic Average Shares": "20,665", "Diluted Average Shares": "21,068", "Total Operating Income as Reported": "130,800", "Total Expenses": "1,636,000", "Net Income from Continuing & Discontinued Operation": "66,600", "Normalized Income": "72,580", "Interest Expense": "62,500", "Net Interest Income": "-62,500", "EBIT": "131,400", "EBITDA": "-", "Reconciled Cost of Revenue": "1,430,000", "Reconciled Depreciation": "55,100", "Net Income from Continuing Operation Net Minority Interest": "66,700", "Total Unusual Items Excluding Goodwill": "-6,000", "Total Unusual Items": "-6,000", "Normalized EBITDA": "192,500", "Tax Rate for Calcs": "0", "Tax Effect of Unusual Items": "-120"}, "12/31/2018": {"Duration": "12/31/2018", "Total Revenue": "1,710,200", "Cost of Revenue": "1,375,100", "Gross Profit": "335,100", "Operating Expense": "212,400", "Operating Income": "122,700", "Net Non Operating Interest Income Expense": "-56,300", "Other Income Expense": "-11,600", "Pretax Income": "54,800", "Tax Provision": "26,000", "Net Income Common Stockholders": "23,400", "Diluted NI Available to Com Stockholders": "23,400", "Basic EPS": "1.12", "Diluted EPS": "1.10", "Basic Average Shares": "20,871", "Diluted Average Shares": "21,326", "Total Operating Income as Reported": "110,400", "Total Expenses": "1,587,500", "Net Income from Continuing & Discontinued Operation": "23,400", "Normalized Income": "31,979", "Interest Expense": "56,300", "Net Interest Income": "-56,300", "EBIT": "111,100", "EBITDA": "-", "Reconciled Cost of Revenue": "1,375,100", "Reconciled Depreciation": "50,800", "Net Income from Continuing Operation Net Minority Interest": "23,000", "Total Unusual Items Excluding Goodwill": "-12,300", "Total Unusual Items": "-12,300", "Normalized EBITDA": "174,200", "Tax Rate for Calcs": "0", "Tax Effect of Unusual Items": "-3,321"}}, "bs": {"12/31/2020": {"Duration": "12/31/2020", "Total Assets": "1,598,600", "Total Liabilities Net Minority Interest": "1,252,600", "Total Equity Gross Minority Interest": "346,000", "Total Capitalization": "1,107,500", "Common Stock Equity": "341,700", "Capital Lease Obligations": "102,500", "Net Tangible Assets": "-105,900", "Working Capital": "272,400", "Invested Capital": "1,117,600", "Tangible Book Value": "-105,900", "Total Debt": "878,400", "Net Debt": "737,400", "Share Issued": "23,688", "Ordinary Shares Number": "21,099", "Treasury Shares Number": "2,590"}, "12/31/2019": {"Duration": "12/31/2019", "Total Assets": "1,564,600", "Total Liabilities Net Minority Interest": "1,405,900", "Total Equity Gross Minority Interest": "158,700", "Total Capitalization": "1,038,300", "Common Stock Equity": "147,300", "Capital Lease Obligations": "114,700", "Net Tangible Assets": "-317,200", "Working Capital": "223,300", "Invested Capital": "1,048,500", "Tangible Book Value": "-317,200", "Total Debt": "1,015,900", "Net Debt": "868,200", "Share Issued": "23,321", "Ordinary Shares Number": "20,805", "Treasury Shares Number": "2,516"}, "12/31/2018": {"Duration": "12/31/2018", "Total Assets": "1,479,900", "Total Liabilities Net Minority Interest": "1,412,900", "Total Equity Gross Minority Interest": "67,000", "Total Capitalization": "1,035,000", "Common Stock Equity": "56,200", "Capital Lease Obligations": "-", "Net Tangible Assets": "-428,300", "Working Capital": "241,600", "Invested Capital": "1,046,600", "Tangible Book Value": "-428,300", "Total Debt": "990,400", "Net Debt": "949,800", "Share Issued": "23,029", "Ordinary Shares Number": "20,549", "Treasury Shares Number": "2,480"}}, "cf": {"TTM": {"Duration": "TTM", "Operating Cash Flow": "127,100", "Investing Cash Flow": "5,600", "Financing Cash Flow": "-128,700", "Cash Flow from Discontinued Operation": "700", "End Cash Position": "38,500", "Income Tax Paid Supplemental Data": "13,400", "Interest Paid Supplemental Data": "50,100", "Capital Expenditure": "-69,800", "Issuance of Capital Stock": "1,100", "Issuance of Debt": "0", "Repayment of Debt": "-128,000", "Repurchase of Capital Stock": "-1,600", "Free Cash Flow": "57,300"}, "12/31/2020": {"Duration": "12/31/2020", "Operating Cash Flow": "127,100", "Investing Cash Flow": "5,600", "Financing Cash Flow": "-128,700", "Cash Flow from Discontinued Operation": "700", "End Cash Position": "38,500", "Income Tax Paid Supplemental Data": "13,400", "Interest Paid Supplemental Data": "50,100", "Capital Expenditure": "-69,800", "Issuance of Capital Stock": "1,100", "Issuance of Debt": "0", "Repayment of Debt": "-128,000", "Repurchase of Capital Stock": "-1,600", "Free Cash Flow": "57,300"}, "12/31/2019": {"Duration": "12/31/2019", "Operating Cash Flow": "115,300", "Investing Cash Flow": "-33,800", "Financing Cash Flow": "-88,700", "Cash Flow from Discontinued Operation": "-", "End Cash Position": "33,000", "Income Tax Paid Supplemental Data": "16,800", "Interest Paid Supplemental Data": "60,900", "Capital Expenditure": "-37,200", "Issuance of Capital Stock": "4,000", "Issuance of Debt": "0", "Repayment of Debt": "-90,800", "Repurchase of Capital Stock": "-900", "Free Cash Flow": "78,100"}, "12/31/2018": {"Duration": "12/31/2018", "Operating Cash Flow": "78,300", "Investing Cash Flow": "-376,400", "Financing Cash Flow": "282,800", "Cash Flow from Discontinued Operation": "-", "End Cash Position": "40,600", "Income Tax Paid Supplemental Data": "25,900", "Interest Paid Supplemental Data": "49,800", "Capital Expenditure": "-109,700", "Issuance of Capital Stock": "2,900", "Issuance of Debt": "334,900", "Repayment of Debt": "-20,300", "Repurchase of Capital Stock": "-31,800", "Free Cash Flow": "-31,400"}}}}, {"PPG": {"quote": {"05/12/2021": {"value": "173.85", "Market Cap": "41.218B", "Beta (5Y Monthly)": "1.14", "PE Ratio (TTM)": "34.67", "EPS (TTM)": "5.01", "Earnings Date": "Jul 14, 2021 - Jul 19, 2021", "Forward Dividend & Yield": "2.16 (1.21%)", "Ex-Dividend Date": "May 07, 2021", "1y Target Est": "176.00"}}, "fin": {"TTM": {"Duration": "TTM", "Total Revenue": "14,338,000", "Cost of Revenue": "8,101,000", "Gross Profit": "6,237,000", "Operating Expense": "4,257,000", "Operating Income": "1,980,000", "Net Non Operating Interest Income Expense": "-116,000", "Other Income Expense": "-322,000", "Pretax Income": "1,542,000", "Tax Provision": "334,000", "Net Income Common Stockholders": "1,194,000", "Diluted NI Available to Com Stockholders": "1,194,000", "Basic EPS": "-", "Diluted EPS": "-", "Basic Average Shares": "-", "Diluted Average Shares": "-", "Total Expenses": "12,358,000", "Net Income from Continuing & Discontinued Operation": "1,194,000", "Normalized Income": "1,396,250", "Interest Income": "20,000", "Interest Expense": "136,000", "Net Interest Income": "-116,000", "EBIT": "1,678,000", "EBITDA": "2,187,000", "Reconciled Cost of Revenue": "8,101,000", "Reconciled Depreciation": "509,000", "Net Income from Continuing Operation Net Minority Interest": "1,191,000", "Total Unusual Items Excluding Goodwill": "-262,000", "Total Unusual Items": "-262,000", "Normalized EBITDA": "2,449,000", "Tax Rate for Calcs": "0", "Tax Effect of Unusual Items": "-56,750"}, "12/31/2020": {"Duration": "12/31/2020", "Total Revenue": "13,834,000", "Cost of Revenue": "7,777,000", "Gross Profit": "6,057,000", "Operating Expense": "4,270,000", "Operating Income": "1,787,000", "Net Non Operating Interest Income Expense": "-115,000", "Other Income Expense": "-310,000", "Pretax Income": "1,362,000", "Tax Provision": "291,000", "Net Income Common Stockholders": "1,059,000", "Diluted NI Available to Com Stockholders": "1,059,000", "Basic EPS": "4.47", "Diluted EPS": "4.45", "Basic Average Shares": "236,800", "Diluted Average Shares": "237,900", "Total Expenses": "12,047,000", "Net Income from Continuing & Discontinued Operation": "1,059,000", "Normalized Income": "1,261,932", "Interest Income": "23,000", "Interest Expense": "138,000", "Net Interest Income": "-115,000", "EBIT": "1,500,000", "EBITDA": "-", "Reconciled Cost of Revenue": "7,777,000", "Reconciled Depreciation": "509,000", "Net Income from Continuing Operation Net Minority Interest": "1,056,000", "Total Unusual Items Excluding Goodwill": "-262,000", "Total Unusual Items": "-262,000", "Normalized EBITDA": "2,271,000", "Tax Rate for Calcs": "0", "Tax Effect of Unusual Items": "-56,068"}, "12/31/2019": {"Duration": "12/31/2019", "Total Revenue": "15,146,000", "Cost of Revenue": "8,653,000", "Gross Profit": "6,493,000", "Operating Expense": "4,539,000", "Operating Income": "1,954,000", "Net Non Operating Interest Income Expense": "-100,000", "Other Income Expense": "-193,000", "Pretax Income": "1,661,000", "Tax Provision": "392,000", "Net Income Common Stockholders": "1,243,000", "Diluted NI Available to Com Stockholders": "1,243,000", "Basic EPS": "5.25", "Diluted EPS": "5.22", "Basic Average Shares": "236,900", "Diluted Average Shares": "238,200", "Total Expenses": "13,192,000", "Net Income from Continuing & Discontinued Operation": "1,243,000", "Normalized Income": "1,372,116", "Interest Income": "32,000", "Interest Expense": "132,000", "Net Interest Income": "-100,000", "EBIT": "1,793,000", "EBITDA": "-", "Reconciled Cost of Revenue": "8,653,000", "Reconciled Depreciation": "511,000", "Net Income from Continuing Operation Net Minority Interest": "1,243,000", "Total Unusual Items Excluding Goodwill": "-169,000", "Total Unusual Items": "-169,000", "Normalized EBITDA": "2,473,000", "Tax Rate for Calcs": "0", "Tax Effect of Unusual Items": "-39,884"}, "12/31/2018": {"Duration": "12/31/2018", "Total Revenue": "15,374,000", "Cost of Revenue": "9,001,000", "Gross Profit": "6,373,000", "Operating Expense": "4,501,000", "Operating Income": "1,872,000", "Net Non Operating Interest Income Expense": "-95,000", "Other Income Expense": "-84,000", "Pretax Income": "1,693,000", "Tax Provision": "353,000", "Net Income Common Stockholders": "1,341,000", "Diluted NI Available to Com Stockholders": "1,341,000", "Basic EPS": "5.50", "Diluted EPS": "5.47", "Basic Average Shares": "243,900", "Diluted Average Shares": "245,400", "Total Expenses": "13,502,000", "Net Income from Continuing & Discontinued Operation": "1,341,000", "Normalized Income": "1,349,103", "Interest Income": "23,000", "Interest Expense": "118,000", "Net Interest Income": "-95,000", "EBIT": "1,811,000", "EBITDA": "-", "Reconciled Cost of Revenue": "9,001,000", "Reconciled Depreciation": "497,000", "Net Income from Continuing Operation Net Minority Interest": "1,323,000", "Total Unusual Items Excluding Goodwill": "-33,000", "Total Unusual Items": "-33,000", "Normalized EBITDA": "2,341,000", "Tax Rate for Calcs": "0", "Tax Effect of Unusual Items": "-6,897"}}, "bs": {"12/31/2020": {"Duration": "12/31/2020", "Total Assets": "19,556,000", "Total Liabilities Net Minority Interest": "13,741,000", "Total Equity Gross Minority Interest": "5,815,000", "Total Capitalization": "10,860,000", "Common Stock Equity": "5,689,000", "Capital Lease Obligations": "857,000", "Net Tangible Assets": "-1,764,000", "Working Capital": "1,967,000", "Invested Capital": "11,438,000", "Tangible Book Value": "-1,764,000", "Total Debt": "6,606,000", "Net Debt": "3,923,000", "Share Issued": "581,146", "Ordinary Shares Number": "236,686", "Treasury Shares Number": "344,460"}, "12/31/2019": {"Duration": "12/31/2019", "Total Assets": "17,708,000", "Total Liabilities Net Minority Interest": "12,305,000", "Total Equity Gross Minority Interest": "5,403,000", "Total Capitalization": "9,823,000", "Common Stock Equity": "5,284,000", "Capital Lease Obligations": "792,000", "Net Tangible Assets": "-1,317,000", "Working Capital": "1,795,000", "Invested Capital": "10,336,000", "Tangible Book Value": "-1,317,000", "Total Debt": "5,844,000", "Net Debt": "3,836,000", "Share Issued": "581,146", "Ordinary Shares Number": "235,680", "Treasury Shares Number": "345,466"}, "12/31/2018": {"Duration": "12/31/2018", "Total Assets": "16,015,000", "Total Liabilities Net Minority Interest": "11,283,000", "Total Equity Gross Minority Interest": "4,732,000", "Total Capitalization": "8,995,000", "Common Stock Equity": "4,630,000", "Capital Lease Obligations": "-", "Net Tangible Assets": "-1,412,000", "Working Capital": "1,588,000", "Invested Capital": "9,646,000", "Tangible Book Value": "-1,412,000", "Total Debt": "5,016,000", "Net Debt": "4,114,000", "Share Issued": "581,146", "Ordinary Shares Number": "235,861", "Treasury Shares Number": "345,285"}}, "cf": {"TTM": {"Duration": "TTM", "Operating Cash Flow": "2,266,000", "Investing Cash Flow": "-1,812,000", "Financing Cash Flow": "-602,000", "End Cash Position": "1,738,000", "Income Tax Paid Supplemental Data": "374,000", "Interest Paid Supplemental Data": "157,000", "Capital Expenditure": "-347,000", "Issuance of Capital Stock": "69,000", "Issuance of Debt": "2,683,000", "Repayment of Debt": "-2,814,000", "Repurchase of Capital Stock": "-", "Free Cash Flow": "1,919,000"}, "12/31/2020": {"Duration": "12/31/2020", "Operating Cash Flow": "2,130,000", "Investing Cash Flow": "-1,447,000", "Financing Cash Flow": "-59,000", "End Cash Position": "1,826,000", "Income Tax Paid Supplemental Data": "367,000", "Interest Paid Supplemental Data": "153,000", "Capital Expenditure": "-304,000", "Issuance of Capital Stock": "54,000", "Issuance of Debt": "2,862,000", "Repayment of Debt": "-2,423,000", "Repurchase of Capital Stock": "0", "Free Cash Flow": "1,826,000"}, "12/31/2019": {"Duration": "12/31/2019", "Operating Cash Flow": "2,080,000", "Investing Cash Flow": "-1,009,000", "Financing Cash Flow": "-758,000", "End Cash Position": "1,216,000", "Income Tax Paid Supplemental Data": "348,000", "Interest Paid Supplemental Data": "127,000", "Capital Expenditure": "-413,000", "Issuance of Capital Stock": "61,000", "Issuance of Debt": "595,000", "Repayment of Debt": "-660,000", "Repurchase of Capital Stock": "-325,000", "Free Cash Flow": "1,667,000"}, "12/31/2018": {"Duration": "12/31/2018", "Operating Cash Flow": "1,467,000", "Investing Cash Flow": "-764,000", "Financing Cash Flow": "-1,205,000", "End Cash Position": "902,000", "Income Tax Paid Supplemental Data": "380,000", "Interest Paid Supplemental Data": "108,000", "Capital Expenditure": "-411,000", "Issuance of Capital Stock": "15,000", "Issuance of Debt": "992,000", "Repayment of Debt": "-6,000", "Repurchase of Capital Stock": "-1,721,000", "Free Cash Flow": "1,056,000"}}}}, {"RPM": {"quote": {"05/12/2021": {"value": "94.61", "Market Cap": "12.253B", "Beta (5Y Monthly)": "0.97", "PE Ratio (TTM)": "27.04", "EPS (TTM)": "3.50", "Earnings Date": "Jul 26, 2021 - Jul 30, 2021", "Forward Dividend & Yield": "1.52 (1.56%)", "Ex-Dividend Date": "Apr 14, 2021", "1y Target Est": "99.17"}}, "fin": {"TTM": {"Duration": "TTM", "Total Revenue": "5,820,942", "Cost of Revenue": "3,555,219", "Gross Profit": "2,265,723", "Operating Expense": "1,560,418", "Operating Income": "705,305", "Net Non Operating Interest Income Expense": "-82,694", "Other Income Expense": "-11,571", "Pretax Income": "611,040", "Tax Provision": "154,729", "Net Income Common Stockholders": "452,312", "Average Dilution Earnings": "1,963", "Diluted NI Available to Com Stockholders": "454,275", "Basic EPS": "-", "Diluted EPS": "-", "Basic Average Shares": "-", "Diluted Average Shares": "-", "Total Expenses": "5,115,637", "Net Income from Continuing & Discontinued Operation": "455,809", "Normalized Income": "453,685", "Interest Income": "3,654", "Interest Expense": "86,348", "Net Interest Income": "-82,694", "EBIT": "697,388", "EBITDA": "849,829", "Reconciled Cost of Revenue": "3,555,219", "Reconciled Depreciation": "152,441", "Net Income from Continuing Operation Net Minority Interest": "455,809", "Total Unusual Items Excluding Goodwill": "2,844", "Total Unusual Items": "2,844", "Normalized EBITDA": "846,985", "Tax Rate for Calcs": "0", "Tax Effect of Unusual Items": "720.1644"}, "5/31/2020": {"Duration": "5/31/2020", "Total Revenue": "5,506,994", "Cost of Revenue": "3,414,139", "Gross Profit": "2,092,855", "Operating Expense": "1,548,653", "Operating Income": "544,202", "Net Non Operating Interest Income Expense": "-95,690", "Other Income Expense": "-40,748", "Pretax Income": "407,764", "Tax Provision": "102,682", "Net Income Common Stockholders": "302,429", "Average Dilution Earnings": "1,956", "Diluted NI Available to Com Stockholders": "304,385", "Basic EPS": "2.35", "Diluted EPS": "2.34", "Basic Average Shares": "128,468", "Diluted Average Shares": "129,974", "Total Expenses": "4,962,792", "Net Income from Continuing & Discontinued Operation": "304,385", "Normalized Income": "326,554", "Interest Income": "5,313", "Interest Expense": "101,003", "Net Interest Income": "-95,690", "EBIT": "508,767", "EBITDA": "-", "Reconciled Cost of Revenue": "3,414,139", "Reconciled Depreciation": "156,842", "Net Income from Continuing Operation Net Minority Interest": "304,385", "Total Unusual Items Excluding Goodwill": "-29,631", "Total Unusual Items": "-29,631", "Normalized EBITDA": "695,240", "Tax Rate for Calcs": "0", "Tax Effect of Unusual Items": "-7,462"}, "5/31/2019": {"Duration": "5/31/2019", "Total Revenue": "5,564,551", "Cost of Revenue": "3,302,644", "Gross Profit": "2,261,907", "Operating Expense": "1,769,630", "Operating Income": "492,277", "Net Non Operating Interest Income Expense": "-97,507", "Other Income Expense": "-54,925", "Pretax Income": "339,845", "Tax Provision": "72,158", "Net Income Common Stockholders": "265,044", "Average Dilution Earnings": "5,169", "Diluted NI Available to Com Stockholders": "270,213", "Basic EPS": "2.03", "Diluted EPS": "2.01", "Basic Average Shares": "130,552", "Diluted Average Shares": "134,333", "Total Expenses": "5,072,274", "Net Income from Continuing & Discontinued Operation": "266,558", "Normalized Income": "308,878", "Interest Income": "4,885", "Interest Expense": "102,392", "Net Interest Income": "-97,507", "EBIT": "442,237", "EBITDA": "-", "Reconciled Cost of Revenue": "3,302,644", "Reconciled Depreciation": "141,742", "Net Income from Continuing Operation Net Minority Interest": "266,558", "Total Unusual Items Excluding Goodwill": "-53,706", "Total Unusual Items": "-53,706", "Normalized EBITDA": "637,685", "Tax Rate for Calcs": "0", "Tax Effect of Unusual Items": "-11,386"}, "5/31/2018": {"Duration": "5/31/2018", "Total Revenue": "5,321,643", "Cost of Revenue": "3,140,431", "Gross Profit": "2,181,212", "Operating Expense": "1,663,143", "Operating Income": "518,069", "Net Non Operating Interest Income Expense": "-99,544", "Other Income Expense": "-1,477", "Pretax Income": "417,048", "Tax Provision": "77,791", "Net Income Common Stockholders": "333,912", "Average Dilution Earnings": "9,531", "Diluted NI Available to Com Stockholders": "343,443", "Basic EPS": "2.55", "Diluted EPS": "2.50", "Basic Average Shares": "131,179", "Diluted Average Shares": "137,171", "Total Expenses": "4,803,574", "Net Income from Continuing & Discontinued Operation": "337,770", "Normalized Income": "339,457", "Interest Income": "5,003", "Interest Expense": "104,547", "Net Interest Income": "-99,544", "EBIT": "521,595", "EBITDA": "-", "Reconciled Cost of Revenue": "3,140,431", "Reconciled Depreciation": "128,499", "Net Income from Continuing Operation Net Minority Interest": "337,770", "Total Unusual Items Excluding Goodwill": "-2,075", "Total Unusual Items": "-2,075", "Normalized EBITDA": "652,169", "Tax Rate for Calcs": "0", "Tax Effect of Unusual Items": "-388.025"}}, "bs": {"5/31/2020": {"Duration": "5/31/2020", "Total Assets": "5,630,954", "Total Liabilities Net Minority Interest": "4,366,291", "Total Equity Gross Minority Interest": "1,264,663", "Total Capitalization": "3,720,735", "Common Stock Equity": "1,262,445", "Capital Lease Obligations": "244,691", "Net Tangible Assets": "-572,001", "Working Capital": "1,329,849", "Invested Capital": "3,801,625", "Tangible Book Value": "-572,001", "Total Debt": "2,783,871", "Net Debt": "2,305,764", "Share Issued": "143,261", "Ordinary Shares Number": "129,511", "Treasury Shares Number": "13,750"}, "5/31/2019": {"Duration": "5/31/2019", "Total Assets": "5,441,355", "Total Liabilities Net Minority Interest": "4,032,750", "Total Equity Gross Minority Interest": "1,408,605", "Total Capitalization": "3,379,414", "Common Stock Equity": "1,405,952", "Capital Lease Obligations": "-", "Net Tangible Assets": "-440,892", "Working Capital": "978,687", "Invested Capital": "3,931,860", "Tangible Book Value": "-440,892", "Total Debt": "2,525,908", "Net Debt": "2,302,740", "Share Issued": "142,439", "Ordinary Shares Number": "130,995", "Treasury Shares Number": "11,444"}, "5/31/2018": {"Duration": "5/31/2018", "Total Assets": "5,271,822", "Total Liabilities Net Minority Interest": "3,638,284", "Total Equity Gross Minority Interest": "1,633,538", "Total Capitalization": "3,801,416", "Common Stock Equity": "1,630,773", "Capital Lease Obligations": "-", "Net Tangible Assets": "-145,673", "Working Capital": "1,464,205", "Invested Capital": "3,804,917", "Tangible Book Value": "-145,673", "Total Debt": "2,174,144", "Net Debt": "1,929,722", "Share Issued": "141,716", "Ordinary Shares Number": "133,647", "Treasury Shares Number": "8,069"}}, "cf": {"TTM": {"Duration": "TTM", "Operating Cash Flow": "820,648", "Investing Cash Flow": "-263,461", "Financing Cash Flow": "-534,521", "End Cash Position": "234,908", "Income Tax Paid Supplemental Data": "131,396", "Interest Paid Supplemental Data": "82,274", "Capital Expenditure": "-145,552", "Issuance of Debt": "-212,950", "Repayment of Debt": "-56,513", "Repurchase of Capital Stock": "-68,207", "Free Cash Flow": "675,096"}, "5/31/2020": {"Duration": "5/31/2020", "Operating Cash Flow": "549,919", "Investing Cash Flow": "-209,613", "Financing Cash Flow": "-316,870", "End Cash Position": "233,416", "Income Tax Paid Supplemental Data": "102,892", "Interest Paid Supplemental Data": "103,143", "Capital Expenditure": "-147,756", "Issuance of Debt": "485,306", "Repayment of Debt": "-471,035", "Repurchase of Capital Stock": "-143,075", "Free Cash Flow": "402,163"}, "5/31/2019": {"Duration": "5/31/2019", "Operating Cash Flow": "292,941", "Investing Cash Flow": "-248,246", "Financing Cash Flow": "-53,842", "End Cash Position": "223,168", "Income Tax Paid Supplemental Data": "68,357", "Interest Paid Supplemental Data": "101,415", "Capital Expenditure": "-136,757", "Issuance of Debt": "628,083", "Repayment of Debt": "-273,109", "Repurchase of Capital Stock": "-221,980", "Free Cash Flow": "156,184"}, "5/31/2018": {"Duration": "5/31/2018", "Operating Cash Flow": "390,383", "Investing Cash Flow": "-261,193", "Financing Cash Flow": "-239,376", "End Cash Position": "244,422", "Income Tax Paid Supplemental Data": "83,460", "Interest Paid Supplemental Data": "97,295", "Capital Expenditure": "-114,619", "Issuance of Debt": "351,082", "Repayment of Debt": "-276,406", "Repurchase of Capital Stock": "-17,152", "Free Cash Flow": "275,764"}}}}, {"LYB": {"quote": {"05/12/2021": {"value": "110.06", "Market Cap": "36.799B", "Beta (5Y Monthly)": "1.54", "PE Ratio (TTM)": "15.71", "EPS (TTM)": "7.01", "Earnings Date": "Jul 29, 2021 - Aug 02, 2021", "Forward Dividend & Yield": "4.20 (3.73%)", "Ex-Dividend Date": "Mar 05, 2021", "1y Target Est": "114.24"}}, "fin": {"TTM": {"Duration": "TTM", "Total Revenue": "29,341,000", "Cost of Revenue": "25,169,000", "Gross Profit": "4,172,000", "Operating Expense": "1,247,000", "Operating Income": "2,925,000", "Net Non Operating Interest Income Expense": "-536,000", "Other Income Expense": "-", "Pretax Income": "2,310,000", "Tax Provision": "-48,000", "Net Income Common Stockholders": "2,341,000", "Average Dilution Earnings": "-", "Diluted NI Available to Com Stockholders": "2,341,000", "Basic EPS": "-", "Diluted EPS": "-", "Basic Average Shares": "-", "Diluted Average Shares": "-", "Total Operating Income as Reported": "2,343,000", "Total Expenses": "26,416,000", "Net Income from Continuing & Discontinued Operation": "2,346,000", "Normalized Income": "2,700,200", "Interest Income": "11,000", "Interest Expense": "547,000", "Net Interest Income": "-536,000", "EBIT": "2,857,000", "EBITDA": "4,235,000", "Reconciled Cost of Revenue": "25,169,000", "Reconciled Depreciation": "1,378,000", "Net Income from Continuing Operation Net Minority Interest": "2,351,000", "Total Unusual Items Excluding Goodwill": "-582,000", "Total Unusual Items": "-582,000", "Normalized EBITDA": "4,817,000", "Tax Rate for Calcs": "0", "Tax Effect of Unusual Items": "-232,800"}, "12/31/2020": {"Duration": "12/31/2020", "Total Revenue": "27,753,000", "Cost of Revenue": "24,359,000", "Gross Profit": "3,394,000", "Operating Expense": "1,253,000", "Operating Income": "2,141,000", "Net Non Operating Interest Income Expense": "-514,000", "Other Income Expense": "-241,000", "Pretax Income": "1,386,000", "Tax Provision": "-43,000", "Net Income Common Stockholders": "1,417,000", "Average Dilution Earnings": "0", "Diluted NI Available to Com Stockholders": "1,417,000", "Basic EPS": "-", "Diluted EPS": "-", "Basic Average Shares": "-", "Diluted Average Shares": "-", "Total Operating Income as Reported": "1,559,000", "Total Expenses": "25,612,000", "Net Income from Continuing & Discontinued Operation": "1,420,000", "Normalized Income": "1,846,860", "Interest Income": "12,000", "Interest Expense": "526,000", "Net Interest Income": "-514,000", "EBIT": "1,912,000", "EBITDA": "-", "Reconciled Cost of Revenue": "24,359,000", "Reconciled Depreciation": "1,385,000", "Net Income from Continuing Operation Net Minority Interest": "1,422,000", "Total Unusual Items Excluding Goodwill": "-582,000", "Total Unusual Items": "-582,000", "Normalized EBITDA": "3,879,000", "Tax Rate for Calcs": "0", "Tax Effect of Unusual Items": "-157,140"}, "12/31/2019": {"Duration": "12/31/2019", "Total Revenue": "34,727,000", "Cost of Revenue": "29,301,000", "Gross Profit": "5,426,000", "Operating Expense": "1,310,000", "Operating Income": "4,116,000", "Net Non Operating Interest Income Expense": "-328,000", "Other Income Expense": "264,000", "Pretax Income": "4,052,000", "Tax Provision": "648,000", "Net Income Common Stockholders": "3,384,000", "Average Dilution Earnings": "-", "Diluted NI Available to Com Stockholders": "3,384,000", "Basic EPS": "9.59", "Diluted EPS": "9.58", "Basic Average Shares": "353,000", "Diluted Average Shares": "353,000", "Total Operating Income as Reported": "4,116,000", "Total Expenses": "30,611,000", "Net Income from Continuing & Discontinued Operation": "3,390,000", "Normalized Income": "3,397,000", "Interest Income": "19,000", "Interest Expense": "347,000", "Net Interest Income": "-328,000", "EBIT": "4,399,000", "EBITDA": "-", "Reconciled Cost of Revenue": "29,301,000", "Reconciled Depreciation": "1,312,000", "Net Income from Continuing Operation Net Minority Interest": "3,397,000", "Total Unusual Items Excluding Goodwill": "-", "Total Unusual Items": "-", "Normalized EBITDA": "5,711,000", "Tax Rate for Calcs": "0", "Tax Effect of Unusual Items": "0"}, "12/31/2018": {"Duration": "12/31/2018", "Total Revenue": "39,004,000", "Cost of Revenue": "32,529,000", "Gross Profit": "6,475,000", "Operating Expense": "1,244,000", "Operating Income": "5,231,000", "Net Non Operating Interest Income Expense": "-315,000", "Other Income Expense": "395,000", "Pretax Income": "5,311,000", "Tax Provision": "613,000", "Net Income Common Stockholders": "4,682,000", "Average Dilution Earnings": "-5,000", "Diluted NI Available to Com Stockholders": "4,677,000", "Basic EPS": "12.04", "Diluted EPS": "12.01", "Basic Average Shares": "389,000", "Diluted Average Shares": "389,000", "Total Operating Income as Reported": "5,231,000", "Total Expenses": "33,773,000", "Net Income from Continuing & Discontinued Operation": "4,690,000", "Normalized Income": "4,698,000", "Interest Income": "45,000", "Interest Expense": "360,000", "Net Interest Income": "-315,000", "EBIT": "5,671,000", "EBITDA": "-", "Reconciled Cost of Revenue": "32,529,000", "Reconciled Depreciation": "1,241,000", "Net Income from Continuing Operation Net Minority Interest": "4,698,000", "Total Unusual Items Excluding Goodwill": "-", "Total Unusual Items": "-", "Normalized EBITDA": "6,912,000", "Tax Rate for Calcs": "0", "Tax Effect of Unusual Items": "0"}}, "bs": {"12/31/2020": {"Duration": "12/31/2020", "Total Assets": "35,403,000", "Total Liabilities Net Minority Interest": "27,415,000", "Total Equity Gross Minority Interest": "7,988,000", "Total Capitalization": "23,257,000", "Common Stock Equity": "7,971,000", "Capital Lease Obligations": "1,532,000", "Net Tangible Assets": "5,267,000", "Working Capital": "6,132,000", "Invested Capital": "23,928,000", "Tangible Book Value": "5,267,000", "Total Debt": "17,489,000", "Net Debt": "14,194,000", "Share Issued": "340,046", "Ordinary Shares Number": "334,015", "Treasury Shares Number": "6,030"}, "12/31/2019": {"Duration": "12/31/2019", "Total Assets": "30,435,000", "Total Liabilities Net Minority Interest": "22,372,000", "Total Equity Gross Minority Interest": "8,063,000", "Total Capitalization": "19,658,000", "Common Stock Equity": "8,044,000", "Capital Lease Obligations": "1,489,000", "Net Tangible Assets": "5,284,000", "Working Capital": "4,312,000", "Invested Capital": "20,106,000", "Tangible Book Value": "5,284,000", "Total Debt": "13,551,000", "Net Debt": "11,204,000", "Share Issued": "340,046", "Ordinary Shares Number": "333,477", "Treasury Shares Number": "6,569"}, "12/31/2018": {"Duration": "12/31/2018", "Total Assets": "28,278,000", "Total Liabilities Net Minority Interest": "17,998,000", "Total Equity Gross Minority Interest": "10,280,000", "Total Capitalization": "18,754,000", "Common Stock Equity": "10,257,000", "Capital Lease Obligations": "-", "Net Tangible Assets": "7,478,000", "Working Capital": "5,053,000", "Invested Capital": "19,644,000", "Tangible Book Value": "7,478,000", "Total Debt": "9,387,000", "Net Debt": "9,055,000", "Share Issued": "400,210", "Ordinary Shares Number": "375,697", "Treasury Shares Number": "24,514"}}, "cf": {"TTM": {"Duration": "TTM", "Operating Cash Flow": "3,433,000", "Investing Cash Flow": "-4,302,000", "Financing Cash Flow": "605,000", "End Cash Position": "1,369,000", "Income Tax Paid Supplemental Data": "-", "Interest Paid Supplemental Data": "-", "Capital Expenditure": "-1,627,000", "Issuance of Debt": "5,622,000", "Repayment of Debt": "-3,886,000", "Repurchase of Capital Stock": "0", "Free Cash Flow": "1,806,000"}, "12/31/2020": {"Duration": "12/31/2020", "Operating Cash Flow": "3,404,000", "Investing Cash Flow": "-4,906,000", "Financing Cash Flow": "2,271,000", "End Cash Position": "1,765,000", "Income Tax Paid Supplemental Data": "176,000", "Interest Paid Supplemental Data": "498,000", "Capital Expenditure": "-1,947,000", "Issuance of Debt": "7,138,000", "Repayment of Debt": "-3,386,000", "Repurchase of Capital Stock": "-4,000", "Free Cash Flow": "1,457,000"}, "12/31/2019": {"Duration": "12/31/2019", "Operating Cash Flow": "4,961,000", "Investing Cash Flow": "-1,635,000", "Financing Cash Flow": "-2,835,000", "End Cash Position": "888,000", "Income Tax Paid Supplemental Data": "403,000", "Interest Paid Supplemental Data": "318,000", "Capital Expenditure": "-2,694,000", "Issuance of Debt": "7,531,000", "Repayment of Debt": "-5,049,000", "Repurchase of Capital Stock": "-3,752,000", "Free Cash Flow": "2,267,000"}, "12/31/2018": {"Duration": "12/31/2018", "Operating Cash Flow": "5,471,000", "Investing Cash Flow": "-3,559,000", "Financing Cash Flow": "-3,008,000", "End Cash Position": "401,000", "Income Tax Paid Supplemental Data": "1,209,000", "Interest Paid Supplemental Data": "333,000", "Capital Expenditure": "-2,105,000", "Issuance of Debt": "0", "Repayment of Debt": "-394,000", "Repurchase of Capital Stock": "-1,854,000", "Free Cash Flow": "3,366,000"}}}}, {"KRO": {"quote": {"05/12/2021": {"value": "16.59", "Market Cap": "1.912B", "Beta (5Y Monthly)": "1.35", "PE Ratio (TTM)": "33.93", "EPS (TTM)": "0.49", "Earnings Date": "Aug 03, 2021 - Aug 09, 2021", "Forward Dividend & Yield": "0.72 (4.15%)", "Ex-Dividend Date": "Mar 08, 2021", "1y Target Est": "17.75"}}, "fin": {"TTM": {"Duration": "TTM", "Total Revenue": "1,638,800", "Cost of Revenue": "1,287,600", "Gross Profit": "351,200", "Operating Expense": "250,200", "Operating Income": "101,000", "Net Non Operating Interest Income Expense": "-17,200", "Other Income Expense": "-3,800", "Pretax Income": "80,000", "Tax Provision": "16,100", "Net Income Common Stockholders": "63,900", "Diluted NI Available to Com Stockholders": "63,900", "Basic EPS": "-", "Diluted EPS": "-", "Basic Average Shares": "-", "Diluted Average Shares": "-", "Total Operating Income as Reported": "116,200", "Total Expenses": "1,537,800", "Net Income from Continuing & Discontinued Operation": "63,900", "Normalized Income": "66,935", "Interest Income": "1,800", "Interest Expense": "19,000", "Net Interest Income": "-17,200", "EBIT": "99,000", "EBITDA": "163,600", "Reconciled Cost of Revenue": "1,287,600", "Reconciled Depreciation": "64,600", "Net Income from Continuing Operation Net Minority Interest": "63,900", "Total Unusual Items Excluding Goodwill": "-3,800", "Total Unusual Items": "-3,800", "Normalized EBITDA": "167,400", "Tax Rate for Calcs": "0", "Tax Effect of Unusual Items": "-764.75"}, "12/31/2020": {"Duration": "12/31/2020", "Total Revenue": "1,638,800", "Cost of Revenue": "1,287,600", "Gross Profit": "351,200", "Operating Expense": "250,200", "Operating Income": "101,000", "Net Non Operating Interest Income Expense": "-17,200", "Other Income Expense": "-3,800", "Pretax Income": "80,000", "Tax Provision": "16,100", "Net Income Common Stockholders": "63,900", "Diluted NI Available to Com Stockholders": "63,900", "Basic EPS": "-", "Diluted EPS": "-", "Basic Average Shares": "-", "Diluted Average Shares": "-", "Total Operating Income as Reported": "116,200", "Total Expenses": "1,537,800", "Net Income from Continuing & Discontinued Operation": "63,900", "Normalized Income": "66,935", "Interest Income": "1,800", "Interest Expense": "19,000", "Net Interest Income": "-17,200", "EBIT": "99,000", "EBITDA": "-", "Reconciled Cost of Revenue": "1,287,600", "Reconciled Depreciation": "64,600", "Net Income from Continuing Operation Net Minority Interest": "63,900", "Total Unusual Items Excluding Goodwill": "-3,800", "Total Unusual Items": "-3,800", "Normalized EBITDA": "167,400", "Tax Rate for Calcs": "0", "Tax Effect of Unusual Items": "-764.75"}, "12/31/2019": {"Duration": "12/31/2019", "Total Revenue": "1,731,100", "Cost of Revenue": "1,344,900", "Gross Profit": "386,200", "Operating Expense": "257,400", "Operating Income": "128,800", "Net Non Operating Interest Income Expense": "-12,000", "Other Income Expense": "4,300", "Pretax Income": "121,100", "Tax Provision": "34,000", "Net Income Common Stockholders": "87,100", "Diluted NI Available to Com Stockholders": "87,100", "Basic EPS": "0.75", "Diluted EPS": "0.75", "Basic Average Shares": "115,800", "Diluted Average Shares": "115,800", "Total Operating Income as Reported": "145,800", "Total Expenses": "1,602,300", "Net Income from Continuing & Discontinued Operation": "87,100", "Normalized Income": "84,007", "Interest Income": "6,700", "Interest Expense": "18,700", "Net Interest Income": "-12,000", "EBIT": "139,800", "EBITDA": "-", "Reconciled Cost of Revenue": "1,344,900", "Reconciled Depreciation": "54,900", "Net Income from Continuing Operation Net Minority Interest": "87,100", "Total Unusual Items Excluding Goodwill": "4,300", "Total Unusual Items": "4,300", "Normalized EBITDA": "190,400", "Tax Rate for Calcs": "0", "Tax Effect of Unusual Items": "1,207"}, "12/31/2018": {"Duration": "12/31/2018", "Total Revenue": "1,661,900", "Cost of Revenue": "1,099,700", "Gross Profit": "562,200", "Operating Expense": "257,000", "Operating Income": "305,200", "Net Non Operating Interest Income Expense": "-14,000", "Other Income Expense": "2,600", "Pretax Income": "293,800", "Tax Provision": "88,800", "Net Income Common Stockholders": "205,000", "Diluted NI Available to Com Stockholders": "205,000", "Basic EPS": "1.77", "Diluted EPS": "1.77", "Basic Average Shares": "115,900", "Diluted Average Shares": "115,900", "Total Operating Income as Reported": "330,100", "Total Expenses": "1,356,700", "Net Income from Continuing & Discontinued Operation": "205,000", "Normalized Income": "203,186", "Interest Income": "5,500", "Interest Expense": "19,500", "Net Interest Income": "-14,000", "EBIT": "313,300", "EBITDA": "-", "Reconciled Cost of Revenue": "1,099,700", "Reconciled Depreciation": "49,700", "Net Income from Continuing Operation Net Minority Interest": "205,000", "Total Unusual Items Excluding Goodwill": "2,600", "Total Unusual Items": "2,600", "Normalized EBITDA": "360,400", "Tax Rate for Calcs": "0", "Tax Effect of Unusual Items": "785.8407"}}, "bs": {"12/31/2020": {"Duration": "12/31/2020", "Total Assets": "2,036,700", "Total Liabilities Net Minority Interest": "1,240,200", "Total Equity Gross Minority Interest": "796,500", "Total Capitalization": "1,283,200", "Common Stock Equity": "796,500", "Capital Lease Obligations": "25,500", "Net Tangible Assets": "796,500", "Working Capital": "958,100", "Invested Capital": "1,283,900", "Tangible Book Value": "796,500", "Total Debt": "512,900", "Net Debt": "132,100", "Share Issued": "115,500", "Ordinary Shares Number": "115,500"}, "12/31/2019": {"Duration": "12/31/2019", "Total Assets": "1,965,800", "Total Liabilities Net Minority Interest": "1,149,700", "Total Equity Gross Minority Interest": "816,100", "Total Capitalization": "1,260,100", "Common Stock Equity": "816,100", "Capital Lease Obligations": "28,400", "Net Tangible Assets": "816,100", "Working Capital": "949,100", "Invested Capital": "1,261,600", "Tangible Book Value": "816,100", "Total Debt": "473,900", "Net Debt": "54,700", "Share Issued": "115,700", "Ordinary Shares Number": "115,700"}, "12/31/2018": {"Duration": "12/31/2018", "Total Assets": "1,898,100", "Total Liabilities Net Minority Interest": "1,058,300", "Total Equity Gross Minority Interest": "839,800", "Total Capitalization": "1,294,900", "Common Stock Equity": "839,800", "Capital Lease Obligations": "-", "Net Tangible Assets": "839,800", "Working Capital": "968,000", "Invested Capital": "1,296,400", "Tangible Book Value": "839,800", "Total Debt": "456,600", "Net Debt": "83,300", "Share Issued": "115,900", "Ordinary Shares Number": "115,900"}}, "cf": {"TTM": {"Duration": "TTM", "Operating Cash Flow": "102,500", "Investing Cash Flow": "-61,300", "Financing Cash Flow": "-85,300", "End Cash Position": "362,000", "Income Tax Paid Supplemental Data": "15,300", "Interest Paid Supplemental Data": "18,000", "Capital Expenditure": "-62,800", "Issuance of Debt": "0", "Repayment of Debt": "-1,100", "Repurchase of Capital Stock": "-1,000", "Free Cash Flow": "39,700"}, "12/31/2020": {"Duration": "12/31/2020", "Operating Cash Flow": "102,500", "Investing Cash Flow": "-61,300", "Financing Cash Flow": "-85,300", "End Cash Position": "362,000", "Income Tax Paid Supplemental Data": "15,300", "Interest Paid Supplemental Data": "18,000", "Capital Expenditure": "-62,800", "Issuance of Debt": "-", "Repayment of Debt": "-1,100", "Repurchase of Capital Stock": "-1,000", "Free Cash Flow": "39,700"}, "12/31/2019": {"Duration": "12/31/2019", "Operating Cash Flow": "160,300", "Investing Cash Flow": "-52,500", "Financing Cash Flow": "-87,900", "End Cash Position": "392,300", "Income Tax Paid Supplemental Data": "35,800", "Interest Paid Supplemental Data": "17,400", "Capital Expenditure": "-55,100", "Issuance of Debt": "0", "Repayment of Debt": "-1,500", "Repurchase of Capital Stock": "-3,000", "Free Cash Flow": "105,200"}, "12/31/2018": {"Duration": "12/31/2018", "Operating Cash Flow": "188,500", "Investing Cash Flow": "-42,700", "Financing Cash Flow": "-80,400", "End Cash Position": "374,700", "Income Tax Paid Supplemental Data": "67,900", "Interest Paid Supplemental Data": "18,500", "Capital Expenditure": "-56,300", "Issuance of Debt": "0", "Repayment of Debt": "-1,500", "Repurchase of Capital Stock": "-", "Free Cash Flow": "132,200"}}}}, {"KRA": {"quote": {"05/12/2021": {"value": "33.95", "Market Cap": "1.111B", "Beta (5Y Monthly)": "2.40", "PE Ratio (TTM)": "N/A", "EPS (TTM)": "-12.52", "Earnings Date": "Jul 27, 2021 - Aug 02, 2021", "Forward Dividend & Yield": "N/A (N/A)", "Ex-Dividend Date": "N/A", "1y Target Est": "41.67"}}, "fin": {"TTM": {"Duration": "TTM", "Total Revenue": "1,573,152", "Cost of Revenue": "1,158,448", "Gross Profit": "414,704", "Operating Expense": "320,042", "Operating Income": "94,662", "Net Non Operating Interest Income Expense": "-51,416", "Other Income Expense": "-426,080", "Pretax Income": "-382,834", "Tax Provision": "13,279", "Net Income Common Stockholders": "-399,758", "Average Dilution Earnings": "-", "Diluted NI Available to Com Stockholders": "-399,758", "Basic EPS": "-", "Diluted EPS": "-", "Basic Average Shares": "-", "Diluted Average Shares": "-", "Total Operating Income as Reported": "-306,456", "Total Expenses": "1,478,490", "Net Income from Continuing & Discontinued Operation": "-400,459", "Normalized Income": "-143,640", "Interest Expense": "51,416", "Net Interest Income": "-51,416", "EBIT": "-331,418", "EBITDA": "-205,012", "Reconciled Cost of Revenue": "1,158,448", "Reconciled Depreciation": "126,406", "Net Income from Continuing Operation Net Minority Interest": "-400,459", "Total Unusual Items Excluding Goodwill": "-428,032", "Total Unusual Items": "-428,032", "Normalized EBITDA": "223,020", "Tax Rate for Calcs": "0", "Tax Effect of Unusual Items": "-171,213"}, "12/31/2020": {"Duration": "12/31/2020", "Total Revenue": "1,563,150", "Cost of Revenue": "1,165,279", "Gross Profit": "397,871", "Operating Expense": "328,709", "Operating Income": "69,162", "Net Non Operating Interest Income Expense": "-57,930", "Other Income Expense": "-264,952", "Pretax Income": "-253,720", "Tax Provision": "-32,034", "Net Income Common Stockholders": "-224,901", "Average Dilution Earnings": "0", "Diluted NI Available to Com Stockholders": "-224,901", "Basic EPS": "-", "Diluted EPS": "-", "Basic Average Shares": "-", "Diluted Average Shares": "-", "Total Operating Income as Reported": "-331,588", "Total Expenses": "1,493,988", "Net Income from Continuing & Discontinued Operation": "-225,602", "Normalized Income": "7,235", "Interest Expense": "57,930", "Net Interest Income": "-57,930", "EBIT": "-195,790", "EBITDA": "-", "Reconciled Cost of Revenue": "1,165,279", "Reconciled Depreciation": "126,022", "Net Income from Continuing Operation Net Minority Interest": "-225,602", "Total Unusual Items Excluding Goodwill": "-266,404", "Total Unusual Items": "-266,404", "Normalized EBITDA": "196,636", "Tax Rate for Calcs": "0", "Tax Effect of Unusual Items": "-33,567"}, "12/31/2019": {"Duration": "12/31/2019", "Total Revenue": "1,804,436", "Cost of Revenue": "1,390,007", "Gross Profit": "414,429", "Operating Expense": "327,044", "Operating Income": "87,385", "Net Non Operating Interest Income Expense": "-75,782", "Other Income Expense": "32,401", "Pretax Income": "44,004", "Tax Provision": "-11,813", "Net Income Common Stockholders": "50,906", "Average Dilution Earnings": "4", "Diluted NI Available to Com Stockholders": "50,910", "Basic EPS": "1.61", "Diluted EPS": "1.60", "Basic Average Shares": "31,581", "Diluted Average Shares": "31,881", "Total Operating Income as Reported": "119,462", "Total Expenses": "1,717,051", "Net Income from Continuing & Discontinued Operation": "51,305", "Normalized Income": "30,459", "Interest Expense": "75,782", "Net Interest Income": "-75,782", "EBIT": "119,786", "EBITDA": "-", "Reconciled Cost of Revenue": "1,390,007", "Reconciled Depreciation": "136,171", "Net Income from Continuing Operation Net Minority Interest": "51,305", "Total Unusual Items Excluding Goodwill": "28,556", "Total Unusual Items": "28,556", "Normalized EBITDA": "227,401", "Tax Rate for Calcs": "0", "Tax Effect of Unusual Items": "7,710"}, "12/31/2018": {"Duration": "12/31/2018", "Total Revenue": "2,011,675", "Cost of Revenue": "1,431,069", "Gross Profit": "580,606", "Operating Expense": "336,603", "Operating Income": "244,003", "Net Non Operating Interest Income Expense": "-93,772", "Other Income Expense": "-76,136", "Pretax Income": "74,095", "Tax Provision": "3,574", "Net Income Common Stockholders": "66,043", "Average Dilution Earnings": "11", "Diluted NI Available to Com Stockholders": "66,054", "Basic EPS": "2.10", "Diluted EPS": "2.08", "Basic Average Shares": "31,416", "Diluted Average Shares": "31,789", "Total Operating Income as Reported": "250,734", "Total Expenses": "1,767,672", "Net Income from Continuing & Discontinued Operation": "67,015", "Normalized Income": "136,640", "Interest Expense": "93,772", "Net Interest Income": "-93,772", "EBIT": "167,867", "EBITDA": "-", "Reconciled Cost of Revenue": "1,431,069", "Reconciled Depreciation": "141,410", "Net Income from Continuing Operation Net Minority Interest": "67,015", "Total Unusual Items Excluding Goodwill": "-73,135", "Total Unusual Items": "-73,135", "Normalized EBITDA": "382,412", "Tax Rate for Calcs": "0", "Tax Effect of Unusual Items": "-3,510"}}, "bs": {"12/31/2020": {"Duration": "12/31/2020", "Total Assets": "2,460,957", "Total Liabilities Net Minority Interest": "1,811,955", "Total Equity Gross Minority Interest": "649,002", "Total Capitalization": "1,469,879", "Common Stock Equity": "604,363", "Capital Lease Obligations": "86,197", "Net Tangible Assets": "-65,432", "Working Capital": "213,303", "Invested Capital": "1,542,226", "Tangible Book Value": "-65,432", "Total Debt": "1,024,060", "Net Debt": "851,962", "Share Issued": "31,873", "Ordinary Shares Number": "31,873"}, "12/31/2019": {"Duration": "12/31/2019", "Total Assets": "2,832,385", "Total Liabilities Net Minority Interest": "2,042,957", "Total Equity Gross Minority Interest": "789,428", "Total Capitalization": "2,062,929", "Common Stock Equity": "751,443", "Capital Lease Obligations": "87,532", "Net Tangible Assets": "-346,852", "Working Capital": "283,392", "Invested Capital": "2,116,068", "Tangible Book Value": "-346,852", "Total Debt": "1,452,157", "Net Debt": "1,329,592", "Share Issued": "31,751", "Ordinary Shares Number": "31,751"}, "12/31/2018": {"Duration": "12/31/2018", "Total Assets": "2,894,704", "Total Liabilities Net Minority Interest": "2,147,105", "Total Equity Gross Minority Interest": "747,599", "Total Capitalization": "2,202,436", "Common Stock Equity": "715,138", "Capital Lease Obligations": "-", "Net Tangible Assets": "-419,786", "Working Capital": "416,469", "Invested Capital": "2,247,757", "Tangible Book Value": "-419,786", "Total Debt": "1,532,619", "Net Debt": "1,446,728", "Share Issued": "31,917", "Ordinary Shares Number": "31,917"}}, "cf": {"TTM": {"Duration": "TTM", "Operating Cash Flow": "143,056", "Investing Cash Flow": "-91,102", "Financing Cash Flow": "-143,727", "End Cash Position": "59,729", "Income Tax Paid Supplemental Data": "-", "Interest Paid Supplemental Data": "47,904", "Capital Expenditure": "-91,102", "Issuance of Debt": "475,141", "Repayment of Debt": "-608,912", "Repurchase of Capital Stock": "-5,031", "Free Cash Flow": "51,954"}, "12/31/2020": {"Duration": "12/31/2020", "Operating Cash Flow": "151,331", "Investing Cash Flow": "424,532", "Financing Cash Flow": "-520,933", "End Cash Position": "85,901", "Income Tax Paid Supplemental Data": "6,917", "Interest Paid Supplemental Data": "66,757", "Capital Expenditure": "-85,968", "Issuance of Debt": "548,949", "Repayment of Debt": "-1,058,723", "Repurchase of Capital Stock": "-847", "Free Cash Flow": "65,363"}, "12/31/2019": {"Duration": "12/31/2019", "Operating Cash Flow": "234,940", "Investing Cash Flow": "-108,724", "Financing Cash Flow": "-176,138", "End Cash Position": "35,033", "Income Tax Paid Supplemental Data": "7,804", "Interest Paid Supplemental Data": "56,407", "Capital Expenditure": "-112,672", "Issuance of Debt": "92,181", "Repayment of Debt": "-257,922", "Repurchase of Capital Stock": "-12,821", "Free Cash Flow": "122,268"}, "12/31/2018": {"Duration": "12/31/2018", "Operating Cash Flow": "246,579", "Investing Cash Flow": "-111,097", "Financing Cash Flow": "-136,723", "End Cash Position": "85,891", "Income Tax Paid Supplemental Data": "4,715", "Interest Paid Supplemental Data": "106,838", "Capital Expenditure": "-111,097", "Issuance of Debt": "757,458", "Repayment of Debt": "-882,596", "Repurchase of Capital Stock": "-6,189", "Free Cash Flow": "135,482"}}}}, {"KWR": {"quote": {"05/12/2021": {"value": "229.75", "Market Cap": "3.951B", "Beta (5Y Monthly)": "1.47", "PE Ratio (TTM)": "38.55", "EPS (TTM)": "5.96", "Earnings Date": "Aug 03, 2021 - Aug 09, 2021", "Forward Dividend & Yield": "1.58 (0.66%)", "Ex-Dividend Date": "Apr 15, 2021", "1y Target Est": "279.40"}}, "fin": {"TTM": {"Duration": "TTM", "Total Revenue": "1,417,677", "Cost of Revenue": "904,234", "Gross Profit": "513,443", "Operating Expense": "377,407", "Operating Income": "136,036", "Net Non Operating Interest Income Expense": "-26,603", "Other Income Expense": "-82,294", "Pretax Income": "27,139", "Tax Provision": "-5,296", "Earnings from Equity Interest Net of Tax": "7,352", "Net Income Common Stockholders": "39,510", "Average Dilution Earnings": "0", "Diluted NI Available to Com Stockholders": "39,510", "Basic EPS": "-", "Diluted EPS": "-", "Basic Average Shares": "-", "Diluted Average Shares": "-", "Total Operating Income as Reported": "59,360", "Total Expenses": "1,281,641", "Net Income from Continuing & Discontinued Operation": "39,658", "Normalized Income": "85,020", "Interest Income": "-", "Interest Expense": "26,603", "Net Interest Income": "-26,603", "EBIT": "53,742", "EBITDA": "136,988", "Reconciled Cost of Revenue": "904,234", "Reconciled Depreciation": "83,246", "Net Income from Continuing Operation Net Minority Interest": "39,658", "Total Unusual Items Excluding Goodwill": "-62,140", "Total Unusual Items": "-62,140", "Normalized EBITDA": "199,128", "Tax Rate for Calcs": "0", "Tax Effect of Unusual Items": "-16,778"}, "12/31/2020": {"Duration": "12/31/2020", "Total Revenue": "1,417,677", "Cost of Revenue": "904,234", "Gross Profit": "513,443", "Operating Expense": "377,407", "Operating Income": "136,036", "Net Non Operating Interest Income Expense": "-26,603", "Other Income Expense": "-82,294", "Pretax Income": "27,139", "Tax Provision": "-5,296", "Earnings from Equity Interest Net of Tax": "7,352", "Net Income Common Stockholders": "39,510", "Average Dilution Earnings": "0", "Diluted NI Available to Com Stockholders": "39,510", "Basic EPS": "-", "Diluted EPS": "-", "Basic Average Shares": "-", "Diluted Average Shares": "-", "Total Operating Income as Reported": "59,360", "Total Expenses": "1,281,641", "Net Income from Continuing & Discontinued Operation": "39,658", "Normalized Income": "85,020", "Interest Income": "-", "Interest Expense": "26,603", "Net Interest Income": "-26,603", "EBIT": "53,742", "EBITDA": "-", "Reconciled Cost of Revenue": "904,234", "Reconciled Depreciation": "83,246", "Net Income from Continuing Operation Net Minority Interest": "39,658", "Total Unusual Items Excluding Goodwill": "-62,140", "Total Unusual Items": "-62,140", "Normalized EBITDA": "199,128", "Tax Rate for Calcs": "0", "Tax Effect of Unusual Items": "-16,778"}, "12/31/2019": {"Duration": "12/31/2019", "Total Revenue": "1,133,503", "Cost of Revenue": "741,386", "Gross Profit": "392,117", "Operating Expense": "282,710", "Operating Income": "109,407", "Net Non Operating Interest Income Expense": "-16,976", "Other Income Expense": "-63,527", "Pretax Income": "28,904", "Tax Provision": "2,084", "Earnings from Equity Interest Net of Tax": "5,064", "Net Income Common Stockholders": "31,532", "Average Dilution Earnings": "0", "Diluted NI Available to Com Stockholders": "31,532", "Basic EPS": "2.08", "Diluted EPS": "2.08", "Basic Average Shares": "15,127", "Diluted Average Shares": "15,163", "Total Operating Income as Reported": "46,134", "Total Expenses": "1,024,096", "Net Income from Continuing & Discontinued Operation": "31,622", "Normalized Income": "88,985", "Interest Income": "-", "Interest Expense": "16,976", "Net Interest Income": "-16,976", "EBIT": "45,880", "EBITDA": "-", "Reconciled Cost of Revenue": "741,386", "Reconciled Depreciation": "44,895", "Net Income from Continuing Operation Net Minority Interest": "31,622", "Total Unusual Items Excluding Goodwill": "-61,814", "Total Unusual Items": "-61,814", "Normalized EBITDA": "152,589", "Tax Rate for Calcs": "0", "Tax Effect of Unusual Items": "-4,451"}, "12/31/2018": {"Duration": "12/31/2018", "Total Revenue": "867,520", "Cost of Revenue": "555,206", "Gross Profit": "312,314", "Operating Expense": "207,204", "Operating Income": "105,110", "Net Non Operating Interest Income Expense": "-4,041", "Other Income Expense": "-17,971", "Pretax Income": "83,098", "Tax Provision": "25,050", "Earnings from Equity Interest Net of Tax": "1,763", "Net Income Common Stockholders": "59,220", "Average Dilution Earnings": "1", "Diluted NI Available to Com Stockholders": "59,221", "Basic EPS": "4.46", "Diluted EPS": "4.45", "Basic Average Shares": "13,268", "Diluted Average Shares": "13,305", "Total Operating Income as Reported": "87,781", "Total Expenses": "762,410", "Net Income from Continuing & Discontinued Operation": "59,473", "Normalized Income": "71,161", "Interest Income": "2,117", "Interest Expense": "6,158", "Net Interest Income": "-4,041", "EBIT": "89,256", "EBITDA": "-", "Reconciled Cost of Revenue": "555,206", "Reconciled Depreciation": "19,714", "Net Income from Continuing Operation Net Minority Interest": "59,473", "Total Unusual Items Excluding Goodwill": "-16,721", "Total Unusual Items": "-16,721", "Normalized EBITDA": "125,691", "Tax Rate for Calcs": "0", "Tax Effect of Unusual Items": "-5,033"}}, "bs": {"12/31/2020": {"Duration": "12/31/2020", "Total Assets": "2,891,834", "Total Liabilities Net Minority Interest": "1,570,920", "Total Equity Gross Minority Interest": "1,320,914", "Total Capitalization": "2,169,432", "Common Stock Equity": "1,320,364", "Capital Lease Obligations": "37,971", "Net Tangible Assets": "-392,206", "Working Capital": "409,767", "Invested Capital": "2,208,399", "Tangible Book Value": "-392,206", "Total Debt": "926,006", "Net Debt": "706,202", "Share Issued": "17,851", "Ordinary Shares Number": "17,851"}, "12/31/2019": {"Duration": "12/31/2019", "Total Assets": "2,850,316", "Total Liabilities Net Minority Interest": "1,607,950", "Total Equity Gross Minority Interest": "1,242,366", "Total Capitalization": "2,123,199", "Common Stock Equity": "1,240,762", "Capital Lease Obligations": "42,450", "Net Tangible Assets": "-488,208", "Working Capital": "356,038", "Invested Capital": "2,161,531", "Tangible Book Value": "-488,208", "Total Debt": "963,219", "Net Debt": "797,245", "Share Issued": "17,735", "Ordinary Shares Number": "17,735"}, "12/31/2018": {"Duration": "12/31/2018", "Total Assets": "709,665", "Total Liabilities Net Minority Interest": "273,296", "Total Equity Gross Minority Interest": "436,369", "Total Capitalization": "470,986", "Common Stock Equity": "435,052", "Capital Lease Obligations": "-", "Net Tangible Assets": "288,137", "Working Capital": "267,040", "Invested Capital": "471,656", "Tangible Book Value": "288,137", "Total Debt": "36,604", "Net Debt": "-", "Share Issued": "13,338", "Ordinary Shares Number": "13,338"}}, "cf": {"TTM": {"Duration": "TTM", "Operating Cash Flow": "178,389", "Investing Cash Flow": "-71,385", "Financing Cash Flow": "-75,255", "End Cash Position": "181,895", "Income Tax Paid Supplemental Data": "20,253", "Interest Paid Supplemental Data": "23,653", "Capital Expenditure": "-17,901", "Issuance of Debt": "0", "Repayment of Debt": "-49,761", "Repurchase of Capital Stock": "-", "Free Cash Flow": "160,488"}, "12/31/2020": {"Duration": "12/31/2020", "Operating Cash Flow": "178,389", "Investing Cash Flow": "-71,385", "Financing Cash Flow": "-75,255", "End Cash Position": "181,895", "Income Tax Paid Supplemental Data": "20,253", "Interest Paid Supplemental Data": "23,653", "Capital Expenditure": "-17,901", "Issuance of Debt": "0", "Repayment of Debt": "-49,761", "Repurchase of Capital Stock": "-", "Free Cash Flow": "160,488"}, "12/31/2019": {"Duration": "12/31/2019", "Operating Cash Flow": "82,374", "Investing Cash Flow": "-908,632", "Financing Cash Flow": "844,130", "End Cash Position": "143,555", "Income Tax Paid Supplemental Data": "15,499", "Interest Paid Supplemental Data": "19,553", "Capital Expenditure": "-15,545", "Issuance of Debt": "897,135", "Repayment of Debt": "-8,798", "Repurchase of Capital Stock": "-", "Free Cash Flow": "66,829"}, "12/31/2018": {"Duration": "12/31/2018", "Operating Cash Flow": "78,779", "Investing Cash Flow": "-12,358", "Financing Cash Flow": "-46,905", "End Cash Position": "124,425", "Income Tax Paid Supplemental Data": "19,617", "Interest Paid Supplemental Data": "2,417", "Capital Expenditure": "-12,886", "Issuance of Debt": "-", "Repayment of Debt": "-26,791", "Repurchase of Capital Stock": "0", "Free Cash Flow": "65,893"}}}}, {"LPAD": {"quote": {"05/12/2021": {"value": "", "Net Assets": "N/A", "Beta (5Y Monthly)": "N/A", "Yield": "N/A", "5y Average Return": "N/A", "Holdings Turnover": "N/A", "Last Dividend": "N/A", "Average for Category": "N/A", "Inception Date": "N/A"}}, "fin": {}, "bs": {}, "cf": {}}}, {"LWLG": {"quote": {"05/12/2021": {"value": "1.4000", "Market Cap": "143.868M", "Beta (5Y Monthly)": "0.86", "PE Ratio (TTM)": "N/A", "EPS (TTM)": "-0.0730", "Earnings Date": "Apr 01, 2021", "Forward Dividend & Yield": "N/A (N/A)", "Ex-Dividend Date": "N/A", "1y Target Est": "2.71"}}, "fin": {"TTM": {"Duration": "TTM", "Total Revenue": "0", "Operating Expense": "6,600", "Operating Income": "-6,600", "Net Non Operating Interest Income Expense": "-115.59", "Other Income Expense": "-", "Pretax Income": "-6,716", "Net Income Common Stockholders": "-6,716", "Diluted NI Available to Com Stockholders": "-6,716", "Basic EPS": "-", "Diluted EPS": "-", "Basic Average Shares": "-", "Diluted Average Shares": "-", "Total Operating Income as Reported": "-6,600", "Total Expenses": "6,600", "Net Income from Continuing & Discontinued Operation": "-6,716", "Normalized Income": "-6,716", "Interest Income": "0.776", "Net Interest Income": "-115.59", "EBIT": "-6,600", "EBITDA": "-5,816", "Reconciled Depreciation": "784.419", "Net Income from Continuing Operation Net Minority Interest": "-6,716", "Normalized EBITDA": "-5,816", "Tax Rate for Calcs": "0", "Tax Effect of Unusual Items": "0"}, "12/31/2020": {"Duration": "12/31/2020", "Total Revenue": "0", "Operating Expense": "6,600", "Operating Income": "-6,600", "Net Non Operating Interest Income Expense": "-115.59", "Other Income Expense": "-", "Pretax Income": "-6,716", "Net Income Common Stockholders": "-6,716", "Diluted NI Available to Com Stockholders": "-6,716", "Basic EPS": "-", "Diluted EPS": "-", "Basic Average Shares": "-", "Diluted Average Shares": "-", "Total Operating Income as Reported": "-6,600", "Total Expenses": "6,600", "Net Income from Continuing & Discontinued Operation": "-6,716", "Normalized Income": "-6,716", "Interest Income": "0.776", "Net Interest Income": "-115.59", "EBIT": "-6,600", "EBITDA": "-", "Reconciled Depreciation": "784.419", "Net Income from Continuing Operation Net Minority Interest": "-6,716", "Normalized EBITDA": "-5,816", "Tax Rate for Calcs": "0", "Tax Effect of Unusual Items": "0"}, "12/31/2019": {"Duration": "12/31/2019", "Total Revenue": "0", "Operating Expense": "6,319", "Operating Income": "-6,319", "Net Non Operating Interest Income Expense": "-407.56", "Other Income Expense": "-407.792", "Pretax Income": "-6,727", "Net Income Common Stockholders": "-6,727", "Diluted NI Available to Com Stockholders": "-6,727", "Basic EPS": "-0.08", "Diluted EPS": "-0.08", "Basic Average Shares": "83,300", "Diluted Average Shares": "83,300", "Total Operating Income as Reported": "-6,319", "Total Expenses": "6,319", "Net Income from Continuing & Discontinued Operation": "-6,727", "Normalized Income": "-6,727", "Interest Income": "0.232", "Net Interest Income": "-407.56", "EBIT": "-6,319", "EBITDA": "-", "Reconciled Depreciation": "698.694", "Net Income from Continuing Operation Net Minority Interest": "-6,727", "Normalized EBITDA": "-5,621", "Tax Rate for Calcs": "0", "Tax Effect of Unusual Items": "0"}, "12/31/2018": {"Duration": "12/31/2018", "Total Revenue": "0", "Operating Expense": "5,601", "Operating Income": "-5,601", "Net Non Operating Interest Income Expense": "-171.942", "Other Income Expense": "-172.192", "Pretax Income": "-5,773", "Net Income Common Stockholders": "-5,773", "Diluted NI Available to Com Stockholders": "-5,773", "Basic EPS": "-0.08", "Diluted EPS": "-0.08", "Basic Average Shares": "76,396", "Diluted Average Shares": "76,396", "Total Operating Income as Reported": "-5,601", "Total Expenses": "5,601", "Net Income from Continuing & Discontinued Operation": "-5,773", "Normalized Income": "-5,773", "Interest Income": "0.25", "Net Interest Income": "-171.942", "EBIT": "-5,601", "EBITDA": "-", "Reconciled Depreciation": "465.795", "Net Income from Continuing Operation Net Minority Interest": "-5,773", "Normalized EBITDA": "-5,135", "Tax Rate for Calcs": "0", "Tax Effect of Unusual Items": "0"}}, "bs": {"12/31/2020": {"Duration": "12/31/2020", "Total Assets": "7,367", "Total Liabilities Net Minority Interest": "1,591", "Total Equity Gross Minority Interest": "5,775", "Total Capitalization": "5,775", "Common Stock Equity": "5,775", "Capital Lease Obligations": "703.454", "Net Tangible Assets": "4,859", "Working Capital": "2,941", "Invested Capital": "6,186", "Tangible Book Value": "4,859", "Total Debt": "1,114", "Share Issued": "97,776", "Ordinary Shares Number": "97,776"}, "12/31/2019": {"Duration": "12/31/2019", "Total Assets": "6,825", "Total Liabilities Net Minority Interest": "1,917", "Total Equity Gross Minority Interest": "4,908", "Total Capitalization": "4,908", "Common Stock Equity": "4,908", "Capital Lease Obligations": "859.979", "Net Tangible Assets": "3,968", "Working Capital": "1,611", "Invested Capital": "4,908", "Tangible Book Value": "3,968", "Total Debt": "859.979", "Share Issued": "87,410", "Ordinary Shares Number": "87,410"}, "12/31/2018": {"Duration": "12/31/2018", "Total Assets": "5,251", "Total Liabilities Net Minority Interest": "344.202", "Total Equity Gross Minority Interest": "4,907", "Total Capitalization": "4,907", "Common Stock Equity": "4,907", "Capital Lease Obligations": "-", "Net Tangible Assets": "3,969", "Working Capital": "2,168", "Invested Capital": "4,907", "Tangible Book Value": "3,969", "Total Debt": "-", "Share Issued": "79,176", "Ordinary Shares Number": "79,176"}}, "cf": {"TTM": {"Duration": "TTM", "Operating Cash Flow": "-4,874", "Investing Cash Flow": "-217.984", "Financing Cash Flow": "6,162", "End Cash Position": "3,307", "Capital Expenditure": "-217.984", "Issuance of Capital Stock": "5,173", "Repayment of Debt": "-669.649", "Free Cash Flow": "-5,092"}, "12/31/2020": {"Duration": "12/31/2020", "Operating Cash Flow": "-4,874", "Investing Cash Flow": "-217.984", "Financing Cash Flow": "6,162", "End Cash Position": "3,307", "Capital Expenditure": "-217.984", "Issuance of Capital Stock": "5,173", "Repayment of Debt": "-669.649", "Free Cash Flow": "-5,092"}, "12/31/2019": {"Duration": "12/31/2019", "Operating Cash Flow": "-4,766", "Investing Cash Flow": "-305.67", "Financing Cash Flow": "5,133", "End Cash Position": "2,236", "Capital Expenditure": "-305.67", "Issuance of Capital Stock": "5,639", "Repayment of Debt": "-505.726", "Free Cash Flow": "-5,072"}, "12/31/2018": {"Duration": "12/31/2018", "Operating Cash Flow": "-4,401", "Investing Cash Flow": "-1,432", "Financing Cash Flow": "4,526", "End Cash Position": "2,175", "Capital Expenditure": "-1,435", "Issuance of Capital Stock": "4,864", "Repayment of Debt": "-", "Free Cash Flow": "-5,836"}}}}, {"TORM": {"quote": {"05/12/2021": {"value": "2.4000", "Market Cap": "4.604M", "Beta (5Y Monthly)": "0.90", "PE Ratio (TTM)": "N/A", "EPS (TTM)": "-0.2400", "Earnings Date": "N/A", "Forward Dividend & Yield": "N/A (N/A)", "Ex-Dividend Date": "N/A", "1y Target Est": "N/A"}}, "fin": {"TTM": {"Duration": "TTM", "Total Revenue": "38,966", "Cost of Revenue": "35,412", "Gross Profit": "3,554", "Operating Expense": "4,881", "Operating Income": "-1,327", "Net Non Operating Interest Income Expense": "-112", "Other Income Expense": "-11", "Pretax Income": "-1,450", "Tax Provision": "-314", "Net Income Common Stockholders": "-1,136", "Diluted NI Available to Com Stockholders": "-1,136", "Total Operating Income as Reported": "-1,342", "Total Expenses": "40,293", "Net Income from Continuing & Discontinued Operation": "-1,136", "Normalized Income": "-1,111", "Interest Expense": "112", "Net Interest Income": "-112", "EBIT": "-1,338", "EBITDA": "1,436", "Reconciled Cost of Revenue": "35,412", "Reconciled Depreciation": "2,774", "Net Income from Continuing Operation Net Minority Interest": "-1,136", "Total Unusual Items Excluding Goodwill": "-41", "Total Unusual Items": "-41", "Normalized EBITDA": "1,477", "Tax Rate for Calcs": "0", "Tax Effect of Unusual Items": "-16.4"}}, "bs": {}, "cf": {"TTM": {"Duration": "TTM", "Operating Cash Flow": "3,879", "Investing Cash Flow": "-3,097", "Financing Cash Flow": "-1,070", "End Cash Position": "3,609", "Income Tax Paid Supplemental Data": "76", "Interest Paid Supplemental Data": "117", "Capital Expenditure": "-3,099", "Issuance of Capital Stock": "0", "Issuance of Debt": "225", "Repayment of Debt": "-1,295", "Free Cash Flow": "780"}}}}, {"MACE": {"quote": {"05/12/2021": {"value": "0.5000", "Market Cap": "33.585M", "Beta (5Y Monthly)": "1.72", "PE Ratio (TTM)": "18.52", "EPS (TTM)": "0.0270", "Earnings Date": "Apr 06, 2021", "Forward Dividend & Yield": "N/A (N/A)", "Ex-Dividend Date": "N/A", "1y Target Est": "N/A"}}, "bs": {"12/31/2019": {"Duration": "12/31/2019", "Total Assets": "9,002", "Total Liabilities Net Minority Interest": "2,716", "Total Equity Gross Minority Interest": "6,286", "Total Capitalization": "6,570", "Common Stock Equity": "6,286", "Capital Lease Obligations": "785", "Net Tangible Assets": "2,511", "Working Capital": "2,029", "Invested Capital": "7,385", "Tangible Book Value": "2,511", "Total Debt": "1,884", "Net Debt": "792", "Share Issued": "63,410", "Ordinary Shares Number": "63,320", "Treasury Shares Number": "90.548"}, "12/31/2018": {"Duration": "12/31/2018", "Total Assets": "9,509", "Total Liabilities Net Minority Interest": "1,850", "Total Equity Gross Minority Interest": "7,659", "Total Capitalization": "8,140", "Common Stock Equity": "7,659", "Capital Lease Obligations": "-", "Net Tangible Assets": "3,839", "Working Capital": "3,611", "Invested Capital": "8,612", "Tangible Book Value": "3,839", "Total Debt": "953", "Net Debt": "755", "Share Issued": "63,055", "Ordinary Shares Number": "63,055", "Treasury Shares Number": "-"}}, "cf": {"TTM": {"Duration": "TTM", "Operating Cash Flow": "350", "Investing Cash Flow": "-43", "Financing Cash Flow": "-144", "End Cash Position": "549", "Income Tax Paid Supplemental Data": "-", "Interest Paid Supplemental Data": "-", "Capital Expenditure": "-43", "Issuance of Capital Stock": "21", "Issuance of Debt": "897", "Repayment of Debt": "-1,062", "Free Cash Flow": "307"}, "12/31/2019": {"Duration": "12/31/2019", "Operating Cash Flow": "-106", "Investing Cash Flow": "73", "Financing Cash Flow": "142", "End Cash Position": "307", "Income Tax Paid Supplemental Data": "-", "Interest Paid Supplemental Data": "-", "Capital Expenditure": "-76", "Issuance of Capital Stock": "21", "Issuance of Debt": "1,075", "Repayment of Debt": "-954", "Free Cash Flow": "-182"}, "12/31/2018": {"Duration": "12/31/2018", "Operating Cash Flow": "-409", "Investing Cash Flow": "96", "Financing Cash Flow": "-151", "End Cash Position": "198", "Income Tax Paid Supplemental Data": "9", "Interest Paid Supplemental Data": "46", "Capital Expenditure": "-168", "Issuance of Capital Stock": "1", "Issuance of Debt": "1,000", "Repayment of Debt": "-1,152", "Free Cash Flow": "-577"}}}}, {"BFRE": {"quote": {"03/28/2021": {"value": "0.0008", "Market Cap": "741,176", "Beta (5Y Monthly)": "-4.14", "PE Ratio (TTM)": "N/A", "EPS (TTM)": "-0.0030", "Earnings Date": "N/A", "Forward Dividend & Yield": "N/A (N/A)", "Ex-Dividend Date": "N/A", "1y Target Est": "N/A"}}, "fin": {}, "bs": {}, "cf": {}}}, {"SNMX": {"quote": {"05/12/2021": {"value": "", "Net Assets": "N/A", "Beta (5Y Monthly)": "N/A", "Yield": "N/A", "5y Average Return": "N/A", "Holdings Turnover": "N/A", "Last Dividend": "N/A", "Average for Category": "N/A", "Inception Date": "N/A"}}, "fin": {}, "bs": {}, "cf": {}}}, {"ADMT": {"quote": {"05/12/2021": {"value": "0.1500", "Market Cap": "10.138M", "Beta (5Y Monthly)": "-0.03", "PE Ratio (TTM)": "N/A", "EPS (TTM)": "-0.0030", "Earnings Date": "N/A", "Forward Dividend & Yield": "N/A (N/A)", "Ex-Dividend Date": "N/A", "1y Target Est": "N/A"}}, "fin": {"TTM": {"Duration": "TTM", "Total Revenue": "3,152", "Cost of Revenue": "1,965", "Gross Profit": "1,187", "Operating Expense": "1,436", "Operating Income": "-248.427", "Net Non Operating Interest Income Expense": "10.36", "Pretax Income": "-238.067", "Tax Provision": "-8.793", "Net Income Common Stockholders": "-229.274", "Diluted NI Available to Com Stockholders": "-229.274", "Basic EPS": "-", "Diluted EPS": "-", "Basic Average Shares": "-", "Diluted Average Shares": "-", "Total Operating Income as Reported": "-258.427", "Total Expenses": "3,401", "Net Income from Continuing & Discontinued Operation": "-229.274", "Normalized Income": "-229.274", "Interest Income": "18.854", "Interest Expense": "8.494", "Net Interest Income": "10.36", "EBIT": "-229.573", "EBITDA": "-189.455", "Reconciled Cost of Revenue": "1,937", "Reconciled Depreciation": "40.118", "Net Income from Continuing Operation Net Minority Interest": "-229.274", "Normalized EBITDA": "-189.455", "Tax Rate for Calcs": "0", "Tax Effect of Unusual Items": "0"}, "3/31/2020": {"Duration": "3/31/2020", "Total Revenue": "3,486", "Cost of Revenue": "1,912", "Gross Profit": "1,574", "Operating Expense": "1,617", "Operating Income": "-43.389", "Net Non Operating Interest Income Expense": "17.152", "Pretax Income": "-26.237", "Tax Provision": "69.522", "Net Income Common Stockholders": "-95.759", "Diluted NI Available to Com Stockholders": "-95.759", "Basic EPS": "-0.00", "Diluted EPS": "-0.00", "Basic Average Shares": "67,588", "Diluted Average Shares": "67,588", "Total Operating Income as Reported": "-43.389", "Total Expenses": "3,529", "Net Income from Continuing & Discontinued Operation": "-95.759", "Normalized Income": "-95.759", "Interest Income": "25.576", "Interest Expense": "8.424", "Net Interest Income": "17.152", "EBIT": "-17.813", "EBITDA": "-", "Reconciled Cost of Revenue": "1,895", "Reconciled Depreciation": "39.559", "Net Income from Continuing Operation Net Minority Interest": "-95.759", "Normalized EBITDA": "21.746", "Tax Rate for Calcs": "0", "Tax Effect of Unusual Items": "0"}, "3/31/2019": {"Duration": "3/31/2019", "Total Revenue": "3,019", "Cost of Revenue": "1,455", "Gross Profit": "1,564", "Operating Expense": "1,939", "Operating Income": "-374.72", "Net Non Operating Interest Income Expense": "18.141", "Pretax Income": "-356.579", "Tax Provision": "-14", "Net Income Common Stockholders": "-342.579", "Diluted NI Available to Com Stockholders": "-342.579", "Basic EPS": "-0.01", "Diluted EPS": "-0.01", "Basic Average Shares": "67,588", "Diluted Average Shares": "67,588", "Total Operating Income as Reported": "-374.72", "Total Expenses": "3,394", "Net Income from Continuing & Discontinued Operation": "-342.579", "Normalized Income": "-342.579", "Interest Income": "26.948", "Interest Expense": "8.807", "Net Interest Income": "18.141", "EBIT": "-347.772", "EBITDA": "-", "Reconciled Cost of Revenue": "1,438", "Reconciled Depreciation": "39.055", "Net Income from Continuing Operation Net Minority Interest": "-342.579", "Normalized EBITDA": "-308.717", "Tax Rate for Calcs": "0", "Tax Effect of Unusual Items": "0"}}, "bs": {"3/31/2020": {"Duration": "3/31/2020", "Total Assets": "5,053", "Total Liabilities Net Minority Interest": "1,714", "Total Equity Gross Minority Interest": "3,339", "Total Capitalization": "3,339", "Common Stock Equity": "3,339", "Capital Lease Obligations": "727.765", "Net Tangible Assets": "3,317", "Working Capital": "1,688", "Invested Capital": "3,369", "Tangible Book Value": "3,317", "Total Debt": "757.765", "Share Issued": "67,588", "Ordinary Shares Number": "67,588"}, "3/31/2019": {"Duration": "3/31/2019", "Total Assets": "4,545", "Total Liabilities Net Minority Interest": "1,110", "Total Equity Gross Minority Interest": "3,435", "Total Capitalization": "3,435", "Common Stock Equity": "3,435", "Capital Lease Obligations": "53.646", "Net Tangible Assets": "3,426", "Working Capital": "1,739", "Invested Capital": "3,605", "Tangible Book Value": "3,426", "Total Debt": "223.531", "Share Issued": "67,588", "Ordinary Shares Number": "67,588"}}, "cf": {"TTM": {"Duration": "TTM", "Operating Cash Flow": "-573.44", "Investing Cash Flow": "-", "Financing Cash Flow": "436.494", "End Cash Position": "1,450", "Income Tax Paid Supplemental Data": "0.75", "Interest Paid Supplemental Data": "8.423", "Capital Expenditure": "-", "Issuance of Debt": "466", "Repayment of Debt": "-29.506", "Free Cash Flow": "-588.3"}, "3/31/2020": {"Duration": "3/31/2020", "Operating Cash Flow": "69.96", "Investing Cash Flow": "-14.86", "Financing Cash Flow": "-172.073", "End Cash Position": "1,439", "Income Tax Paid Supplemental Data": "-", "Interest Paid Supplemental Data": "8.424", "Capital Expenditure": "-14.86", "Issuance of Debt": "170", "Repayment of Debt": "-342.073", "Free Cash Flow": "55.1"}, "3/31/2019": {"Duration": "3/31/2019", "Operating Cash Flow": "-275.543", "Investing Cash Flow": "-", "Financing Cash Flow": "137.698", "End Cash Position": "1,556", "Income Tax Paid Supplemental Data": "0", "Interest Paid Supplemental Data": "8.807", "Capital Expenditure": "-", "Issuance of Debt": "386", "Repayment of Debt": "-248.302", "Free Cash Flow": "-275.543"}}}}, {"CLTH": {"quote": {"05/12/2021": {"value": "0.0082", "Market Cap": "826,010", "Beta (5Y Monthly)": "0.43", "PE Ratio (TTM)": "N/A", "EPS (TTM)": "-0.0060", "Earnings Date": "N/A", "Forward Dividend & Yield": "N/A (N/A)", "Ex-Dividend Date": "N/A", "1y Target Est": "N/A"}}, "fin": {"TTM": {"Duration": "TTM", "Total Revenue": "0", "Operating Expense": "329.35", "Operating Income": "-329.35", "Net Non Operating Interest Income Expense": "-275.466", "Other Income Expense": "-", "Pretax Income": "-594.486", "Tax Provision": "0", "Net Income Common Stockholders": "-594.486", "Diluted NI Available to Com Stockholders": "-594.486", "Basic EPS": "-", "Diluted EPS": "-", "Basic Average Shares": "-", "Diluted Average Shares": "-", "Total Expenses": "329.35", "Net Income from Continuing & Discontinued Operation": "-594.486", "Normalized Income": "-594.486", "Interest Income": "-8.07", "Interest Expense": "274.584", "Net Interest Income": "-275.466", "EBIT": "-319.902", "EBITDA": "-319.902", "Reconciled Depreciation": "-", "Net Income from Continuing Operation Net Minority Interest": "-594.486", "Normalized EBITDA": "-319.902", "Tax Rate for Calcs": "0", "Tax Effect of Unusual Items": "0"}, "12/31/2018": {"Duration": "12/31/2018", "Total Revenue": "0", "Operating Expense": "385.637", "Operating Income": "-385.637", "Net Non Operating Interest Income Expense": "-265.741", "Other Income Expense": "-15.877", "Pretax Income": "-667.255", "Tax Provision": "0", "Net Income Common Stockholders": "-667.255", "Diluted NI Available to Com Stockholders": "-667.255", "Basic EPS": "-0.01", "Diluted EPS": "-0.01", "Basic Average Shares": "98,875", "Diluted Average Shares": "98,875", "Total Expenses": "385.637", "Net Income from Continuing & Discontinued Operation": "-667.255", "Normalized Income": "-667.255", "Interest Income": "-7.188", "Interest Expense": "265.741", "Net Interest Income": "-265.741", "EBIT": "-401.514", "EBITDA": "-", "Reconciled Depreciation": "0", "Net Income from Continuing Operation Net Minority Interest": "-667.255", "Normalized EBITDA": "-401.514", "Tax Rate for Calcs": "0", "Tax Effect of Unusual Items": "0"}}, "bs": {"12/31/2018": {"Duration": "12/31/2018", "Total Assets": "2,222", "Total Liabilities Net Minority Interest": "7,035", "Total Equity Gross Minority Interest": "-4,813", "Total Capitalization": "-4,813", "Common Stock Equity": "-4,813", "Net Tangible Assets": "-6,982", "Working Capital": "-6,982", "Invested Capital": "-1,616", "Tangible Book Value": "-6,982", "Total Debt": "3,197", "Net Debt": "3,186", "Share Issued": "99,333", "Ordinary Shares Number": "99,333"}}, "cf": {"TTM": {"Duration": "TTM", "Operating Cash Flow": "-101.827", "Investing Cash Flow": "0", "Financing Cash Flow": "96", "End Cash Position": "0.001", "Interest Paid Supplemental Data": "3.641", "Issuance of Capital Stock": "-", "Issuance of Debt": "120", "Repayment of Debt": "-24", "Free Cash Flow": "-101.827"}, "12/31/2018": {"Duration": "12/31/2018", "Operating Cash Flow": "-143.448", "Investing Cash Flow": "0", "Financing Cash Flow": "152", "End Cash Position": "11.057", "Interest Paid Supplemental Data": "0", "Issuance of Capital Stock": "0", "Issuance of Debt": "152", "Repayment of Debt": "0", "Free Cash Flow": "-143.448"}}}}, {"IKNX": {"quote": {"05/12/2021": {"value": "9.37", "Market Cap": "18.525M", "Beta (5Y Monthly)": "0.98", "PE Ratio (TTM)": "N/A", "EPS (TTM)": "-0.09", "Earnings Date": "Apr 29, 2021", "Forward Dividend & Yield": "N/A (N/A)", "Ex-Dividend Date": "Dec 18, 2012", "1y Target Est": "N/A"}}, "fin": {"TTM": {"Duration": "TTM", "Total Revenue": "13,008", "Cost of Revenue": "9,260", "Gross Profit": "3,748", "Operating Expense": "5,045", "Operating Income": "-1,297", "Net Non Operating Interest Income Expense": "-84.919", "Other Income Expense": "1,216", "Pretax Income": "-165.371", "Tax Provision": "8.582", "Net Income Common Stockholders": "-173.953", "Diluted NI Available to Com Stockholders": "-173.953", "Basic EPS": "-", "Diluted EPS": "-", "Basic Average Shares": "-", "Diluted Average Shares": "-", "Total Operating Income as Reported": "-1,297", "Total Expenses": "14,305", "Net Income from Continuing & Discontinued Operation": "-173.953", "Normalized Income": "-173.953", "Interest Expense": "84.919", "Net Interest Income": "-84.919", "EBIT": "-80.452", "EBITDA": "-80.452", "Reconciled Cost of Revenue": "9,260", "Reconciled Depreciation": "-", "Net Income from Continuing Operation Net Minority Interest": "-173.953", "Total Unusual Items Excluding Goodwill": "-", "Total Unusual Items": "-", "Normalized EBITDA": "-80.452", "Tax Rate for Calcs": "0", "Tax Effect of Unusual Items": "0"}, "12/31/2020": {"Duration": "12/31/2020", "Total Revenue": "13,432", "Cost of Revenue": "9,527", "Gross Profit": "3,905", "Operating Expense": "5,691", "Operating Income": "-1,786", "Net Non Operating Interest Income Expense": "-86.561", "Other Income Expense": "1,223", "Pretax Income": "-649.32", "Tax Provision": "-210", "Net Income Common Stockholders": "-439.32", "Diluted NI Available to Com Stockholders": "-439.32", "Basic EPS": "-", "Diluted EPS": "-", "Basic Average Shares": "-", "Diluted Average Shares": "-", "Total Operating Income as Reported": "-1,786", "Total Expenses": "15,218", "Net Income from Continuing & Discontinued Operation": "-439.32", "Normalized Income": "-439.32", "Interest Expense": "86.561", "Net Interest Income": "-86.561", "EBIT": "-562.759", "EBITDA": "-", "Reconciled Cost of Revenue": "9,527", "Reconciled Depreciation": "698.054", "Net Income from Continuing Operation Net Minority Interest": "-439.32", "Total Unusual Items Excluding Goodwill": "-", "Total Unusual Items": "-", "Normalized EBITDA": "135.295", "Tax Rate for Calcs": "0", "Tax Effect of Unusual Items": "0"}, "12/31/2019": {"Duration": "12/31/2019", "Total Revenue": "17,619", "Cost of Revenue": "12,221", "Gross Profit": "5,397", "Operating Expense": "6,354", "Operating Income": "-956.676", "Net Non Operating Interest Income Expense": "-90.058", "Other Income Expense": "61.176", "Pretax Income": "-985.558", "Tax Provision": "-172", "Net Income Common Stockholders": "-813.558", "Diluted NI Available to Com Stockholders": "-813.558", "Basic EPS": "-0.41", "Diluted EPS": "-0.41", "Basic Average Shares": "1,984", "Diluted Average Shares": "1,984", "Total Operating Income as Reported": "-956.676", "Total Expenses": "18,575", "Net Income from Continuing & Discontinued Operation": "-813.558", "Normalized Income": "-813.558", "Interest Expense": "90.058", "Net Interest Income": "-90.058", "EBIT": "-895.5", "EBITDA": "-", "Reconciled Cost of Revenue": "12,221", "Reconciled Depreciation": "683.011", "Net Income from Continuing Operation Net Minority Interest": "-813.558", "Total Unusual Items Excluding Goodwill": "-", "Total Unusual Items": "-", "Normalized EBITDA": "-212.489", "Tax Rate for Calcs": "0", "Tax Effect of Unusual Items": "0"}, "12/31/2018": {"Duration": "12/31/2018", "Total Revenue": "18,214", "Cost of Revenue": "11,960", "Gross Profit": "6,254", "Operating Expense": "6,028", "Operating Income": "225.819", "Net Non Operating Interest Income Expense": "-90.583", "Other Income Expense": "50.229", "Pretax Income": "185.465", "Tax Provision": "46", "Net Income Common Stockholders": "139.465", "Diluted NI Available to Com Stockholders": "139.465", "Basic EPS": "0.07", "Diluted EPS": "0.07", "Basic Average Shares": "1,984", "Diluted Average Shares": "1,984", "Total Operating Income as Reported": "225.819", "Total Expenses": "17,988", "Net Income from Continuing & Discontinued Operation": "139.465", "Normalized Income": "139.465", "Interest Expense": "90.583", "Net Interest Income": "-90.583", "EBIT": "276.048", "EBITDA": "-", "Reconciled Cost of Revenue": "11,960", "Reconciled Depreciation": "795.319", "Net Income from Continuing Operation Net Minority Interest": "139.465", "Total Unusual Items Excluding Goodwill": "-", "Total Unusual Items": "-", "Normalized EBITDA": "1,071", "Tax Rate for Calcs": "0", "Tax Effect of Unusual Items": "0"}}, "bs": {"12/31/2020": {"Duration": "12/31/2020", "Total Assets": "15,435", "Total Liabilities Net Minority Interest": "3,596", "Total Equity Gross Minority Interest": "11,839", "Total Capitalization": "11,839", "Common Stock Equity": "11,839", "Net Tangible Assets": "11,596", "Working Capital": "4,207", "Invested Capital": "14,528", "Tangible Book Value": "11,596", "Total Debt": "2,688", "Net Debt": "-", "Share Issued": "1,976", "Ordinary Shares Number": "1,976"}, "12/31/2019": {"Duration": "12/31/2019", "Total Assets": "16,880", "Total Liabilities Net Minority Interest": "4,623", "Total Equity Gross Minority Interest": "12,257", "Total Capitalization": "14,945", "Common Stock Equity": "12,257", "Net Tangible Assets": "11,985", "Working Capital": "6,758", "Invested Capital": "15,078", "Tangible Book Value": "11,985", "Total Debt": "2,822", "Net Debt": "1,858", "Share Issued": "1,976", "Ordinary Shares Number": "1,976"}, "12/31/2018": {"Duration": "12/31/2018", "Total Assets": "17,419", "Total Liabilities Net Minority Interest": "4,308", "Total Equity Gross Minority Interest": "13,111", "Total Capitalization": "15,933", "Common Stock Equity": "13,111", "Net Tangible Assets": "12,735", "Working Capital": "7,655", "Invested Capital": "16,062", "Tangible Book Value": "12,735", "Total Debt": "2,951", "Net Debt": "1,328", "Share Issued": "1,984", "Ordinary Shares Number": "1,984"}}, "cf": {"TTM": {"Duration": "TTM", "Operating Cash Flow": "799.803", "Investing Cash Flow": "946.935", "Financing Cash Flow": "1,076", "End Cash Position": "4,428", "Income Tax Paid Supplemental Data": "-", "Interest Paid Supplemental Data": "-", "Capital Expenditure": "-", "Issuance of Debt": "-", "Repayment of Debt": "-", "Repurchase of Capital Stock": "-", "Free Cash Flow": "773.525"}, "12/31/2020": {"Duration": "12/31/2020", "Operating Cash Flow": "-398.828", "Investing Cash Flow": "2,058", "Financing Cash Flow": "1,071", "End Cash Position": "3,694", "Income Tax Paid Supplemental Data": "8.082", "Interest Paid Supplemental Data": "75.227", "Capital Expenditure": "-164.826", "Issuance of Debt": "1,215", "Repayment of Debt": "-143.947", "Repurchase of Capital Stock": "0", "Free Cash Flow": "-563.654"}, "12/31/2019": {"Duration": "12/31/2019", "Operating Cash Flow": "-477.031", "Investing Cash Flow": "7.578", "Financing Cash Flow": "-190.035", "End Cash Position": "963.649", "Income Tax Paid Supplemental Data": "9.457", "Interest Paid Supplemental Data": "79.008", "Capital Expenditure": "-498.018", "Issuance of Debt": "-", "Repayment of Debt": "-140.44", "Repurchase of Capital Stock": "-49.595", "Free Cash Flow": "-975.049"}, "12/31/2018": {"Duration": "12/31/2018", "Operating Cash Flow": "1,225", "Investing Cash Flow": "-393.115", "Financing Cash Flow": "-138.213", "End Cash Position": "1,623", "Income Tax Paid Supplemental Data": "7.652", "Interest Paid Supplemental Data": "78.112", "Capital Expenditure": "-593.115", "Issuance of Debt": "-", "Repayment of Debt": "-138.213", "Repurchase of Capital Stock": "0", "Free Cash Flow": "631.65"}}}}, {"IOSP": {"quote": {"05/12/2021": {"value": "98.23", "Market Cap": "2.417B", "Beta (5Y Monthly)": "1.33", "PE Ratio (TTM)": "128.57", "EPS (TTM)": "0.76", "Earnings Date": "Aug 02, 2021 - Aug 06, 2021", "Forward Dividend & Yield": "1.14 (1.12%)", "Ex-Dividend Date": "May 14, 2021", "1y Target Est": "114.50"}}, "fin": {"TTM": {"Duration": "TTM", "Total Revenue": "1,193,100", "Cost of Revenue": "850,400", "Gross Profit": "342,700", "Operating Expense": "267,900", "Operating Income": "74,800", "Net Non Operating Interest Income Expense": "-1,800", "Other Income Expense": "-33,300", "Pretax Income": "39,700", "Tax Provision": "11,000", "Net Income Common Stockholders": "28,700", "Diluted NI Available to Com Stockholders": "28,700", "Basic EPS": "-", "Diluted EPS": "-", "Basic Average Shares": "-", "Diluted Average Shares": "-", "Total Operating Income as Reported": "33,700", "Total Expenses": "1,118,300", "Net Income from Continuing & Discontinued Operation": "28,700", "Normalized Income": "58,415", "Interest Expense": "1,800", "Net Interest Income": "-1,800", "EBIT": "41,500", "EBITDA": "87,500", "Reconciled Cost of Revenue": "850,400", "Reconciled Depreciation": "46,000", "Net Income from Continuing Operation Net Minority Interest": "28,700", "Total Unusual Items Excluding Goodwill": "-41,100", "Total Unusual Items": "-41,100", "Normalized EBITDA": "128,600", "Tax Rate for Calcs": "0", "Tax Effect of Unusual Items": "-11,385"}, "12/31/2020": {"Duration": "12/31/2020", "Total Revenue": "1,193,100", "Cost of Revenue": "850,400", "Gross Profit": "342,700", "Operating Expense": "267,900", "Operating Income": "74,800", "Net Non Operating Interest Income Expense": "-1,800", "Other Income Expense": "-33,300", "Pretax Income": "39,700", "Tax Provision": "11,000", "Net Income Common Stockholders": "28,700", "Diluted NI Available to Com Stockholders": "28,700", "Basic EPS": "-", "Diluted EPS": "-", "Basic Average Shares": "-", "Diluted Average Shares": "-", "Total Operating Income as Reported": "33,700", "Total Expenses": "1,118,300", "Net Income from Continuing & Discontinued Operation": "28,700", "Normalized Income": "58,415", "Interest Expense": "1,800", "Net Interest Income": "-1,800", "EBIT": "41,500", "EBITDA": "-", "Reconciled Cost of Revenue": "850,400", "Reconciled Depreciation": "46,000", "Net Income from Continuing Operation Net Minority Interest": "28,700", "Total Unusual Items Excluding Goodwill": "-41,100", "Total Unusual Items": "-41,100", "Normalized EBITDA": "128,600", "Tax Rate for Calcs": "0", "Tax Effect of Unusual Items": "-11,385"}, "12/31/2019": {"Duration": "12/31/2019", "Total Revenue": "1,513,300", "Cost of Revenue": "1,047,100", "Gross Profit": "466,200", "Operating Expense": "316,300", "Operating Income": "149,900", "Net Non Operating Interest Income Expense": "-4,800", "Other Income Expense": "5,300", "Pretax Income": "150,400", "Tax Provision": "38,200", "Net Income Common Stockholders": "112,200", "Diluted NI Available to Com Stockholders": "112,200", "Basic EPS": "4.58", "Diluted EPS": "4.54", "Basic Average Shares": "24,482", "Diluted Average Shares": "24,728", "Total Operating Income as Reported": "149,900", "Total Expenses": "1,363,400", "Net Income from Continuing & Discontinued Operation": "112,200", "Normalized Income": "112,200", "Interest Expense": "4,800", "Net Interest Income": "-4,800", "EBIT": "155,200", "EBITDA": "-", "Reconciled Cost of Revenue": "1,047,100", "Reconciled Depreciation": "47,600", "Net Income from Continuing Operation Net Minority Interest": "112,200", "Total Unusual Items Excluding Goodwill": "0", "Total Unusual Items": "0", "Normalized EBITDA": "202,800", "Tax Rate for Calcs": "0", "Tax Effect of Unusual Items": "0"}, "12/31/2018": {"Duration": "12/31/2018", "Total Revenue": "1,476,900", "Cost of Revenue": "1,041,900", "Gross Profit": "435,000", "Operating Expense": "294,400", "Operating Income": "140,600", "Net Non Operating Interest Income Expense": "-6,900", "Other Income Expense": "-2,100", "Pretax Income": "131,600", "Tax Provision": "46,600", "Net Income Common Stockholders": "85,000", "Diluted NI Available to Com Stockholders": "85,000", "Basic EPS": "3.48", "Diluted EPS": "3.45", "Basic Average Shares": "24,401", "Diluted Average Shares": "24,603", "Total Operating Income as Reported": "133,500", "Total Expenses": "1,336,300", "Net Income from Continuing & Discontinued Operation": "85,000", "Normalized Income": "89,587", "Interest Expense": "6,900", "Net Interest Income": "-6,900", "EBIT": "138,500", "EBITDA": "-", "Reconciled Cost of Revenue": "1,041,900", "Reconciled Depreciation": "49,600", "Net Income from Continuing Operation Net Minority Interest": "85,000", "Total Unusual Items Excluding Goodwill": "-7,100", "Total Unusual Items": "-7,100", "Normalized EBITDA": "195,200", "Tax Rate for Calcs": "0", "Tax Effect of Unusual Items": "-2,513"}}, "bs": {"12/31/2020": {"Duration": "12/31/2020", "Total Assets": "1,397,400", "Total Liabilities Net Minority Interest": "452,500", "Total Equity Gross Minority Interest": "944,900", "Total Capitalization": "944,400", "Common Stock Equity": "944,400", "Capital Lease Obligations": "40,800", "Net Tangible Assets": "497,900", "Working Capital": "313,800", "Invested Capital": "944,400", "Tangible Book Value": "497,900", "Total Debt": "40,800", "Net Debt": "-", "Share Issued": "29,555", "Ordinary Shares Number": "24,596", "Treasury Shares Number": "4,959"}, "12/31/2019": {"Duration": "12/31/2019", "Total Assets": "1,468,800", "Total Liabilities Net Minority Interest": "549,900", "Total Equity Gross Minority Interest": "918,900", "Total Capitalization": "977,100", "Common Stock Equity": "918,500", "Capital Lease Obligations": "34,000", "Net Tangible Assets": "442,000", "Working Capital": "326,800", "Invested Capital": "977,100", "Tangible Book Value": "442,000", "Total Debt": "92,600", "Net Debt": "-", "Share Issued": "29,555", "Ordinary Shares Number": "24,507", "Treasury Shares Number": "5,047"}, "12/31/2018": {"Duration": "12/31/2018", "Total Assets": "1,473,400", "Total Liabilities Net Minority Interest": "647,900", "Total Equity Gross Minority Interest": "825,500", "Total Capitalization": "1,011,200", "Common Stock Equity": "825,000", "Capital Lease Obligations": "3,300", "Net Tangible Assets": "323,800", "Working Capital": "367,300", "Invested Capital": "1,032,600", "Tangible Book Value": "323,800", "Total Debt": "210,900", "Net Debt": "84,500", "Share Issued": "29,555", "Ordinary Shares Number": "24,434", "Treasury Shares Number": "5,121"}}, "cf": {"TTM": {"Duration": "TTM", "Operating Cash Flow": "145,900", "Investing Cash Flow": "-29,700", "Financing Cash Flow": "-86,800", "End Cash Position": "105,300", "Capital Expenditure": "-29,700", "Issuance of Capital Stock": "2,200", "Issuance of Debt": "15,000", "Repayment of Debt": "-76,100", "Repurchase of Capital Stock": "-2,100", "Free Cash Flow": "116,200"}, "12/31/2020": {"Duration": "12/31/2020", "Operating Cash Flow": "145,900", "Investing Cash Flow": "-29,700", "Financing Cash Flow": "-86,800", "End Cash Position": "105,300", "Capital Expenditure": "-29,700", "Issuance of Capital Stock": "2,200", "Issuance of Debt": "15,000", "Repayment of Debt": "-76,100", "Repurchase of Capital Stock": "-2,100", "Free Cash Flow": "116,200"}, "12/31/2019": {"Duration": "12/31/2019", "Operating Cash Flow": "161,600", "Investing Cash Flow": "-31,000", "Financing Cash Flow": "-177,900", "End Cash Position": "75,700", "Capital Expenditure": "-31,000", "Issuance of Capital Stock": "1,200", "Issuance of Debt": "105,500", "Repayment of Debt": "-255,700", "Repurchase of Capital Stock": "-2,400", "Free Cash Flow": "130,600"}, "12/31/2018": {"Duration": "12/31/2018", "Operating Cash Flow": "104,900", "Investing Cash Flow": "-35,500", "Financing Cash Flow": "-36,200", "End Cash Position": "123,100", "Capital Expenditure": "-30,100", "Issuance of Capital Stock": "1,100", "Issuance of Debt": "10,000", "Repayment of Debt": "-24,200", "Repurchase of Capital Stock": "-1,400", "Free Cash Flow": "74,800"}}}}, {"DELT": {"fin": {}, "bs": {}, "cf": {}}}, {"DELTY": {"fin": {}, "bs": {}, "cf": {}}}, {"IPHS": {"fin": {}, "bs": {}, "cf": {}}}, {"OMN": {"fin": {}, "bs": {}, "cf": {}}}, {"BFLS": {"fin": {}, "bs": {}, "cf": {}}}]