[{"MT": {"quote": {"05/07/2021": {"value": "33.06", "Market Cap": "34.383B", "Beta (5Y Monthly)": "2.00", "PE Ratio (TTM)": "N/A", "EPS (TTM)": "-0.64", "Earnings Date": "Feb 21, 2017 - Feb 27, 2017", "Forward Dividend & Yield": "N/A (N/A)", "Ex-Dividend Date": "May 16, 2019", "1y Target Est": "37.56"}}, "fin": {"TTM": {"Duration": "TTM", "Total Revenue": "53,270,000", "Cost of Revenue": "49,138,000", "Gross Profit": "4,132,000", "Operating Expense": "2,022,000", "Operating Income": "2,110,000", "Net Non Operating Interest Income Expense": "-1,220,000", "Other Income Expense": "198,000", "Pretax Income": "1,088,000", "Tax Provision": "1,666,000", "Net Income Common Stockholders": "-733,000", "Diluted NI Available to Com Stockholders": "-733,000", "Basic EPS": "-", "Diluted EPS": "-", "Basic Average Shares": "-", "Diluted Average Shares": "-", "Total Operating Income as Reported": "2,110,000", "Total Expenses": "51,160,000", "Interest Income": "56,000", "Interest Expense": "477,000", "Net Interest Income": "-1,220,000", "Net Income from Continuing & Discontinued Operation": "-733,000", "Normalized Income": "-579,880", "EBIT": "1,565,000", "EBITDA": "4,525,000", "Reconciled Cost of Revenue": "49,138,000", "Reconciled Depreciation": "2,960,000", "Net Income from Continuing Operation Net Minority Interest": "-733,000", "Total Unusual Items Excluding Goodwill": "-232,000", "Total Unusual Items": "-232,000", "Normalized EBITDA": "4,757,000", "Tax Rate for Calcs": "0", "Tax Effect of Unusual Items": "-78,880"}, "12/31/2020": {"Duration": "12/31/2020", "Total Revenue": "53,270,000", "Cost of Revenue": "49,138,000", "Gross Profit": "4,132,000", "Operating Expense": "2,022,000", "Operating Income": "2,110,000", "Net Non Operating Interest Income Expense": "-1,220,000", "Other Income Expense": "198,000", "Pretax Income": "1,088,000", "Tax Provision": "1,666,000", "Net Income Common Stockholders": "-733,000", "Diluted NI Available to Com Stockholders": "-733,000", "Basic EPS": "-", "Diluted EPS": "-", "Basic Average Shares": "-", "Diluted Average Shares": "-", "Total Operating Income as Reported": "2,110,000", "Total Expenses": "51,160,000", "Interest Income": "56,000", "Interest Expense": "477,000", "Net Interest Income": "-1,220,000", "Net Income from Continuing & Discontinued Operation": "-733,000", "Normalized Income": "-579,880", "EBIT": "1,565,000", "EBITDA": "-", "Reconciled Cost of Revenue": "49,138,000", "Reconciled Depreciation": "2,960,000", "Net Income from Continuing Operation Net Minority Interest": "-733,000", "Total Unusual Items Excluding Goodwill": "-232,000", "Total Unusual Items": "-232,000", "Normalized EBITDA": "4,757,000", "Tax Rate for Calcs": "0", "Tax Effect of Unusual Items": "-78,880"}, "12/31/2019": {"Duration": "12/31/2019", "Total Revenue": "70,615,000", "Cost of Revenue": "68,887,000", "Gross Profit": "1,728,000", "Operating Expense": "2,355,000", "Operating Income": "-627,000", "Net Non Operating Interest Income Expense": "-1,336,000", "Other Income Expense": "31,000", "Pretax Income": "-1,932,000", "Tax Provision": "459,000", "Net Income Common Stockholders": "-2,454,000", "Diluted NI Available to Com Stockholders": "-2,454,000", "Basic EPS": "-2.42", "Diluted EPS": "-2.42", "Basic Average Shares": "1,013,000", "Diluted Average Shares": "1,013,000", "Total Operating Income as Reported": "-627,000", "Total Expenses": "71,242,000", "Interest Income": "88,000", "Interest Expense": "695,000", "Net Interest Income": "-1,336,000", "Net Income from Continuing & Discontinued Operation": "-2,454,000", "Normalized Income": "-2,308,140", "EBIT": "-1,237,000", "EBITDA": "-", "Reconciled Cost of Revenue": "68,887,000", "Reconciled Depreciation": "3,067,000", "Net Income from Continuing Operation Net Minority Interest": "-2,454,000", "Total Unusual Items Excluding Goodwill": "-221,000", "Total Unusual Items": "-221,000", "Normalized EBITDA": "2,051,000", "Tax Rate for Calcs": "0", "Tax Effect of Unusual Items": "-75,140"}, "12/31/2018": {"Duration": "12/31/2018", "Total Revenue": "76,033,000", "Cost of Revenue": "67,025,000", "Gross Profit": "9,008,000", "Operating Expense": "2,469,000", "Operating Income": "6,539,000", "Net Non Operating Interest Income Expense": "-1,403,000", "Other Income Expense": "-155,000", "Pretax Income": "4,981,000", "Tax Provision": "-349,000", "Net Income Common Stockholders": "5,149,000", "Diluted NI Available to Com Stockholders": "5,149,000", "Basic EPS": "5.07", "Diluted EPS": "5.04", "Basic Average Shares": "1,015,000", "Diluted Average Shares": "1,021,000", "Total Operating Income as Reported": "6,539,000", "Total Expenses": "69,494,000", "Interest Income": "72,000", "Interest Expense": "687,000", "Net Interest Income": "-1,403,000", "Net Income from Continuing & Discontinued Operation": "5,149,000", "Normalized Income": "5,625,520", "EBIT": "5,668,000", "EBITDA": "-", "Reconciled Cost of Revenue": "67,025,000", "Reconciled Depreciation": "2,799,000", "Net Income from Continuing Operation Net Minority Interest": "5,149,000", "Total Unusual Items Excluding Goodwill": "-722,000", "Total Unusual Items": "-722,000", "Normalized EBITDA": "9,189,000", "Tax Rate for Calcs": "0", "Tax Effect of Unusual Items": "-245,480"}}, "bs": {"12/31/2020": {"Duration": "12/31/2020", "Total Assets": "82,052,000", "Total Liabilities Net Minority Interest": "41,815,000", "Total Equity Gross Minority Interest": "40,237,000", "Total Capitalization": "47,463,000", "Common Stock Equity": "38,280,000", "Capital Lease Obligations": "815,000", "Net Tangible Assets": "33,968,000", "Working Capital": "5,306,000", "Invested Capital": "49,787,000", "Tangible Book Value": "33,968,000", "Total Debt": "12,322,000", "Net Debt": "5,907,000", "Share Issued": "1,102,810", "Ordinary Shares Number": "1,080,734", "Treasury Shares Number": "22,075"}, "12/31/2019": {"Duration": "12/31/2019", "Total Assets": "87,908,000", "Total Liabilities Net Minority Interest": "47,425,000", "Total Equity Gross Minority Interest": "40,483,000", "Total Capitalization": "49,126,000", "Common Stock Equity": "38,521,000", "Capital Lease Obligations": "1,127,000", "Net Tangible Assets": "33,089,000", "Working Capital": "7,329,000", "Invested Capital": "51,734,000", "Tangible Book Value": "33,089,000", "Total Debt": "14,340,000", "Net Debt": "8,346,000", "Share Issued": "1,021,904", "Ordinary Shares Number": "1,012,079", "Treasury Shares Number": "9,824"}, "12/31/2018": {"Duration": "12/31/2018", "Total Assets": "91,249,000", "Total Liabilities Net Minority Interest": "47,141,000", "Total Equity Gross Minority Interest": "44,108,000", "Total Capitalization": "51,047,000", "Common Stock Equity": "42,086,000", "Capital Lease Obligations": "424,000", "Net Tangible Assets": "36,358,000", "Working Capital": "9,020,000", "Invested Capital": "54,145,000", "Tangible Book Value": "36,358,000", "Total Debt": "12,483,000", "Net Debt": "9,887,000", "Share Issued": "1,021,904", "Ordinary Shares Number": "1,013,568", "Treasury Shares Number": "8,335"}}, "cf": {"TTM": {"Duration": "TTM", "Operating Cash Flow": "4,082,000", "Investing Cash Flow": "-2,011,000", "Financing Cash Flow": "-1,498,000", "Other Cash Adjustment Inside Change in Cash": "-3,000", "End Cash Position": "5,600,000", "Capital Expenditure": "-2,439,000", "Issuance of Capital Stock": "740,000", "Issuance of Debt": "1,990,000", "Repayment of Debt": "-3,412,000", "Repurchase of Capital Stock": "-500,000", "Free Cash Flow": "1,643,000"}, "12/31/2020": {"Duration": "12/31/2020", "Operating Cash Flow": "4,082,000", "Investing Cash Flow": "-2,011,000", "Financing Cash Flow": "-1,498,000", "Other Cash Adjustment Inside Change in Cash": "-3,000", "End Cash Position": "5,600,000", "Capital Expenditure": "-2,439,000", "Issuance of Capital Stock": "740,000", "Issuance of Debt": "1,990,000", "Repayment of Debt": "-3,412,000", "Repurchase of Capital Stock": "-500,000", "Free Cash Flow": "1,643,000"}, "12/31/2019": {"Duration": "12/31/2019", "Operating Cash Flow": "6,017,000", "Investing Cash Flow": "-3,824,000", "Financing Cash Flow": "514,000", "Other Cash Adjustment Inside Change in Cash": "10,000", "End Cash Position": "4,867,000", "Capital Expenditure": "-3,572,000", "Issuance of Capital Stock": "-", "Issuance of Debt": "6,372,000", "Repayment of Debt": "-5,436,000", "Repurchase of Capital Stock": "-90,000", "Free Cash Flow": "2,445,000"}, "12/31/2018": {"Duration": "12/31/2018", "Operating Cash Flow": "4,196,000", "Investing Cash Flow": "-3,759,000", "Financing Cash Flow": "-689,000", "Other Cash Adjustment Inside Change in Cash": "-10,000", "End Cash Position": "2,172,000", "Capital Expenditure": "-3,305,000", "Issuance of Capital Stock": "0", "Issuance of Debt": "3,457,000", "Repayment of Debt": "-3,669,000", "Repurchase of Capital Stock": "-226,000", "Free Cash Flow": "891,000"}}}}, {"RS": {"quote": {"05/07/2021": {"value": "177.24", "Market Cap": "11.292B", "Beta (5Y Monthly)": "1.06", "PE Ratio (TTM)": "19.95", "EPS (TTM)": "8.88", "Earnings Date": "Jul 22, 2021", "Forward Dividend & Yield": "2.75 (1.57%)", "Ex-Dividend Date": "May 27, 2021", "1y Target Est": "159.33"}}, "fin": {"TTM": {"Duration": "TTM", "Total Revenue": "9,077,400", "Cost of Revenue": "6,356,500", "Gross Profit": "2,720,900", "Operating Expense": "1,883,200", "Operating Income": "837,700", "Net Non Operating Interest Income Expense": "-141,100", "Other Income Expense": "57,500", "Pretax Income": "754,100", "Tax Provision": "176,400", "Net Income Common Stockholders": "574,300", "Diluted NI Available to Com Stockholders": "574,300", "Basic EPS": "-", "Diluted EPS": "-", "Basic Average Shares": "-", "Diluted Average Shares": "-", "Total Operating Income as Reported": "840,800", "Total Expenses": "8,239,700", "Interest Expense": "141,100", "Net Interest Income": "-141,100", "Net Income from Continuing & Discontinued Operation": "574,300", "Normalized Income": "523,203", "EBIT": "895,200", "EBITDA": "1,122,400", "Reconciled Cost of Revenue": "6,356,500", "Reconciled Depreciation": "227,200", "Net Income from Continuing Operation Net Minority Interest": "574,300", "Total Unusual Items Excluding Goodwill": "66,700", "Total Unusual Items": "66,700", "Normalized EBITDA": "1,055,700", "Tax Rate for Calcs": "0", "Tax Effect of Unusual Items": "15,603"}, "12/31/2020": {"Duration": "12/31/2020", "Total Revenue": "8,811,900", "Cost of Revenue": "6,264,100", "Gross Profit": "2,547,800", "Operating Expense": "1,887,400", "Operating Income": "660,400", "Net Non Operating Interest Income Expense": "-142,300", "Other Income Expense": "-39,900", "Pretax Income": "478,200", "Tax Provision": "105,800", "Net Income Common Stockholders": "369,100", "Diluted NI Available to Com Stockholders": "369,100", "Basic EPS": "5.74", "Diluted EPS": "5.66", "Basic Average Shares": "64,328", "Diluted Average Shares": "65,263", "Total Operating Income as Reported": "565,800", "Total Expenses": "8,151,500", "Interest Expense": "142,300", "Net Interest Income": "-142,300", "Net Income from Continuing & Discontinued Operation": "369,100", "Normalized Income": "393,249", "EBIT": "620,500", "EBITDA": "-", "Reconciled Cost of Revenue": "6,264,100", "Reconciled Depreciation": "227,300", "Net Income from Continuing Operation Net Minority Interest": "369,100", "Total Unusual Items Excluding Goodwill": "-31,000", "Total Unusual Items": "-31,000", "Normalized EBITDA": "878,800", "Tax Rate for Calcs": "0", "Tax Effect of Unusual Items": "-6,851"}, "12/31/2019": {"Duration": "12/31/2019", "Total Revenue": "10,973,800", "Cost of Revenue": "7,863,700", "Gross Profit": "3,110,100", "Operating Expense": "2,108,200", "Operating Income": "1,001,900", "Net Non Operating Interest Income Expense": "-158,900", "Other Income Expense": "86,300", "Pretax Income": "929,300", "Tax Provision": "223,200", "Net Income Common Stockholders": "701,500", "Diluted NI Available to Com Stockholders": "701,500", "Basic EPS": "10.49", "Diluted EPS": "10.34", "Basic Average Shares": "66,885", "Diluted Average Shares": "67,855", "Total Operating Income as Reported": "1,013,500", "Total Expenses": "9,971,900", "Interest Expense": "158,900", "Net Interest Income": "-158,900", "Net Income from Continuing & Discontinued Operation": "701,500", "Normalized Income": "649,060", "EBIT": "1,088,200", "EBITDA": "-", "Reconciled Cost of Revenue": "7,863,700", "Reconciled Depreciation": "219,300", "Net Income from Continuing Operation Net Minority Interest": "701,500", "Total Unusual Items Excluding Goodwill": "69,000", "Total Unusual Items": "69,000", "Normalized EBITDA": "1,238,500", "Tax Rate for Calcs": "0", "Tax Effect of Unusual Items": "16,560"}, "12/31/2018": {"Duration": "12/31/2018", "Total Revenue": "11,534,500", "Cost of Revenue": "8,468,200", "Gross Profit": "3,066,300", "Operating Expense": "2,103,900", "Operating Income": "962,400", "Net Non Operating Interest Income Expense": "-156,300", "Other Income Expense": "44,500", "Pretax Income": "850,600", "Tax Provision": "208,800", "Net Income Common Stockholders": "633,700", "Diluted NI Available to Com Stockholders": "633,700", "Basic EPS": "8.85", "Diluted EPS": "8.75", "Basic Average Shares": "71,605", "Diluted Average Shares": "72,441", "Total Operating Income as Reported": "937,500", "Total Expenses": "10,572,100", "Interest Expense": "156,300", "Net Interest Income": "-156,300", "Net Income from Continuing & Discontinued Operation": "633,700", "Normalized Income": "610,295", "EBIT": "1,006,900", "EBITDA": "-", "Reconciled Cost of Revenue": "8,468,200", "Reconciled Depreciation": "215,200", "Net Income from Continuing Operation Net Minority Interest": "633,700", "Total Unusual Items Excluding Goodwill": "31,000", "Total Unusual Items": "31,000", "Normalized EBITDA": "1,191,100", "Tax Rate for Calcs": "0", "Tax Effect of Unusual Items": "7,595"}}, "bs": {"12/31/2020": {"Duration": "12/31/2020", "Total Assets": "8,106,800", "Total Liabilities Net Minority Interest": "2,984,100", "Total Equity Gross Minority Interest": "5,122,700", "Total Capitalization": "6,754,300", "Common Stock Equity": "5,115,400", "Capital Lease Obligations": "205,100", "Net Tangible Assets": "2,233,100", "Working Capital": "2,499,800", "Invested Capital": "6,760,300", "Tangible Book Value": "2,233,100", "Total Debt": "1,850,000", "Net Debt": "961,400", "Share Issued": "63,600", "Ordinary Shares Number": "63,600"}, "12/31/2019": {"Duration": "12/31/2019", "Total Assets": "8,131,100", "Total Liabilities Net Minority Interest": "2,917,000", "Total Equity Gross Minority Interest": "5,214,100", "Total Capitalization": "6,730,200", "Common Stock Equity": "5,206,600", "Capital Lease Obligations": "202,000", "Net Tangible Assets": "2,171,700", "Working Capital": "2,334,900", "Invested Capital": "6,795,100", "Tangible Book Value": "2,171,700", "Total Debt": "1,790,500", "Net Debt": "1,414,200", "Share Issued": "66,854", "Ordinary Shares Number": "66,854"}, "12/31/2018": {"Duration": "12/31/2018", "Total Assets": "8,044,900", "Total Liabilities Net Minority Interest": "3,365,400", "Total Equity Gross Minority Interest": "4,679,500", "Total Capitalization": "6,810,100", "Common Stock Equity": "4,671,600", "Capital Lease Obligations": "-", "Net Tangible Assets": "1,728,800", "Working Capital": "2,585,900", "Invested Capital": "6,875,300", "Tangible Book Value": "1,728,800", "Total Debt": "2,203,700", "Net Debt": "2,075,500", "Share Issued": "66,882", "Ordinary Shares Number": "66,882"}}, "cf": {"TTM": {"Duration": "TTM", "Operating Cash Flow": "1,164,000", "Investing Cash Flow": "-161,100", "Financing Cash Flow": "-432,000", "End Cash Position": "743,000", "Income Tax Paid Supplemental Data": "89,200", "Interest Paid Supplemental Data": "56,100", "Capital Expenditure": "-160,200", "Issuance of Debt": "1,006,500", "Repayment of Debt": "-1,197,200", "Repurchase of Capital Stock": "-37,300", "Free Cash Flow": "1,003,800"}, "12/31/2020": {"Duration": "12/31/2020", "Operating Cash Flow": "1,173,000", "Investing Cash Flow": "-188,400", "Financing Cash Flow": "-483,000", "End Cash Position": "683,500", "Income Tax Paid Supplemental Data": "87,500", "Interest Paid Supplemental Data": "52,600", "Capital Expenditure": "-172,000", "Issuance of Debt": "1,673,500", "Repayment of Debt": "-1,615,400", "Repurchase of Capital Stock": "-337,300", "Free Cash Flow": "1,001,000"}, "12/31/2019": {"Duration": "12/31/2019", "Operating Cash Flow": "1,301,500", "Investing Cash Flow": "-419,100", "Financing Cash Flow": "-840,600", "End Cash Position": "174,300", "Income Tax Paid Supplemental Data": "214,300", "Interest Paid Supplemental Data": "83,000", "Capital Expenditure": "-242,200", "Issuance of Debt": "971,000", "Repayment of Debt": "-1,588,600", "Repurchase of Capital Stock": "-50,000", "Free Cash Flow": "1,059,300"}, "12/31/2018": {"Duration": "12/31/2018", "Operating Cash Flow": "664,600", "Investing Cash Flow": "-281,000", "Financing Cash Flow": "-403,900", "End Cash Position": "128,200", "Income Tax Paid Supplemental Data": "228,500", "Interest Paid Supplemental Data": "84,000", "Capital Expenditure": "-239,900", "Issuance of Debt": "1,518,700", "Repayment of Debt": "-1,192,200", "Repurchase of Capital Stock": "-484,900", "Free Cash Flow": "424,700"}}}}, {"USAP": {"quote": {"05/07/2021": {"value": "8.95", "Market Cap": "79.609M", "Beta (5Y Monthly)": "1.58", "PE Ratio (TTM)": "N/A", "EPS (TTM)": "-2.51", "Earnings Date": "Jul 27, 2021 - Aug 02, 2021", "Forward Dividend & Yield": "N/A (N/A)", "Ex-Dividend Date": "N/A", "1y Target Est": "N/A"}}, "fin": {"TTM": {"Duration": "TTM", "Total Revenue": "158,275", "Cost of Revenue": "166,088", "Gross Profit": "-7,813", "Operating Expense": "19,075", "Operating Income": "-26,888", "Net Non Operating Interest Income Expense": "-2,607", "Other Income Expense": "1,090", "Pretax Income": "-28,405", "Tax Provision": "-6,240", "Net Income Common Stockholders": "-22,165", "Average Dilution Earnings": "-", "Diluted NI Available to Com Stockholders": "-22,165", "Basic EPS": "-", "Diluted EPS": "-", "Basic Average Shares": "-", "Diluted Average Shares": "-", "Total Operating Income as Reported": "-26,888", "Total Expenses": "185,163", "Interest Expense": "2,607", "Net Interest Income": "-2,607", "Net Income from Continuing & Discontinued Operation": "-22,165", "Normalized Income": "-22,165", "EBIT": "-25,798", "EBITDA": "-6,540", "Reconciled Cost of Revenue": "166,088", "Reconciled Depreciation": "19,258", "Net Income from Continuing Operation Net Minority Interest": "-22,165", "Total Unusual Items Excluding Goodwill": "-", "Total Unusual Items": "-", "Normalized EBITDA": "-6,540", "Tax Rate for Calcs": "0", "Tax Effect of Unusual Items": "0"}, "12/31/2020": {"Duration": "12/31/2020", "Total Revenue": "179,731", "Cost of Revenue": "182,387", "Gross Profit": "-2,656", "Operating Expense": "19,752", "Operating Income": "-22,408", "Net Non Operating Interest Income Expense": "-3,009", "Other Income Expense": "1,123", "Pretax Income": "-24,294", "Tax Provision": "-5,247", "Net Income Common Stockholders": "-19,047", "Average Dilution Earnings": "-", "Diluted NI Available to Com Stockholders": "-19,047", "Basic EPS": "-2.16", "Diluted EPS": "-2.16", "Basic Average Shares": "8,819", "Diluted Average Shares": "8,819", "Total Operating Income as Reported": "-22,408", "Total Expenses": "202,139", "Interest Expense": "3,009", "Net Interest Income": "-3,009", "Net Income from Continuing & Discontinued Operation": "-19,047", "Normalized Income": "-19,047", "EBIT": "-21,285", "EBITDA": "-", "Reconciled Cost of Revenue": "182,387", "Reconciled Depreciation": "19,449", "Net Income from Continuing Operation Net Minority Interest": "-19,047", "Total Unusual Items Excluding Goodwill": "-", "Total Unusual Items": "-", "Normalized EBITDA": "-1,836", "Tax Rate for Calcs": "0", "Tax Effect of Unusual Items": "0"}, "12/31/2019": {"Duration": "12/31/2019", "Total Revenue": "243,007", "Cost of Revenue": "215,369", "Gross Profit": "27,638", "Operating Expense": "20,347", "Operating Income": "7,291", "Net Non Operating Interest Income Expense": "-3,992", "Other Income Expense": "474", "Pretax Income": "3,773", "Tax Provision": "-502", "Net Income Common Stockholders": "4,275", "Average Dilution Earnings": "-", "Diluted NI Available to Com Stockholders": "4,275", "Basic EPS": "0.49", "Diluted EPS": "0.48", "Basic Average Shares": "8,779", "Diluted Average Shares": "8,874", "Total Operating Income as Reported": "7,291", "Total Expenses": "235,716", "Interest Expense": "3,992", "Net Interest Income": "-3,992", "Net Income from Continuing & Discontinued Operation": "4,275", "Normalized Income": "4,275", "EBIT": "7,765", "EBITDA": "-", "Reconciled Cost of Revenue": "215,369", "Reconciled Depreciation": "19,133", "Net Income from Continuing Operation Net Minority Interest": "4,275", "Total Unusual Items Excluding Goodwill": "-", "Total Unusual Items": "-", "Normalized EBITDA": "26,898", "Tax Rate for Calcs": "0", "Tax Effect of Unusual Items": "0"}, "12/31/2018": {"Duration": "12/31/2018", "Total Revenue": "255,927", "Cost of Revenue": "218,111", "Gross Profit": "37,816", "Operating Expense": "21,746", "Operating Income": "16,070", "Net Non Operating Interest Income Expense": "-4,302", "Other Income Expense": "829", "Pretax Income": "12,597", "Tax Provision": "1,935", "Net Income Common Stockholders": "10,662", "Average Dilution Earnings": "-", "Diluted NI Available to Com Stockholders": "10,662", "Basic EPS": "1.31", "Diluted EPS": "1.28", "Basic Average Shares": "8,133", "Diluted Average Shares": "8,348", "Total Operating Income as Reported": "16,070", "Total Expenses": "239,857", "Interest Expense": "4,302", "Net Interest Income": "-4,302", "Net Income from Continuing & Discontinued Operation": "10,662", "Normalized Income": "10,662", "EBIT": "16,899", "EBITDA": "-", "Reconciled Cost of Revenue": "218,111", "Reconciled Depreciation": "18,918", "Net Income from Continuing Operation Net Minority Interest": "10,662", "Total Unusual Items Excluding Goodwill": "-", "Total Unusual Items": "-", "Normalized EBITDA": "35,817", "Tax Rate for Calcs": "0", "Tax Effect of Unusual Items": "0"}}, "bs": {"12/31/2020": {"Duration": "12/31/2020", "Total Assets": "303,046", "Total Liabilities Net Minority Interest": "77,366", "Total Equity Gross Minority Interest": "225,680", "Total Capitalization": "258,365", "Common Stock Equity": "225,680", "Capital Lease Obligations": "1,803", "Net Tangible Assets": "225,680", "Working Capital": "103,223", "Invested Capital": "274,794", "Tangible Book Value": "225,680", "Total Debt": "50,917", "Net Debt": "48,950", "Share Issued": "8,884", "Ordinary Shares Number": "8,884", "Treasury Shares Number": "0"}, "12/31/2019": {"Duration": "12/31/2019", "Total Assets": "368,399", "Total Liabilities Net Minority Interest": "125,263", "Total Equity Gross Minority Interest": "243,136", "Total Capitalization": "303,028", "Common Stock Equity": "243,136", "Capital Lease Obligations": "1,026", "Net Tangible Assets": "243,136", "Working Capital": "141,342", "Invested Capital": "306,455", "Tangible Book Value": "243,136", "Total Debt": "64,345", "Net Debt": "63,149", "Share Issued": "9,094", "Ordinary Shares Number": "8,799", "Treasury Shares Number": "294.279"}, "12/31/2018": {"Duration": "12/31/2018", "Total Assets": "353,320", "Total Liabilities Net Minority Interest": "116,309", "Total Equity Gross Minority Interest": "237,011", "Total Capitalization": "278,826", "Common Stock Equity": "237,011", "Capital Lease Obligations": "1,502", "Net Tangible Assets": "237,011", "Working Capital": "115,654", "Invested Capital": "282,255", "Tangible Book Value": "237,011", "Total Debt": "46,746", "Net Debt": "41,548", "Share Issued": "9,045", "Ordinary Shares Number": "8,752", "Treasury Shares Number": "292.855"}}, "cf": {"TTM": {"Duration": "TTM", "Operating Cash Flow": "33,200", "Investing Cash Flow": "-7,798", "Financing Cash Flow": "-25,212", "End Cash Position": "423", "Income Tax Paid Supplemental Data": "-", "Interest Paid Supplemental Data": "-", "Capital Expenditure": "-7,798", "Issuance of Capital Stock": "-", "Issuance of Debt": "114,756", "Repayment of Debt": "-139,579", "Free Cash Flow": "25,402"}, "12/31/2020": {"Duration": "12/31/2020", "Operating Cash Flow": "23,811", "Investing Cash Flow": "-9,157", "Financing Cash Flow": "-14,660", "End Cash Position": "164", "Income Tax Paid Supplemental Data": "-", "Interest Paid Supplemental Data": "2,885", "Capital Expenditure": "-9,157", "Issuance of Capital Stock": "-", "Issuance of Debt": "125,876", "Repayment of Debt": "-140,686", "Free Cash Flow": "14,654"}, "12/31/2019": {"Duration": "12/31/2019", "Operating Cash Flow": "-4,409", "Investing Cash Flow": "-17,354", "Financing Cash Flow": "17,842", "End Cash Position": "170", "Income Tax Paid Supplemental Data": "69", "Interest Paid Supplemental Data": "3,670", "Capital Expenditure": "-17,354", "Issuance of Capital Stock": "0", "Issuance of Debt": "174,907", "Repayment of Debt": "-157,536", "Free Cash Flow": "-21,763"}, "12/31/2018": {"Duration": "12/31/2018", "Operating Cash Flow": "16,607", "Investing Cash Flow": "-15,378", "Financing Cash Flow": "2,655", "End Cash Position": "4,091", "Income Tax Paid Supplemental Data": "102", "Interest Paid Supplemental Data": "4,183", "Capital Expenditure": "-15,388", "Issuance of Capital Stock": "32,246", "Issuance of Debt": "368,910", "Repayment of Debt": "-401,092", "Free Cash Flow": "1,219"}}}}, {"X": {"quote": {"05/07/2021": {"value": "27.85", "Market Cap": "7.51B", "Beta (5Y Monthly)": "2.27", "PE Ratio (TTM)": "N/A", "EPS (TTM)": "-3.15", "Earnings Date": "Jul 28, 2021 - Aug 02, 2021", "Forward Dividend & Yield": "0.04 (0.16%)", "Ex-Dividend Date": "May 07, 2021", "1y Target Est": "22.64"}}, "fin": {"TTM": {"Duration": "TTM", "Total Revenue": "10,657,000", "Cost of Revenue": "10,705,000", "Gross Profit": "-48,000", "Operating Expense": "289,000", "Operating Income": "-337,000", "Net Non Operating Interest Income Expense": "-338,000", "Other Income Expense": "-130,000", "Pretax Income": "-805,000", "Tax Provision": "-122,000", "Net Income Common Stockholders": "-683,000", "Diluted NI Available to Com Stockholders": "-683,000", "Basic EPS": "-", "Diluted EPS": "-", "Basic Average Shares": "-", "Diluted Average Shares": "-", "Total Operating Income as Reported": "-", "Total Expenses": "10,994,000", "Interest Income": "4,000", "Interest Expense": "322,000", "Net Interest Income": "-338,000", "Net Income from Continuing & Discontinued Operation": "-683,000", "Normalized Income": "-518,401", "EBIT": "-483,000", "EBITDA": "189,000", "Reconciled Cost of Revenue": "10,705,000", "Reconciled Depreciation": "672,000", "Net Income from Continuing Operation Net Minority Interest": "-683,000", "Total Unusual Items Excluding Goodwill": "-194,000", "Total Unusual Items": "-194,000", "Normalized EBITDA": "383,000", "Tax Rate for Calcs": "0", "Tax Effect of Unusual Items": "-29,401"}, "12/31/2020": {"Duration": "12/31/2020", "Total Revenue": "9,741,000", "Cost of Revenue": "10,201,000", "Gross Profit": "-460,000", "Operating Expense": "277,000", "Operating Income": "-737,000", "Net Non Operating Interest Income Expense": "-272,000", "Other Income Expense": "-298,000", "Pretax Income": "-1,307,000", "Tax Provision": "-142,000", "Net Income Common Stockholders": "-1,165,000", "Diluted NI Available to Com Stockholders": "-1,165,000", "Basic EPS": "-5.92", "Diluted EPS": "-5.92", "Basic Average Shares": "196,721", "Diluted Average Shares": "196,721", "Total Operating Income as Reported": "-", "Total Expenses": "10,478,000", "Interest Income": "7,000", "Interest Expense": "280,000", "Net Interest Income": "-272,000", "Net Income from Continuing & Discontinued Operation": "-1,165,000", "Normalized Income": "-953,749", "EBIT": "-1,027,000", "EBITDA": "-", "Reconciled Cost of Revenue": "10,201,000", "Reconciled Depreciation": "643,000", "Net Income from Continuing Operation Net Minority Interest": "-1,165,000", "Total Unusual Items Excluding Goodwill": "-237,000", "Total Unusual Items": "-237,000", "Normalized EBITDA": "-147,000", "Tax Rate for Calcs": "0", "Tax Effect of Unusual Items": "-25,749"}, "12/31/2019": {"Duration": "12/31/2019", "Total Revenue": "12,937,000", "Cost of Revenue": "12,698,000", "Gross Profit": "239,000", "Operating Expense": "274,000", "Operating Income": "-35,000", "Net Non Operating Interest Income Expense": "-148,000", "Other Income Expense": "-269,000", "Pretax Income": "-452,000", "Tax Provision": "178,000", "Net Income Common Stockholders": "-630,000", "Diluted NI Available to Com Stockholders": "-630,000", "Basic EPS": "-3.67", "Diluted EPS": "-3.67", "Basic Average Shares": "171,418", "Diluted Average Shares": "171,418", "Total Operating Income as Reported": "-230,000", "Total Expenses": "12,972,000", "Interest Income": "17,000", "Interest Expense": "142,000", "Net Interest Income": "-148,000", "Net Income from Continuing & Discontinued Operation": "-630,000", "Normalized Income": "-442,390", "EBIT": "-310,000", "EBITDA": "-", "Reconciled Cost of Revenue": "12,698,000", "Reconciled Depreciation": "616,000", "Net Income from Continuing Operation Net Minority Interest": "-630,000", "Total Unusual Items Excluding Goodwill": "-257,000", "Total Unusual Items": "-257,000", "Normalized EBITDA": "563,000", "Tax Rate for Calcs": "0", "Tax Effect of Unusual Items": "-69,390"}, "12/31/2018": {"Duration": "12/31/2018", "Total Revenue": "14,178,000", "Cost of Revenue": "12,826,000", "Gross Profit": "1,352,000", "Operating Expense": "333,000", "Operating Income": "1,019,000", "Net Non Operating Interest Income Expense": "-164,000", "Other Income Expense": "-43,000", "Pretax Income": "812,000", "Tax Provision": "-303,000", "Net Income Common Stockholders": "1,115,000", "Diluted NI Available to Com Stockholders": "1,115,000", "Basic EPS": "6.31", "Diluted EPS": "6.25", "Basic Average Shares": "176,633", "Diluted Average Shares": "178,461", "Total Operating Income as Reported": "-", "Total Expenses": "13,159,000", "Interest Income": "23,000", "Interest Expense": "168,000", "Net Interest Income": "-164,000", "Net Income from Continuing & Discontinued Operation": "1,115,000", "Normalized Income": "1,168,290", "EBIT": "980,000", "EBITDA": "-", "Reconciled Cost of Revenue": "12,826,000", "Reconciled Depreciation": "521,000", "Net Income from Continuing Operation Net Minority Interest": "1,115,000", "Total Unusual Items Excluding Goodwill": "-73,000", "Total Unusual Items": "-73,000", "Normalized EBITDA": "1,574,000", "Tax Rate for Calcs": "0", "Tax Effect of Unusual Items": "-19,710"}}, "bs": {"12/31/2020": {"Duration": "12/31/2020", "Total Assets": "12,059,000", "Total Liabilities Net Minority Interest": "8,180,000", "Total Equity Gross Minority Interest": "3,879,000", "Total Capitalization": "8,481,000", "Common Stock Equity": "3,786,000", "Capital Lease Obligations": "222,000", "Net Tangible Assets": "3,657,000", "Working Capital": "1,776,000", "Invested Capital": "8,673,000", "Tangible Book Value": "3,657,000", "Total Debt": "5,109,000", "Net Debt": "2,902,000", "Share Issued": "229,106", "Ordinary Shares Number": "220,432", "Treasury Shares Number": "8,673"}, "12/31/2019": {"Duration": "12/31/2019", "Total Assets": "11,608,000", "Total Liabilities Net Minority Interest": "7,515,000", "Total Equity Gross Minority Interest": "4,093,000", "Total Capitalization": "7,719,000", "Common Stock Equity": "4,092,000", "Capital Lease Obligations": "237,000", "Net Tangible Assets": "3,942,000", "Working Capital": "1,188,000", "Invested Capital": "7,733,000", "Tangible Book Value": "3,942,000", "Total Debt": "3,878,000", "Net Debt": "2,892,000", "Share Issued": "178,555", "Ordinary Shares Number": "170,046", "Treasury Shares Number": "8,509"}, "12/31/2018": {"Duration": "12/31/2018", "Total Assets": "10,982,000", "Total Liabilities Net Minority Interest": "6,779,000", "Total Equity Gross Minority Interest": "4,203,000", "Total Capitalization": "6,518,000", "Common Stock Equity": "4,202,000", "Capital Lease Obligations": "-", "Net Tangible Assets": "4,044,000", "Working Capital": "1,633,000", "Invested Capital": "6,583,000", "Tangible Book Value": "4,044,000", "Total Debt": "2,381,000", "Net Debt": "1,381,000", "Share Issued": "177,386", "Ordinary Shares Number": "174,529", "Treasury Shares Number": "2,858"}}, "cf": {"TTM": {"Duration": "TTM", "Operating Cash Flow": "391,000", "Investing Cash Flow": "-1,048,000", "Financing Cash Flow": "25,000", "End Cash Position": "865,000", "Income Tax Paid Supplemental Data": "-", "Interest Paid Supplemental Data": "-", "Capital Expenditure": "-579,000", "Issuance of Capital Stock": "1,201,000", "Issuance of Debt": "2,421,000", "Repayment of Debt": "-3,581,000", "Repurchase of Capital Stock": "-", "Free Cash Flow": "-188,000"}, "12/31/2020": {"Duration": "12/31/2020", "Operating Cash Flow": "138,000", "Investing Cash Flow": "-563,000", "Financing Cash Flow": "1,581,000", "End Cash Position": "2,118,000", "Income Tax Paid Supplemental Data": "-", "Interest Paid Supplemental Data": "248,000", "Capital Expenditure": "-725,000", "Issuance of Capital Stock": "410,000", "Issuance of Debt": "2,814,000", "Repayment of Debt": "-1,634,000", "Repurchase of Capital Stock": "0", "Free Cash Flow": "-587,000"}, "12/31/2019": {"Duration": "12/31/2019", "Operating Cash Flow": "682,000", "Investing Cash Flow": "-1,958,000", "Financing Cash Flow": "1,177,000", "End Cash Position": "939,000", "Income Tax Paid Supplemental Data": "-", "Interest Paid Supplemental Data": "151,000", "Capital Expenditure": "-1,252,000", "Issuance of Capital Stock": "-", "Issuance of Debt": "1,562,000", "Repayment of Debt": "-255,000", "Repurchase of Capital Stock": "-88,000", "Free Cash Flow": "-570,000"}, "12/31/2018": {"Duration": "12/31/2018", "Operating Cash Flow": "938,000", "Investing Cash Flow": "-963,000", "Financing Cash Flow": "-515,000", "End Cash Position": "1,040,000", "Income Tax Paid Supplemental Data": "39,000", "Interest Paid Supplemental Data": "207,000", "Capital Expenditure": "-1,001,000", "Issuance of Capital Stock": "0", "Issuance of Debt": "868,000", "Repayment of Debt": "-1,299,000", "Repurchase of Capital Stock": "-75,000", "Free Cash Flow": "-63,000"}}}}, {"NUE": {"quote": {"05/07/2021": {"value": "98.76", "Market Cap": "29.553B", "Beta (5Y Monthly)": "1.42", "PE Ratio (TTM)": "18.33", "EPS (TTM)": "5.39", "Earnings Date": "Jul 21, 2021 - Jul 26, 2021", "Forward Dividend & Yield": "1.62 (1.69%)", "Ex-Dividend Date": "Mar 30, 2021", "1y Target Est": "78.00"}}, "fin": {"TTM": {"Duration": "TTM", "Total Revenue": "21,532,461", "Cost of Revenue": "18,311,342", "Gross Profit": "3,221,119", "Operating Expense": "752,773", "Operating Income": "2,468,346", "Net Non Operating Interest Income Expense": "-151,932", "Other Income Expense": "-328,927", "Pretax Income": "1,987,487", "Tax Provision": "218,324", "Net Income Common Stockholders": "1,639,845", "Average Dilution Earnings": "-", "Diluted NI Available to Com Stockholders": "1,639,842", "Basic EPS": "-", "Diluted EPS": "-", "Basic Average Shares": "-", "Diluted Average Shares": "-", "Total Expenses": "19,064,115", "Interest Income": "-", "Interest Expense": "158,661", "Net Interest Income": "-151,932", "Net Income from Continuing & Discontinued Operation": "1,643,571", "Normalized Income": "1,939,507", "EBIT": "2,146,148", "EBITDA": "2,935,289", "Reconciled Cost of Revenue": "18,311,342", "Reconciled Depreciation": "789,141", "Net Income from Continuing Operation Net Minority Interest": "1,643,571", "Total Unusual Items Excluding Goodwill": "-332,456", "Total Unusual Items": "-332,456", "Normalized EBITDA": "3,267,745", "Tax Rate for Calcs": "0", "Tax Effect of Unusual Items": "-36,520"}, "12/31/2020": {"Duration": "12/31/2020", "Total Revenue": "20,139,658", "Cost of Revenue": "17,911,708", "Gross Profit": "2,227,950", "Operating Expense": "615,041", "Operating Income": "1,612,909", "Net Non Operating Interest Income Expense": "-153,198", "Other Income Expense": "-624,173", "Pretax Income": "835,538", "Tax Provision": "-490", "Net Income Common Stockholders": "717,114", "Average Dilution Earnings": "-3", "Diluted NI Available to Com Stockholders": "717,111", "Basic EPS": "2.37", "Diluted EPS": "2.36", "Basic Average Shares": "303,168", "Diluted Average Shares": "303,271", "Total Expenses": "18,526,749", "Interest Income": "13,415", "Interest Expense": "166,613", "Net Interest Income": "-153,198", "Net Income from Continuing & Discontinued Operation": "721,470", "Normalized Income": "1,169,427", "EBIT": "1,002,151", "EBITDA": "-", "Reconciled Cost of Revenue": "17,911,708", "Reconciled Depreciation": "785,466", "Net Income from Continuing Operation Net Minority Interest": "721,470", "Total Unusual Items Excluding Goodwill": "-613,640", "Total Unusual Items": "-613,640", "Normalized EBITDA": "2,401,257", "Tax Rate for Calcs": "0", "Tax Effect of Unusual Items": "-165,683"}, "12/31/2019": {"Duration": "12/31/2019", "Total Revenue": "22,588,858", "Cost of Revenue": "19,909,773", "Gross Profit": "2,679,085", "Operating Expense": "711,248", "Operating Income": "1,967,837", "Net Non Operating Interest Income Expense": "-121,425", "Other Income Expense": "-63,605", "Pretax Income": "1,782,807", "Tax Provision": "411,897", "Net Income Common Stockholders": "1,264,108", "Average Dilution Earnings": "1", "Diluted NI Available to Com Stockholders": "1,264,109", "Basic EPS": "4.14", "Diluted EPS": "4.14", "Basic Average Shares": "305,040", "Diluted Average Shares": "305,503", "Total Expenses": "20,621,021", "Interest Income": "35,933", "Interest Expense": "157,358", "Net Interest Income": "-121,425", "Net Income from Continuing & Discontinued Operation": "1,271,143", "Normalized Income": "1,322,601", "EBIT": "1,940,165", "EBITDA": "-", "Reconciled Cost of Revenue": "19,909,773", "Reconciled Depreciation": "734,653", "Net Income from Continuing Operation Net Minority Interest": "1,271,143", "Total Unusual Items Excluding Goodwill": "-66,916", "Total Unusual Items": "-66,916", "Normalized EBITDA": "2,741,734", "Tax Rate for Calcs": "0", "Tax Effect of Unusual Items": "-15,458"}, "12/31/2018": {"Duration": "12/31/2018", "Total Revenue": "25,067,279", "Cost of Revenue": "20,771,871", "Gross Profit": "4,295,408", "Operating Expense": "860,722", "Operating Income": "3,434,686", "Net Non Operating Interest Income Expense": "-135,535", "Other Income Expense": "-69,760", "Pretax Income": "3,229,391", "Tax Provision": "748,307", "Net Income Common Stockholders": "2,351,423", "Average Dilution Earnings": "27", "Diluted NI Available to Com Stockholders": "2,351,450", "Basic EPS": "7.44", "Diluted EPS": "7.42", "Basic Average Shares": "315,858", "Diluted Average Shares": "316,733", "Total Expenses": "21,632,593", "Interest Income": "25,721", "Interest Expense": "161,256", "Net Interest Income": "-135,535", "Net Income from Continuing & Discontinued Operation": "2,360,767", "Normalized Income": "2,445,247", "EBIT": "3,390,647", "EBITDA": "-", "Reconciled Cost of Revenue": "20,771,871", "Reconciled Depreciation": "719,637", "Net Income from Continuing Operation Net Minority Interest": "2,360,767", "Total Unusual Items Excluding Goodwill": "-110,000", "Total Unusual Items": "-110,000", "Normalized EBITDA": "4,220,284", "Tax Rate for Calcs": "0", "Tax Effect of Unusual Items": "-25,520"}}, "bs": {"12/31/2020": {"Duration": "12/31/2020", "Total Assets": "20,125,394", "Total Liabilities Net Minority Interest": "8,893,533", "Total Equity Gross Minority Interest": "11,231,861", "Total Capitalization": "15,981,001", "Common Stock Equity": "10,788,665", "Capital Lease Obligations": "90,338", "Net Tangible Assets": "7,890,972", "Working Capital": "6,860,802", "Invested Capital": "16,038,907", "Tangible Book Value": "7,890,972", "Total Debt": "5,340,580", "Net Debt": "2,610,571", "Share Issued": "380,154", "Ordinary Shares Number": "302,245", "Treasury Shares Number": "77,909"}, "12/31/2019": {"Duration": "12/31/2019", "Total Assets": "18,344,666", "Total Liabilities Net Minority Interest": "7,553,490", "Total Equity Gross Minority Interest": "10,791,176", "Total Capitalization": "14,573,207", "Common Stock Equity": "10,357,866", "Capital Lease Obligations": "85,224", "Net Tangible Assets": "7,414,617", "Working Capital": "5,762,596", "Invested Capital": "14,655,651", "Tangible Book Value": "7,414,617", "Total Debt": "4,383,009", "Net Debt": "2,763,180", "Share Issued": "380,154", "Ordinary Shares Number": "301,812", "Treasury Shares Number": "78,342"}, "12/31/2018": {"Duration": "12/31/2018", "Total Assets": "17,920,588", "Total Liabilities Net Minority Interest": "7,718,620", "Total Equity Gross Minority Interest": "10,201,968", "Total Capitalization": "14,025,354", "Common Stock Equity": "9,792,078", "Capital Lease Obligations": "-", "Net Tangible Assets": "6,779,238", "Working Capital": "5,829,965", "Invested Capital": "14,083,224", "Tangible Book Value": "6,779,238", "Total Debt": "4,291,146", "Net Debt": "2,892,260", "Share Issued": "380,154", "Ordinary Shares Number": "305,592", "Treasury Shares Number": "74,562"}}, "cf": {"TTM": {"Duration": "TTM", "Operating Cash Flow": "3,026,082", "Investing Cash Flow": "-1,811,411", "Financing Cash Flow": "103,804", "End Cash Position": "2,563,632", "Capital Expenditure": "-1,440,172", "Issuance of Capital Stock": "-", "Issuance of Debt": "1,205,635", "Repayment of Debt": "-50,150", "Repurchase of Capital Stock": "-301,859", "Free Cash Flow": "1,585,910"}, "12/31/2020": {"Duration": "12/31/2020", "Operating Cash Flow": "2,696,877", "Investing Cash Flow": "-1,764,294", "Financing Cash Flow": "285,854", "End Cash Position": "2,754,929", "Capital Expenditure": "-1,543,219", "Issuance of Capital Stock": "11,846", "Issuance of Debt": "1,237,635", "Repayment of Debt": "-97,150", "Repurchase of Capital Stock": "-39,499", "Free Cash Flow": "1,153,658"}, "12/31/2019": {"Duration": "12/31/2019", "Operating Cash Flow": "2,809,413", "Investing Cash Flow": "-1,794,191", "Financing Cash Flow": "-880,410", "End Cash Position": "1,534,605", "Capital Expenditure": "-1,477,293", "Issuance of Capital Stock": "16,145", "Issuance of Debt": "0", "Repayment of Debt": "0", "Repurchase of Capital Stock": "-298,541", "Free Cash Flow": "1,332,120"}, "12/31/2018": {"Duration": "12/31/2018", "Operating Cash Flow": "2,393,952", "Investing Cash Flow": "-1,030,069", "Financing Cash Flow": "-908,177", "End Cash Position": "1,398,886", "Capital Expenditure": "-982,531", "Issuance of Capital Stock": "24,101", "Issuance of Debt": "995,710", "Repayment of Debt": "-500,000", "Repurchase of Capital Stock": "-853,997", "Free Cash Flow": "1,411,421"}}}}, {"SIM": {"quote": {"05/07/2021": {"value": "16.00", "Market Cap": "2.669B", "Beta (5Y Monthly)": "0.38", "PE Ratio (TTM)": "13.49", "EPS (TTM)": "1.19", "Earnings Date": "N/A", "Forward Dividend & Yield": "N/A (N/A)", "Ex-Dividend Date": "Mar 09, 2020", "1y Target Est": "N/A"}}, "fin": {"TTM": {"Duration": "TTM", "Total Revenue": "40,723,889", "Cost of Revenue": "32,306,612", "Gross Profit": "8,417,277", "Operating Expense": "1,631,089", "Operating Income": "6,786,188", "Net Non Operating Interest Income Expense": "-6,191", "Other Income Expense": "-1,340,555", "Pretax Income": "5,439,442", "Tax Provision": "1,732,188", "Net Income Common Stockholders": "3,705,916", "Diluted NI Available to Com Stockholders": "3,705,916", "Basic EPS": "-", "Diluted EPS": "-", "Basic Average Shares": "-", "Diluted Average Shares": "-", "Total Operating Income as Reported": "6,786,188", "Total Expenses": "33,937,701", "Interest Income": "58,398", "Interest Expense": "64,589", "Net Interest Income": "-6,191", "Net Income from Continuing & Discontinued Operation": "3,705,916", "Normalized Income": "4,619,572", "EBIT": "5,504,031", "EBITDA": "6,942,237", "Reconciled Cost of Revenue": "32,306,612", "Reconciled Depreciation": "1,438,206", "Net Income from Continuing Operation Net Minority Interest": "3,705,916", "Total Unusual Items Excluding Goodwill": "-1,340,555", "Total Unusual Items": "-1,340,555", "Normalized EBITDA": "8,282,792", "Tax Rate for Calcs": "0", "Tax Effect of Unusual Items": "-426,899"}, "12/31/2020": {"Duration": "12/31/2020", "Total Revenue": "35,869,314", "Cost of Revenue": "29,211,724", "Gross Profit": "6,657,590", "Operating Expense": "1,472,579", "Operating Income": "5,185,011", "Net Non Operating Interest Income Expense": "54,080", "Other Income Expense": "-363,164", "Pretax Income": "4,875,927", "Tax Provision": "1,918,639", "Net Income Common Stockholders": "2,957,393", "Diluted NI Available to Com Stockholders": "2,957,393", "Basic EPS": "19.14", "Diluted EPS": "19.14", "Basic Average Shares": "154,514", "Diluted Average Shares": "154,514", "Total Operating Income as Reported": "5,185,011", "Total Expenses": "30,684,303", "Interest Income": "107,826", "Interest Expense": "53,746", "Net Interest Income": "54,080", "Net Income from Continuing & Discontinued Operation": "2,957,393", "Normalized Income": "3,177,655", "EBIT": "4,929,673", "EBITDA": "-", "Reconciled Cost of Revenue": "29,211,724", "Reconciled Depreciation": "1,452,271", "Net Income from Continuing Operation Net Minority Interest": "2,957,393", "Total Unusual Items Excluding Goodwill": "-363,164", "Total Unusual Items": "-363,164", "Normalized EBITDA": "6,745,108", "Tax Rate for Calcs": "0", "Tax Effect of Unusual Items": "-142,902"}, "12/31/2019": {"Duration": "12/31/2019", "Total Revenue": "34,171,201", "Cost of Revenue": "30,067,141", "Gross Profit": "4,104,060", "Operating Expense": "1,780,404", "Operating Income": "2,323,656", "Net Non Operating Interest Income Expense": "90,946", "Other Income Expense": "-778,186", "Pretax Income": "1,636,416", "Tax Provision": "3,276,274", "Net Income Common Stockholders": "-1,635,909", "Diluted NI Available to Com Stockholders": "-1,635,909", "Basic EPS": "-10.56", "Diluted EPS": "-10.56", "Basic Average Shares": "155,023", "Diluted Average Shares": "155,023", "Total Operating Income as Reported": "2,330,053", "Total Expenses": "31,847,545", "Interest Income": "145,995", "Interest Expense": "55,049", "Net Interest Income": "90,946", "Net Income from Continuing & Discontinued Operation": "-1,635,909", "Normalized Income": "-1,091,179", "EBIT": "1,691,465", "EBITDA": "-", "Reconciled Cost of Revenue": "30,067,141", "Reconciled Depreciation": "1,108,629", "Net Income from Continuing Operation Net Minority Interest": "-1,635,909", "Total Unusual Items Excluding Goodwill": "-778,186", "Total Unusual Items": "-778,186", "Normalized EBITDA": "3,578,280", "Tax Rate for Calcs": "0", "Tax Effect of Unusual Items": "-233,456"}, "12/31/2018": {"Duration": "12/31/2018", "Total Revenue": "35,678,253", "Cost of Revenue": "30,563,315", "Gross Profit": "5,114,938", "Operating Expense": "1,071,365", "Operating Income": "4,043,573", "Net Non Operating Interest Income Expense": "296,310", "Other Income Expense": "-140,491", "Pretax Income": "4,199,392", "Tax Provision": "752,462", "Net Income Common Stockholders": "3,653,347", "Diluted NI Available to Com Stockholders": "3,653,347", "Basic EPS": "22.38", "Diluted EPS": "22.38", "Basic Average Shares": "163,179", "Diluted Average Shares": "163,179", "Total Operating Income as Reported": "4,049,978", "Total Expenses": "31,634,680", "Interest Income": "312,821", "Interest Expense": "16,511", "Net Interest Income": "296,310", "Net Income from Continuing & Discontinued Operation": "3,653,347", "Normalized Income": "3,768,662", "EBIT": "4,215,903", "EBITDA": "-", "Reconciled Cost of Revenue": "30,563,315", "Reconciled Depreciation": "1,112,418", "Net Income from Continuing Operation Net Minority Interest": "3,653,347", "Total Unusual Items Excluding Goodwill": "-140,491", "Total Unusual Items": "-140,491", "Normalized EBITDA": "5,468,812", "Tax Rate for Calcs": "0", "Tax Effect of Unusual Items": "-25,176"}}, "bs": {"12/31/2020": {"Duration": "12/31/2020", "Total Assets": "47,584,718", "Total Liabilities Net Minority Interest": "14,403,599", "Total Equity Gross Minority Interest": "33,181,119", "Total Capitalization": "33,145,109", "Common Stock Equity": "33,145,109", "Net Tangible Assets": "30,822,153", "Working Capital": "17,586,783", "Invested Capital": "33,151,129", "Tangible Book Value": "30,822,153", "Total Debt": "6,020", "Share Issued": "497,709", "Ordinary Shares Number": "497,709", "Treasury Shares Number": "-"}, "12/31/2019": {"Duration": "12/31/2019", "Total Assets": "44,014,759", "Total Liabilities Net Minority Interest": "11,404,982", "Total Equity Gross Minority Interest": "32,609,777", "Total Capitalization": "32,584,977", "Common Stock Equity": "32,584,977", "Net Tangible Assets": "30,324,883", "Working Capital": "15,123,659", "Invested Capital": "32,590,677", "Tangible Book Value": "30,324,883", "Total Debt": "5,700", "Share Issued": "495,045", "Ordinary Shares Number": "463,979", "Treasury Shares Number": "31,066"}, "12/31/2018": {"Duration": "12/31/2018", "Total Assets": "48,853,823", "Total Liabilities Net Minority Interest": "13,344,820", "Total Equity Gross Minority Interest": "35,509,003", "Total Capitalization": "35,832,372", "Common Stock Equity": "35,832,372", "Net Tangible Assets": "33,532,320", "Working Capital": "17,108,797", "Invested Capital": "35,838,308", "Tangible Book Value": "33,532,320", "Total Debt": "5,936", "Share Issued": "497,709", "Ordinary Shares Number": "466,643", "Treasury Shares Number": "31,066"}}, "cf": {"TTM": {"Duration": "TTM", "Operating Cash Flow": "3,830,763", "Investing Cash Flow": "-1,025,814", "Financing Cash Flow": "-2,085,730", "End Cash Position": "-", "Capital Expenditure": "-991,273", "Repayment of Debt": "-", "Repurchase of Capital Stock": "-", "Free Cash Flow": "2,839,490"}, "12/31/2020": {"Duration": "12/31/2020", "Operating Cash Flow": "3,633,875", "Investing Cash Flow": "-832,671", "Financing Cash Flow": "-2,085,730", "End Cash Position": "7,727,698", "Capital Expenditure": "-951,205", "Repayment of Debt": "-", "Repurchase of Capital Stock": "-41,984", "Free Cash Flow": "2,682,670"}, "12/31/2019": {"Duration": "12/31/2019", "Operating Cash Flow": "1,042,753", "Investing Cash Flow": "-106,686", "Financing Cash Flow": "-211,107", "End Cash Position": "7,446,447", "Capital Expenditure": "-1,271,420", "Repayment of Debt": "-", "Repurchase of Capital Stock": "-156,058", "Free Cash Flow": "-228,667"}, "12/31/2018": {"Duration": "12/31/2018", "Operating Cash Flow": "3,223,884", "Investing Cash Flow": "-820,153", "Financing Cash Flow": "-2,641,430", "End Cash Position": "6,987,241", "Capital Expenditure": "-1,994,465", "Repayment of Debt": "-", "Repurchase of Capital Stock": "-1,640,296", "Free Cash Flow": "1,229,419"}}}}, {"STLD": {"quote": {"05/07/2021": {"value": "63.36", "Market Cap": "13.383B", "Beta (5Y Monthly)": "1.48", "PE Ratio (TTM)": "16.94", "EPS (TTM)": "3.74", "Earnings Date": "Jul 19, 2021 - Jul 23, 2021", "Forward Dividend & Yield": "1.04 (1.69%)", "Ex-Dividend Date": "Mar 30, 2021", "1y Target Est": "57.45"}}, "fin": {"TTM": {"Duration": "TTM", "Total Revenue": "10,570,979", "Cost of Revenue": "8,751,214", "Gross Profit": "1,819,765", "Operating Expense": "632,701", "Operating Income": "1,187,064", "Net Non Operating Interest Income Expense": "-84,127", "Other Income Expense": "-78,856", "Pretax Income": "1,024,081", "Tax Provision": "205,334", "Net Income Common Stockholders": "793,989", "Diluted NI Available to Com Stockholders": "793,989", "Basic EPS": "-", "Diluted EPS": "-", "Basic Average Shares": "-", "Diluted Average Shares": "-", "Total Operating Income as Reported": "1,167,655", "Total Expenses": "9,383,915", "Interest Expense": "84,127", "Net Interest Income": "-84,127", "Net Income from Continuing & Discontinued Operation": "793,989", "Normalized Income": "809,506", "EBIT": "1,108,208", "EBITDA": "1,440,657", "Reconciled Cost of Revenue": "8,448,011", "Reconciled Depreciation": "332,449", "Net Income from Continuing Operation Net Minority Interest": "793,989", "Total Unusual Items Excluding Goodwill": "-19,409", "Total Unusual Items": "-19,409", "Normalized EBITDA": "1,460,066", "Tax Rate for Calcs": "0", "Tax Effect of Unusual Items": "-3,892"}, "12/31/2020": {"Duration": "12/31/2020", "Total Revenue": "9,601,482", "Cost of Revenue": "8,166,754", "Gross Profit": "1,434,728", "Operating Expense": "568,177", "Operating Income": "866,551", "Net Non Operating Interest Income Expense": "-94,877", "Other Income Expense": "-66,196", "Pretax Income": "705,478", "Tax Provision": "134,650", "Net Income Common Stockholders": "550,822", "Diluted NI Available to Com Stockholders": "550,822", "Basic EPS": "2.61", "Diluted EPS": "2.59", "Basic Average Shares": "211,140", "Diluted Average Shares": "212,345", "Total Operating Income as Reported": "847,142", "Total Expenses": "8,734,931", "Interest Expense": "94,877", "Net Interest Income": "-94,877", "Net Income from Continuing & Discontinued Operation": "550,822", "Normalized Income": "566,524", "EBIT": "800,355", "EBITDA": "-", "Reconciled Cost of Revenue": "7,869,964", "Reconciled Depreciation": "325,789", "Net Income from Continuing Operation Net Minority Interest": "550,822", "Total Unusual Items Excluding Goodwill": "-19,409", "Total Unusual Items": "-19,409", "Normalized EBITDA": "1,145,553", "Tax Rate for Calcs": "0", "Tax Effect of Unusual Items": "-3,707"}, "12/31/2019": {"Duration": "12/31/2019", "Total Revenue": "10,464,991", "Cost of Revenue": "8,934,007", "Gross Profit": "1,530,984", "Operating Expense": "544,104", "Operating Income": "986,880", "Net Non Operating Interest Income Expense": "-127,104", "Other Income Expense": "15,561", "Pretax Income": "875,337", "Tax Provision": "197,437", "Net Income Common Stockholders": "671,103", "Diluted NI Available to Com Stockholders": "671,103", "Basic EPS": "3.06", "Diluted EPS": "3.04", "Basic Average Shares": "219,639", "Diluted Average Shares": "220,748", "Total Operating Income as Reported": "986,880", "Total Expenses": "9,478,111", "Interest Expense": "127,104", "Net Interest Income": "-127,104", "Net Income from Continuing & Discontinued Operation": "671,103", "Normalized Income": "671,103", "EBIT": "1,002,441", "EBITDA": "-", "Reconciled Cost of Revenue": "8,642,502", "Reconciled Depreciation": "321,082", "Net Income from Continuing Operation Net Minority Interest": "671,103", "Total Unusual Items Excluding Goodwill": "-", "Total Unusual Items": "-", "Normalized EBITDA": "1,323,523", "Tax Rate for Calcs": "0", "Tax Effect of Unusual Items": "0"}, "12/31/2018": {"Duration": "12/31/2018", "Total Revenue": "11,821,839", "Cost of Revenue": "9,499,025", "Gross Profit": "2,322,814", "Operating Expense": "600,405", "Operating Income": "1,722,409", "Net Non Operating Interest Income Expense": "-126,620", "Other Income Expense": "23,985", "Pretax Income": "1,619,774", "Tax Provision": "363,969", "Net Income Common Stockholders": "1,258,379", "Diluted NI Available to Com Stockholders": "1,258,379", "Basic EPS": "5.38", "Diluted EPS": "5.35", "Basic Average Shares": "233,923", "Diluted Average Shares": "235,193", "Total Operating Income as Reported": "1,722,409", "Total Expenses": "10,099,430", "Interest Expense": "126,620", "Net Interest Income": "-126,620", "Net Income from Continuing & Discontinued Operation": "1,258,379", "Normalized Income": "1,258,379", "EBIT": "1,746,394", "EBITDA": "-", "Reconciled Cost of Revenue": "9,209,607", "Reconciled Depreciation": "317,198", "Net Income from Continuing Operation Net Minority Interest": "1,258,379", "Total Unusual Items Excluding Goodwill": "0", "Total Unusual Items": "0", "Normalized EBITDA": "2,063,592", "Tax Rate for Calcs": "0", "Tax Effect of Unusual Items": "0"}}, "bs": {"12/31/2020": {"Duration": "12/31/2020", "Total Assets": "9,265,562", "Total Liabilities Net Minority Interest": "5,075,950", "Total Equity Gross Minority Interest": "4,189,612", "Total Capitalization": "7,360,946", "Common Stock Equity": "4,345,164", "Net Tangible Assets": "3,563,361", "Working Capital": "2,999,660", "Invested Capital": "7,447,840", "Tangible Book Value": "3,563,361", "Total Debt": "3,102,676", "Net Debt": "1,734,058", "Share Issued": "266,619", "Ordinary Shares Number": "210,914", "Treasury Shares Number": "55,704"}, "12/31/2019": {"Duration": "12/31/2019", "Total Assets": "8,275,765", "Total Liabilities Net Minority Interest": "4,354,524", "Total Equity Gross Minority Interest": "3,921,241", "Total Capitalization": "6,720,822", "Common Stock Equity": "4,075,834", "Net Tangible Assets": "3,295,018", "Working Capital": "3,246,327", "Invested Capital": "6,810,178", "Tangible Book Value": "3,295,018", "Total Debt": "2,734,344", "Net Debt": "1,352,884", "Share Issued": "266,073", "Ordinary Shares Number": "214,503", "Treasury Shares Number": "51,570"}, "12/31/2018": {"Duration": "12/31/2018", "Total Assets": "7,703,563", "Total Liabilities Net Minority Interest": "3,927,574", "Total Equity Gross Minority Interest": "3,775,989", "Total Capitalization": "6,287,560", "Common Stock Equity": "3,935,071", "Net Tangible Assets": "3,235,098", "Working Capital": "3,013,520", "Invested Capital": "6,311,794", "Tangible Book Value": "3,235,098", "Total Debt": "2,376,723", "Net Debt": "1,548,503", "Share Issued": "265,822", "Ordinary Shares Number": "225,272", "Treasury Shares Number": "40,550"}}, "cf": {"TTM": {"Duration": "TTM", "Operating Cash Flow": "1,037,942", "Investing Cash Flow": "-1,128,696", "Financing Cash Flow": "100,440", "End Cash Position": "1,250,670", "Income Tax Paid Supplemental Data": "52,041", "Interest Paid Supplemental Data": "114,121", "Capital Expenditure": "-1,290,383", "Issuance of Debt": "2,604,536", "Repayment of Debt": "-2,246,054", "Repurchase of Capital Stock": "0", "Free Cash Flow": "-252,441"}, "12/31/2020": {"Duration": "12/31/2020", "Operating Cash Flow": "987,032", "Investing Cash Flow": "-993,259", "Financing Cash Flow": "-7,048", "End Cash Position": "1,374,122", "Income Tax Paid Supplemental Data": "50,417", "Interest Paid Supplemental Data": "111,591", "Capital Expenditure": "-1,198,055", "Issuance of Debt": "2,523,356", "Repayment of Debt": "-2,177,527", "Repurchase of Capital Stock": "-106,529", "Free Cash Flow": "-211,023"}, "12/31/2019": {"Duration": "12/31/2019", "Operating Cash Flow": "1,396,290", "Investing Cash Flow": "-576,686", "Financing Cash Flow": "-266,630", "End Cash Position": "1,387,397", "Income Tax Paid Supplemental Data": "155,525", "Interest Paid Supplemental Data": "134,550", "Capital Expenditure": "-451,945", "Issuance of Debt": "1,573,962", "Repayment of Debt": "-1,264,152", "Repurchase of Capital Stock": "-348,608", "Free Cash Flow": "944,345"}, "12/31/2018": {"Duration": "12/31/2018", "Operating Cash Flow": "1,415,469", "Investing Cash Flow": "-895,264", "Financing Cash Flow": "-720,867", "End Cash Position": "834,423", "Income Tax Paid Supplemental Data": "288,429", "Interest Paid Supplemental Data": "124,034", "Capital Expenditure": "-239,390", "Issuance of Debt": "445,607", "Repayment of Debt": "-455,491", "Repurchase of Capital Stock": "-523,569", "Free Cash Flow": "1,176,079"}}}}, {"FRD": {"quote": {"05/07/2021": {"value": "10.22", "Market Cap": "70.578M", "Beta (5Y Monthly)": "0.72", "PE Ratio (TTM)": "N/A", "EPS (TTM)": "-0.29", "Earnings Date": "Feb 22, 2021", "Forward Dividend & Yield": "0.08 (0.78%)", "Ex-Dividend Date": "Apr 22, 2021", "1y Target Est": "N/A"}}, "fin": {"TTM": {"Duration": "TTM", "Total Revenue": "109,869", "Cost of Revenue": "102,157", "Gross Profit": "7,712", "Operating Expense": "5,981", "Operating Income": "1,732", "Net Non Operating Interest Income Expense": "-3.527", "Other Income Expense": "-", "Pretax Income": "-2,610", "Tax Provision": "-612.281", "Net Income Common Stockholders": "-1,998", "Diluted NI Available to Com Stockholders": "-1,998", "Basic EPS": "-", "Diluted EPS": "-", "Basic Average Shares": "-", "Diluted Average Shares": "-", "Total Operating Income as Reported": "-2,627", "Total Expenses": "108,137", "Interest Income": "17.172", "Interest Expense": "20.699", "Net Interest Income": "-3.527", "Net Income from Continuing & Discontinued Operation": "-1,998", "Normalized Income": "-1,998", "EBIT": "-2,590", "EBITDA": "-1,258", "Reconciled Cost of Revenue": "102,157", "Reconciled Depreciation": "1,331", "Net Income from Continuing Operation Net Minority Interest": "-1,998", "Total Unusual Items Excluding Goodwill": "-", "Total Unusual Items": "-", "Normalized EBITDA": "-1,258", "Tax Rate for Calcs": "0", "Tax Effect of Unusual Items": "0"}, "3/31/2020": {"Duration": "3/31/2020", "Total Revenue": "142,102", "Cost of Revenue": "139,492", "Gross Profit": "2,610", "Operating Expense": "5,125", "Operating Income": "-2,514", "Net Non Operating Interest Income Expense": "14.454", "Other Income Expense": "-4,338", "Pretax Income": "-6,838", "Tax Provision": "-1,589", "Net Income Common Stockholders": "-5,249", "Diluted NI Available to Com Stockholders": "-5,249", "Basic EPS": "-0.75", "Diluted EPS": "-0.75", "Basic Average Shares": "7,000", "Diluted Average Shares": "7,000", "Total Operating Income as Reported": "-6,857", "Total Expenses": "144,617", "Interest Income": "19.26", "Interest Expense": "4.806", "Net Interest Income": "14.454", "Net Income from Continuing & Discontinued Operation": "-5,249", "Normalized Income": "-1,919", "EBIT": "-6,833", "EBITDA": "-", "Reconciled Cost of Revenue": "139,492", "Reconciled Depreciation": "1,525", "Net Income from Continuing Operation Net Minority Interest": "-5,249", "Total Unusual Items Excluding Goodwill": "-4,338", "Total Unusual Items": "-4,338", "Normalized EBITDA": "-970.016", "Tax Rate for Calcs": "0", "Tax Effect of Unusual Items": "-1,008"}, "3/31/2019": {"Duration": "3/31/2019", "Total Revenue": "187,154", "Cost of Revenue": "174,247", "Gross Profit": "12,907", "Operating Expense": "4,783", "Operating Income": "8,125", "Net Non Operating Interest Income Expense": "422.957", "Other Income Expense": "-1,724", "Pretax Income": "6,824", "Tax Provision": "1,724", "Net Income Common Stockholders": "5,100", "Diluted NI Available to Com Stockholders": "5,100", "Basic EPS": "0.73", "Diluted EPS": "0.73", "Basic Average Shares": "7,010", "Diluted Average Shares": "7,010", "Total Operating Income as Reported": "6,383", "Total Expenses": "179,030", "Interest Income": "440.503", "Interest Expense": "17.546", "Net Interest Income": "422.957", "Net Income from Continuing & Discontinued Operation": "5,100", "Normalized Income": "6,388", "EBIT": "6,841", "EBITDA": "-", "Reconciled Cost of Revenue": "174,247", "Reconciled Depreciation": "1,340", "Net Income from Continuing Operation Net Minority Interest": "5,100", "Total Unusual Items Excluding Goodwill": "-1,724", "Total Unusual Items": "-1,724", "Normalized EBITDA": "9,906", "Tax Rate for Calcs": "0", "Tax Effect of Unusual Items": "-435.4398"}}, "bs": {"3/31/2020": {"Duration": "3/31/2020", "Total Assets": "77,344", "Total Liabilities Net Minority Interest": "10,479", "Total Equity Gross Minority Interest": "66,865", "Total Capitalization": "66,865", "Common Stock Equity": "66,865", "Capital Lease Obligations": "100.728", "Net Tangible Assets": "66,865", "Working Capital": "55,566", "Invested Capital": "66,865", "Tangible Book Value": "66,865", "Total Debt": "100.728", "Share Issued": "8,295", "Ordinary Shares Number": "7,069", "Treasury Shares Number": "1,226"}, "3/31/2019": {"Duration": "3/31/2019", "Total Assets": "86,602", "Total Liabilities Net Minority Interest": "14,120", "Total Equity Gross Minority Interest": "72,482", "Total Capitalization": "72,482", "Common Stock Equity": "72,482", "Capital Lease Obligations": "-", "Net Tangible Assets": "72,482", "Working Capital": "62,091", "Invested Capital": "72,482", "Tangible Book Value": "72,482", "Total Debt": "-", "Share Issued": "8,205", "Ordinary Shares Number": "6,979", "Treasury Shares Number": "1,226"}}, "cf": {"TTM": {"Duration": "TTM", "Operating Cash Flow": "1,443", "Investing Cash Flow": "-5,957", "Financing Cash Flow": "-117.983", "End Cash Position": "17,701", "Capital Expenditure": "-5,940", "Repayment of Debt": "-100.244", "Free Cash Flow": "-4,497"}, "3/31/2020": {"Duration": "3/31/2020", "Operating Cash Flow": "11,233", "Investing Cash Flow": "-4,953", "Financing Cash Flow": "-889.573", "End Cash Position": "17,058", "Capital Expenditure": "-4,935", "Repayment of Debt": "-49.64", "Free Cash Flow": "6,297"}, "3/31/2019": {"Duration": "3/31/2019", "Operating Cash Flow": "9,632", "Investing Cash Flow": "-825.906", "Financing Cash Flow": "-1,192", "End Cash Position": "11,667", "Capital Expenditure": "-807.989", "Repayment of Debt": "-", "Free Cash Flow": "8,824"}}}}, {"GGB": {"quote": {"05/07/2021": {"value": "6.92", "Market Cap": "10.934B", "Beta (5Y Monthly)": "1.30", "PE Ratio (TTM)": "26.82", "EPS (TTM)": "0.26", "Earnings Date": "N/A", "Forward Dividend & Yield": "0.08 (1.16%)", "Ex-Dividend Date": "Mar 12, 2021", "1y Target Est": "7.41"}}, "fin": {"TTM": {"Duration": "TTM", "Total Revenue": "43,814,661", "Cost of Revenue": "37,884,102", "Gross Profit": "5,930,559", "Operating Expense": "412,686", "Operating Income": "5,517,873", "Net Non Operating Interest Income Expense": "-1,362,426", "Other Income Expense": "-659,769", "Pretax Income": "3,495,678", "Tax Provision": "1,107,624", "Net Income Common Stockholders": "2,365,763", "Average Dilution Earnings": "742", "Diluted NI Available to Com Stockholders": "2,366,505", "Basic EPS": "-", "Diluted EPS": "-", "Basic Average Shares": "-", "Diluted Average Shares": "-", "Total Operating Income as Reported": "-", "Total Expenses": "38,296,788", "Interest Income": "86,035", "Interest Expense": "1,022,460", "Net Interest Income": "-1,362,426", "Net Income from Continuing & Discontinued Operation": "2,365,763", "Normalized Income": "2,920,707", "EBIT": "4,518,138", "EBITDA": "7,017,242", "Reconciled Cost of Revenue": "37,884,102", "Reconciled Depreciation": "2,499,104", "Net Income from Continuing Operation Net Minority Interest": "2,365,763", "Total Unusual Items Excluding Goodwill": "-812,338", "Total Unusual Items": "-812,338", "Normalized EBITDA": "7,829,580", "Tax Rate for Calcs": "0", "Tax Effect of Unusual Items": "-257,394"}, "12/31/2020": {"Duration": "12/31/2020", "Total Revenue": "43,814,661", "Cost of Revenue": "37,884,102", "Gross Profit": "5,930,559", "Operating Expense": "412,686", "Operating Income": "5,517,873", "Net Non Operating Interest Income Expense": "-1,362,426", "Other Income Expense": "-659,769", "Pretax Income": "3,495,678", "Tax Provision": "1,107,624", "Net Income Common Stockholders": "2,365,763", "Average Dilution Earnings": "742", "Diluted NI Available to Com Stockholders": "2,366,505", "Basic EPS": "-", "Diluted EPS": "-", "Basic Average Shares": "-", "Diluted Average Shares": "-", "Total Operating Income as Reported": "-", "Total Expenses": "38,296,788", "Interest Income": "86,035", "Interest Expense": "1,022,460", "Net Interest Income": "-1,362,426", "Net Income from Continuing & Discontinued Operation": "2,365,763", "Normalized Income": "2,920,707", "EBIT": "4,518,138", "EBITDA": "-", "Reconciled Cost of Revenue": "37,884,102", "Reconciled Depreciation": "2,499,104", "Net Income from Continuing Operation Net Minority Interest": "2,365,763", "Total Unusual Items Excluding Goodwill": "-812,338", "Total Unusual Items": "-812,338", "Normalized EBITDA": "7,829,580", "Tax Rate for Calcs": "0", "Tax Effect of Unusual Items": "-257,394"}, "12/31/2019": {"Duration": "12/31/2019", "Total Revenue": "39,644,010", "Cost of Revenue": "35,440,726", "Gross Profit": "4,203,284", "Operating Expense": "981,256", "Operating Income": "3,222,028", "Net Non Operating Interest Income Expense": "-1,333,782", "Other Income Expense": "-213,526", "Pretax Income": "1,674,720", "Tax Provision": "457,833", "Net Income Common Stockholders": "1,203,736", "Average Dilution Earnings": "-", "Diluted NI Available to Com Stockholders": "1,203,736", "Basic EPS": "0.72", "Diluted EPS": "0.72", "Basic Average Shares": "1,698,941", "Diluted Average Shares": "1,698,941", "Total Operating Income as Reported": "3,183,934", "Total Expenses": "36,421,982", "Interest Income": "135,972", "Interest Expense": "938,120", "Net Interest Income": "-1,333,782", "Net Income from Continuing & Discontinued Operation": "1,203,736", "Normalized Income": "1,346,500", "EBIT": "2,612,840", "EBITDA": "-", "Reconciled Cost of Revenue": "35,440,726", "Reconciled Depreciation": "2,074,295", "Net Income from Continuing Operation Net Minority Interest": "1,203,736", "Total Unusual Items Excluding Goodwill": "-196,476", "Total Unusual Items": "-196,476", "Normalized EBITDA": "4,883,611", "Tax Rate for Calcs": "0", "Tax Effect of Unusual Items": "-53,712"}, "12/31/2018": {"Duration": "12/31/2018", "Total Revenue": "46,159,478", "Cost of Revenue": "40,010,100", "Gross Profit": "6,149,378", "Operating Expense": "1,687,872", "Operating Income": "4,461,506", "Net Non Operating Interest Income Expense": "-1,444,062", "Other Income Expense": "-860,013", "Pretax Income": "2,157,431", "Tax Provision": "-168,951", "Net Income Common Stockholders": "2,303,868", "Average Dilution Earnings": "-", "Diluted NI Available to Com Stockholders": "2,303,868", "Basic EPS": "1.37", "Diluted EPS": "1.37", "Basic Average Shares": "1,696,164", "Diluted Average Shares": "1,696,164", "Total Operating Income as Reported": "4,047,226", "Total Expenses": "41,697,972", "Interest Income": "135,279", "Interest Expense": "1,177,686", "Net Interest Income": "-1,444,062", "Net Income from Continuing & Discontinued Operation": "2,303,868", "Normalized Income": "2,878,170", "EBIT": "3,335,117", "EBITDA": "-", "Reconciled Cost of Revenue": "40,010,100", "Reconciled Depreciation": "1,891,814", "Net Income from Continuing Operation Net Minority Interest": "2,303,868", "Total Unusual Items Excluding Goodwill": "-870,154", "Total Unusual Items": "-870,154", "Normalized EBITDA": "6,097,085", "Tax Rate for Calcs": "0", "Tax Effect of Unusual Items": "-295,852"}}, "bs": {"12/31/2020": {"Duration": "12/31/2020", "Total Assets": "63,123,009", "Total Liabilities Net Minority Interest": "32,037,799", "Total Equity Gross Minority Interest": "31,085,210", "Total Capitalization": "46,966,971", "Common Stock Equity": "30,860,271", "Capital Lease Obligations": "856,474", "Net Tangible Assets": "18,134,174", "Working Capital": "11,927,310", "Invested Capital": "48,398,477", "Tangible Book Value": "18,134,174", "Total Debt": "18,394,680", "Net Debt": "12,921,002", "Share Issued": "1,719,659", "Ordinary Shares Number": "1,701,161", "Treasury Shares Number": "18,497"}, "12/31/2019": {"Duration": "12/31/2019", "Total Assets": "54,002,970", "Total Liabilities Net Minority Interest": "26,829,843", "Total Equity Gross Minority Interest": "27,173,127", "Total Capitalization": "41,443,342", "Common Stock Equity": "26,955,701", "Capital Lease Obligations": "804,269", "Net Tangible Assets": "16,813,128", "Working Capital": "10,811,176", "Invested Capital": "43,005,568", "Tangible Book Value": "16,813,128", "Total Debt": "16,854,136", "Net Debt": "13,408,215", "Share Issued": "1,719,659", "Ordinary Shares Number": "1,698,941", "Treasury Shares Number": "20,718"}, "12/31/2018": {"Duration": "12/31/2018", "Total Assets": "51,281,029", "Total Liabilities Net Minority Interest": "25,342,458", "Total Equity Gross Minority Interest": "25,938,571", "Total Capitalization": "38,813,730", "Common Stock Equity": "25,730,604", "Capital Lease Obligations": "-", "Net Tangible Assets": "15,782,118", "Working Capital": "8,998,829", "Invested Capital": "40,638,668", "Tangible Book Value": "15,782,118", "Total Debt": "14,908,064", "Net Debt": "12,017,920", "Share Issued": "1,719,659", "Ordinary Shares Number": "1,696,164", "Treasury Shares Number": "23,495"}}, "cf": {"TTM": {"Duration": "TTM", "Operating Cash Flow": "6,407,906", "Investing Cash Flow": "-2,229,077", "Financing Cash Flow": "-2,493,789", "End Cash Position": "4,617,204", "Capital Expenditure": "-1,805,028", "Issuance of Debt": "3,120,745", "Repayment of Debt": "-5,339,719", "Repurchase of Capital Stock": "0", "Free Cash Flow": "4,602,878"}, "12/31/2020": {"Duration": "12/31/2020", "Operating Cash Flow": "6,407,906", "Investing Cash Flow": "-2,229,077", "Financing Cash Flow": "-2,493,789", "End Cash Position": "4,617,204", "Capital Expenditure": "-1,805,028", "Issuance of Debt": "3,120,745", "Repayment of Debt": "-5,339,719", "Repurchase of Capital Stock": "0", "Free Cash Flow": "4,602,878"}, "12/31/2019": {"Duration": "12/31/2019", "Operating Cash Flow": "1,642,792", "Investing Cash Flow": "-1,899,451", "Financing Cash Flow": "-9,596", "End Cash Position": "2,641,652", "Capital Expenditure": "-1,846,913", "Issuance of Debt": "5,585,573", "Repayment of Debt": "-5,110,996", "Repurchase of Capital Stock": "0", "Free Cash Flow": "-204,121"}, "12/31/2018": {"Duration": "12/31/2018", "Operating Cash Flow": "1,999,683", "Investing Cash Flow": "2,383,473", "Financing Cash Flow": "-4,256,384", "End Cash Position": "2,890,144", "Capital Expenditure": "-1,262,322", "Issuance of Debt": "2,586,544", "Repayment of Debt": "-6,000,433", "Repurchase of Capital Stock": "-243,396", "Free Cash Flow": "737,361"}}}}, {"ROCK": {"quote": {"05/07/2021": {"value": "83.79", "Market Cap": "2.734B", "Beta (5Y Monthly)": "N/A", "PE Ratio (TTM)": "42.25", "EPS (TTM)": "1.98", "Earnings Date": "Aug 03, 2021 - Aug 09, 2021", "Forward Dividend & Yield": "N/A (N/A)", "Ex-Dividend Date": "Dec 30, 2008", "1y Target Est": "103.33"}}, "fin": {"TTM": {"Duration": "TTM", "Total Revenue": "1,032,578", "Cost of Revenue": "776,235", "Gross Profit": "256,343", "Operating Expense": "149,153", "Operating Income": "107,190", "Net Non Operating Interest Income Expense": "-703", "Other Income Expense": "1,272", "Pretax Income": "107,759", "Tax Provision": "24,468", "Net Income Common Stockholders": "64,566", "Diluted NI Available to Com Stockholders": "64,566", "Basic EPS": "-", "Diluted EPS": "-", "Basic Average Shares": "-", "Diluted Average Shares": "-", "Total Operating Income as Reported": "107,190", "Total Expenses": "925,388", "Interest Expense": "703", "Net Interest Income": "-703", "Net Income from Continuing & Discontinued Operation": "64,566", "Normalized Income": "83,291", "EBIT": "108,462", "EBITDA": "129,377", "Reconciled Cost of Revenue": "776,235", "Reconciled Depreciation": "20,915", "Net Income from Continuing Operation Net Minority Interest": "83,291", "Total Unusual Items Excluding Goodwill": "0", "Total Unusual Items": "0", "Normalized EBITDA": "129,377", "Tax Rate for Calcs": "0", "Tax Effect of Unusual Items": "0"}, "12/31/2020": {"Duration": "12/31/2020", "Total Revenue": "1,032,578", "Cost of Revenue": "776,235", "Gross Profit": "256,343", "Operating Expense": "149,153", "Operating Income": "107,190", "Net Non Operating Interest Income Expense": "-703", "Other Income Expense": "1,272", "Pretax Income": "107,759", "Tax Provision": "24,468", "Net Income Common Stockholders": "64,566", "Diluted NI Available to Com Stockholders": "64,566", "Basic EPS": "1.98", "Diluted EPS": "1.96", "Basic Average Shares": "32,664", "Diluted Average Shares": "32,918", "Total Operating Income as Reported": "107,190", "Total Expenses": "925,388", "Interest Expense": "703", "Net Interest Income": "-703", "Net Income from Continuing & Discontinued Operation": "64,566", "Normalized Income": "83,291", "EBIT": "108,462", "EBITDA": "-", "Reconciled Cost of Revenue": "776,235", "Reconciled Depreciation": "20,915", "Net Income from Continuing Operation Net Minority Interest": "83,291", "Total Unusual Items Excluding Goodwill": "0", "Total Unusual Items": "0", "Normalized EBITDA": "129,377", "Tax Rate for Calcs": "0", "Tax Effect of Unusual Items": "0"}, "12/31/2019": {"Duration": "12/31/2019", "Total Revenue": "1,047,439", "Cost of Revenue": "802,548", "Gross Profit": "244,891", "Operating Expense": "157,052", "Operating Income": "87,839", "Net Non Operating Interest Income Expense": "-2,205", "Other Income Expense": "-871", "Pretax Income": "84,763", "Tax Provision": "19,672", "Net Income Common Stockholders": "65,091", "Diluted NI Available to Com Stockholders": "65,091", "Basic EPS": "2.01", "Diluted EPS": "1.99", "Basic Average Shares": "32,389", "Diluted Average Shares": "32,722", "Total Operating Income as Reported": "87,839", "Total Expenses": "959,600", "Interest Expense": "2,205", "Net Interest Income": "-2,205", "Net Income from Continuing & Discontinued Operation": "65,091", "Normalized Income": "65,091", "EBIT": "86,968", "EBITDA": "-", "Reconciled Cost of Revenue": "802,548", "Reconciled Depreciation": "19,949", "Net Income from Continuing Operation Net Minority Interest": "65,091", "Total Unusual Items Excluding Goodwill": "0", "Total Unusual Items": "0", "Normalized EBITDA": "106,917", "Tax Rate for Calcs": "0", "Tax Effect of Unusual Items": "0"}, "12/31/2018": {"Duration": "12/31/2018", "Total Revenue": "1,002,372", "Cost of Revenue": "760,012", "Gross Profit": "242,360", "Operating Expense": "146,840", "Operating Income": "95,520", "Net Non Operating Interest Income Expense": "-12,064", "Other Income Expense": "-3,511", "Pretax Income": "79,945", "Tax Provision": "16,136", "Net Income Common Stockholders": "63,809", "Diluted NI Available to Com Stockholders": "63,809", "Basic EPS": "2.00", "Diluted EPS": "1.96", "Basic Average Shares": "31,979", "Diluted Average Shares": "32,534", "Total Operating Income as Reported": "93,968", "Total Expenses": "906,852", "Interest Expense": "12,064", "Net Interest Income": "-12,064", "Net Income from Continuing & Discontinued Operation": "63,809", "Normalized Income": "65,047", "EBIT": "92,009", "EBITDA": "-", "Reconciled Cost of Revenue": "760,012", "Reconciled Depreciation": "20,374", "Net Income from Continuing Operation Net Minority Interest": "63,809", "Total Unusual Items Excluding Goodwill": "-1,552", "Total Unusual Items": "-1,552", "Normalized EBITDA": "113,935", "Tax Rate for Calcs": "0", "Tax Effect of Unusual Items": "-313.504"}}, "bs": {"12/31/2020": {"Duration": "12/31/2020", "Total Assets": "1,212,494", "Total Liabilities Net Minority Interest": "468,689", "Total Equity Gross Minority Interest": "743,805", "Total Capitalization": "829,441", "Common Stock Equity": "743,805", "Capital Lease Obligations": "25,764", "Net Tangible Assets": "73,161", "Working Capital": "123,220", "Invested Capital": "829,441", "Tangible Book Value": "73,161", "Total Debt": "111,400", "Net Debt": "53,582", "Share Issued": "33,568", "Ordinary Shares Number": "32,540", "Treasury Shares Number": "1,028"}, "12/31/2019": {"Duration": "12/31/2019", "Total Assets": "984,450", "Total Liabilities Net Minority Interest": "310,486", "Total Equity Gross Minority Interest": "673,964", "Total Capitalization": "673,964", "Common Stock Equity": "673,964", "Capital Lease Obligations": "27,978", "Net Tangible Assets": "251,667", "Working Capital": "207,905", "Invested Capital": "673,964", "Tangible Book Value": "251,667", "Total Debt": "27,978", "Net Debt": "-", "Share Issued": "33,192", "Ordinary Shares Number": "32,286", "Treasury Shares Number": "906"}, "12/31/2018": {"Duration": "12/31/2018", "Total Assets": "1,061,645", "Total Liabilities Net Minority Interest": "464,952", "Total Equity Gross Minority Interest": "596,693", "Total Capitalization": "598,293", "Common Stock Equity": "596,693", "Capital Lease Obligations": "-", "Net Tangible Assets": "176,647", "Working Capital": "151,681", "Invested Capital": "807,098", "Tangible Book Value": "176,647", "Total Debt": "210,405", "Net Debt": "-", "Share Issued": "32,887", "Ordinary Shares Number": "32,091", "Treasury Shares Number": "796"}}, "cf": {"TTM": {"Duration": "TTM", "Operating Cash Flow": "89,104", "Investing Cash Flow": "-326,710", "Financing Cash Flow": "79,463", "End Cash Position": "32,054", "Capital Expenditure": "-13,068", "Issuance of Capital Stock": "1,119", "Issuance of Debt": "85,000", "Repayment of Debt": "0", "Repurchase of Capital Stock": "-6,656", "Free Cash Flow": "76,036"}, "12/31/2020": {"Duration": "12/31/2020", "Operating Cash Flow": "89,104", "Investing Cash Flow": "-326,710", "Financing Cash Flow": "79,463", "End Cash Position": "32,054", "Capital Expenditure": "-13,068", "Issuance of Capital Stock": "1,119", "Issuance of Debt": "85,000", "Repayment of Debt": "0", "Repurchase of Capital Stock": "-6,656", "Free Cash Flow": "76,036"}, "12/31/2019": {"Duration": "12/31/2019", "Operating Cash Flow": "129,935", "Investing Cash Flow": "-19,673", "Financing Cash Flow": "-217,050", "End Cash Position": "191,363", "Capital Expenditure": "-11,184", "Issuance of Capital Stock": "490", "Issuance of Debt": "-", "Repayment of Debt": "-212,000", "Repurchase of Capital Stock": "-4,305", "Free Cash Flow": "118,751"}, "12/31/2018": {"Duration": "12/31/2018", "Operating Cash Flow": "97,545", "Investing Cash Flow": "-14,549", "Financing Cash Flow": "-6,180", "End Cash Position": "297,006", "Capital Expenditure": "-12,457", "Issuance of Capital Stock": "1,385", "Issuance of Debt": "-", "Repayment of Debt": "-400", "Repurchase of Capital Stock": "-7,165", "Free Cash Flow": "85,088"}}}}, {"IIIN": {"quote": {"05/07/2021": {"value": "41.20", "Market Cap": "796.833M", "Beta (5Y Monthly)": "1.69", "PE Ratio (TTM)": "21.56", "EPS (TTM)": "1.91", "Earnings Date": "Jul 14, 2021 - Jul 19, 2021", "Forward Dividend & Yield": "0.12 (0.29%)", "Ex-Dividend Date": "Mar 11, 2021", "1y Target Est": "35.50"}}, "fin": {"TTM": {"Duration": "TTM", "Total Revenue": "518,794", "Cost of Revenue": "434,448", "Gross Profit": "84,346", "Operating Expense": "34,885", "Operating Income": "49,461", "Net Non Operating Interest Income Expense": "-50", "Other Income Expense": "-1,633", "Pretax Income": "47,778", "Tax Provision": "10,625", "Net Income Common Stockholders": "37,153", "Diluted NI Available to Com Stockholders": "37,153", "Basic EPS": "-", "Diluted EPS": "-", "Basic Average Shares": "-", "Diluted Average Shares": "-", "Total Expenses": "469,333", "Interest Income": "53", "Interest Expense": "103", "Net Interest Income": "-50", "Net Income from Continuing & Discontinued Operation": "37,153", "Normalized Income": "39,296", "EBIT": "47,881", "EBITDA": "62,345", "Reconciled Cost of Revenue": "434,448", "Reconciled Depreciation": "14,464", "Net Income from Continuing Operation Net Minority Interest": "37,153", "Total Unusual Items Excluding Goodwill": "-2,756", "Total Unusual Items": "-2,756", "Normalized EBITDA": "65,101", "Tax Rate for Calcs": "0", "Tax Effect of Unusual Items": "-612.8867"}, "9/30/2020": {"Duration": "9/30/2020", "Total Revenue": "472,618", "Cost of Revenue": "416,831", "Gross Profit": "55,787", "Operating Expense": "31,348", "Operating Income": "24,439", "Net Non Operating Interest Income Expense": "367", "Other Income Expense": "-636", "Pretax Income": "24,170", "Tax Provision": "5,161", "Net Income Common Stockholders": "19,009", "Diluted NI Available to Com Stockholders": "19,009", "Basic EPS": "0.99", "Diluted EPS": "0.98", "Basic Average Shares": "19,278", "Diluted Average Shares": "19,383", "Total Expenses": "448,179", "Interest Income": "473", "Interest Expense": "106", "Net Interest Income": "367", "Net Income from Continuing & Discontinued Operation": "19,009", "Normalized Income": "20,495", "EBIT": "24,276", "EBITDA": "-", "Reconciled Cost of Revenue": "416,831", "Reconciled Depreciation": "14,255", "Net Income from Continuing Operation Net Minority Interest": "19,009", "Total Unusual Items Excluding Goodwill": "-1,890", "Total Unusual Items": "-1,890", "Normalized EBITDA": "40,421", "Tax Rate for Calcs": "0", "Tax Effect of Unusual Items": "-404.46"}, "9/30/2019": {"Duration": "9/30/2019", "Total Revenue": "455,713", "Cost of Revenue": "425,652", "Gross Profit": "30,061", "Operating Expense": "24,504", "Operating Income": "5,557", "Net Non Operating Interest Income Expense": "125", "Other Income Expense": "1,773", "Pretax Income": "7,455", "Tax Provision": "1,857", "Net Income Common Stockholders": "5,598", "Diluted NI Available to Com Stockholders": "5,598", "Basic EPS": "0.29", "Diluted EPS": "0.29", "Basic Average Shares": "19,243", "Diluted Average Shares": "19,340", "Total Expenses": "450,156", "Interest Income": "293", "Interest Expense": "168", "Net Interest Income": "125", "Net Income from Continuing & Discontinued Operation": "5,598", "Normalized Income": "5,598", "EBIT": "7,623", "EBITDA": "-", "Reconciled Cost of Revenue": "425,652", "Reconciled Depreciation": "13,553", "Net Income from Continuing Operation Net Minority Interest": "5,598", "Total Unusual Items Excluding Goodwill": "0", "Total Unusual Items": "0", "Normalized EBITDA": "21,176", "Tax Rate for Calcs": "0", "Tax Effect of Unusual Items": "0"}, "9/30/2018": {"Duration": "9/30/2018", "Total Revenue": "453,217", "Cost of Revenue": "382,410", "Gross Profit": "70,807", "Operating Expense": "28,304", "Operating Income": "42,503", "Net Non Operating Interest Income Expense": "401", "Other Income Expense": "-274", "Pretax Income": "42,630", "Tax Provision": "6,364", "Net Income Common Stockholders": "36,266", "Diluted NI Available to Com Stockholders": "36,266", "Basic EPS": "1.90", "Diluted EPS": "1.88", "Basic Average Shares": "19,079", "Diluted Average Shares": "19,277", "Total Expenses": "410,714", "Interest Income": "515", "Interest Expense": "114", "Net Interest Income": "401", "Net Income from Continuing & Discontinued Operation": "36,266", "Normalized Income": "36,266", "EBIT": "42,744", "EBITDA": "-", "Reconciled Cost of Revenue": "382,410", "Reconciled Depreciation": "12,818", "Net Income from Continuing Operation Net Minority Interest": "36,266", "Total Unusual Items Excluding Goodwill": "0", "Total Unusual Items": "0", "Normalized EBITDA": "55,562", "Tax Rate for Calcs": "0", "Tax Effect of Unusual Items": "0"}}, "bs": {"9/30/2020": {"Duration": "9/30/2020", "Total Assets": "337,902", "Total Liabilities Net Minority Interest": "73,099", "Total Equity Gross Minority Interest": "264,803", "Total Capitalization": "264,803", "Common Stock Equity": "264,803", "Capital Lease Obligations": "2,530", "Net Tangible Assets": "246,491", "Working Capital": "143,360", "Invested Capital": "264,803", "Tangible Book Value": "246,491", "Total Debt": "2,530", "Share Issued": "19,304", "Ordinary Shares Number": "19,304"}, "9/30/2019": {"Duration": "9/30/2019", "Total Assets": "293,009", "Total Liabilities Net Minority Interest": "46,992", "Total Equity Gross Minority Interest": "246,017", "Total Capitalization": "246,017", "Common Stock Equity": "246,017", "Capital Lease Obligations": "-", "Net Tangible Assets": "229,114", "Working Capital": "132,171", "Invested Capital": "246,017", "Tangible Book Value": "229,114", "Total Debt": "-", "Share Issued": "19,261", "Ordinary Shares Number": "19,261"}, "9/30/2018": {"Duration": "9/30/2018", "Total Assets": "329,534", "Total Liabilities Net Minority Interest": "87,869", "Total Equity Gross Minority Interest": "241,665", "Total Capitalization": "241,665", "Common Stock Equity": "241,665", "Capital Lease Obligations": "-", "Net Tangible Assets": "223,669", "Working Capital": "123,489", "Invested Capital": "241,665", "Tangible Book Value": "223,669", "Total Debt": "-", "Share Issued": "19,223", "Ordinary Shares Number": "19,223"}}, "cf": {"TTM": {"Duration": "TTM", "Operating Cash Flow": "58,855", "Investing Cash Flow": "-8,903", "Financing Cash Flow": "-31,375", "End Cash Position": "58,940", "Income Tax Paid Supplemental Data": "7,456", "Interest Paid Supplemental Data": "-", "Capital Expenditure": "-13,514", "Issuance of Debt": "321", "Repayment of Debt": "-321", "Free Cash Flow": "45,341"}, "9/30/2020": {"Duration": "9/30/2020", "Operating Cash Flow": "56,224", "Investing Cash Flow": "-23,174", "Financing Cash Flow": "-2,543", "End Cash Position": "68,688", "Income Tax Paid Supplemental Data": "1,919", "Interest Paid Supplemental Data": "0", "Capital Expenditure": "-7,114", "Issuance of Debt": "322", "Repayment of Debt": "-322", "Free Cash Flow": "49,110"}, "9/30/2019": {"Duration": "9/30/2019", "Operating Cash Flow": "6,608", "Investing Cash Flow": "-9,556", "Financing Cash Flow": "-2,812", "End Cash Position": "38,181", "Income Tax Paid Supplemental Data": "1,743", "Interest Paid Supplemental Data": "49", "Capital Expenditure": "-10,512", "Issuance of Debt": "44,333", "Repayment of Debt": "-44,333", "Free Cash Flow": "-3,904"}, "9/30/2018": {"Duration": "9/30/2018", "Operating Cash Flow": "53,969", "Investing Cash Flow": "-21,939", "Financing Cash Flow": "-20,194", "End Cash Position": "43,941", "Income Tax Paid Supplemental Data": "7,777", "Interest Paid Supplemental Data": "-", "Capital Expenditure": "-18,449", "Issuance of Debt": "372", "Repayment of Debt": "-372", "Free Cash Flow": "35,520"}}}}, {"ZEUS": {"quote": {"05/07/2021": {"value": "32.98", "Market Cap": "365.25M", "Beta (5Y Monthly)": "1.65", "PE Ratio (TTM)": "N/A", "EPS (TTM)": "-0.49", "Earnings Date": "Aug 04, 2021 - Aug 09, 2021", "Forward Dividend & Yield": "0.08 (0.24%)", "Ex-Dividend Date": "Feb 26, 2021", "1y Target Est": "32.00"}}, "fin": {"TTM": {"Duration": "TTM", "Total Revenue": "1,234,144", "Cost of Revenue": "979,099", "Gross Profit": "255,045", "Operating Expense": "254,472", "Operating Income": "573", "Net Non Operating Interest Income Expense": "-7,411", "Other Income Expense": "-73", "Pretax Income": "-6,911", "Tax Provision": "-1,316", "Net Income Common Stockholders": "-5,595", "Diluted NI Available to Com Stockholders": "-5,595", "Basic EPS": "-", "Diluted EPS": "-", "Basic Average Shares": "-", "Diluted Average Shares": "-", "Total Operating Income as Reported": "573", "Rent Expense Supplemental": "9,662", "Total Expenses": "1,233,571", "Interest Expense": "7,411", "Net Interest Income": "-7,411", "Net Income from Continuing & Discontinued Operation": "-5,595", "Normalized Income": "-5,595", "EBIT": "500", "EBITDA": "20,508", "Reconciled Cost of Revenue": "978,581", "Reconciled Depreciation": "20,008", "Net Income from Continuing Operation Net Minority Interest": "-5,595", "Total Unusual Items Excluding Goodwill": "-", "Total Unusual Items": "-", "Normalized EBITDA": "20,508", "Tax Rate for Calcs": "0", "Tax Effect of Unusual Items": "0"}, "12/31/2020": {"Duration": "12/31/2020", "Total Revenue": "1,234,144", "Cost of Revenue": "979,099", "Gross Profit": "255,045", "Operating Expense": "254,472", "Operating Income": "573", "Net Non Operating Interest Income Expense": "-7,411", "Other Income Expense": "-73", "Pretax Income": "-6,911", "Tax Provision": "-1,316", "Net Income Common Stockholders": "-5,595", "Diluted NI Available to Com Stockholders": "-5,595", "Basic EPS": "-", "Diluted EPS": "-", "Basic Average Shares": "-", "Diluted Average Shares": "-", "Total Operating Income as Reported": "573", "Rent Expense Supplemental": "9,662", "Total Expenses": "1,233,571", "Interest Expense": "7,411", "Net Interest Income": "-7,411", "Net Income from Continuing & Discontinued Operation": "-5,595", "Normalized Income": "-5,595", "EBIT": "500", "EBITDA": "-", "Reconciled Cost of Revenue": "978,581", "Reconciled Depreciation": "20,008", "Net Income from Continuing Operation Net Minority Interest": "-5,595", "Total Unusual Items Excluding Goodwill": "-", "Total Unusual Items": "-", "Normalized EBITDA": "20,508", "Tax Rate for Calcs": "0", "Tax Effect of Unusual Items": "0"}, "12/31/2019": {"Duration": "12/31/2019", "Total Revenue": "1,579,040", "Cost of Revenue": "1,280,110", "Gross Profit": "298,930", "Operating Expense": "282,320", "Operating Income": "16,610", "Net Non Operating Interest Income Expense": "-11,289", "Other Income Expense": "-32", "Pretax Income": "5,289", "Tax Provision": "1,433", "Net Income Common Stockholders": "3,856", "Diluted NI Available to Com Stockholders": "3,856", "Basic EPS": "0.34", "Diluted EPS": "0.34", "Basic Average Shares": "11,509", "Diluted Average Shares": "11,509", "Total Operating Income as Reported": "16,610", "Rent Expense Supplemental": "9,972", "Total Expenses": "1,562,430", "Interest Expense": "11,289", "Net Interest Income": "-11,289", "Net Income from Continuing & Discontinued Operation": "3,856", "Normalized Income": "3,856", "EBIT": "16,578", "EBITDA": "-", "Reconciled Cost of Revenue": "1,279,592", "Reconciled Depreciation": "19,548", "Net Income from Continuing Operation Net Minority Interest": "3,856", "Total Unusual Items Excluding Goodwill": "-", "Total Unusual Items": "-", "Normalized EBITDA": "36,126", "Tax Rate for Calcs": "0", "Tax Effect of Unusual Items": "0"}, "12/31/2018": {"Duration": "12/31/2018", "Total Revenue": "1,715,081", "Cost of Revenue": "1,372,954", "Gross Profit": "342,127", "Operating Expense": "285,075", "Operating Income": "57,052", "Net Non Operating Interest Income Expense": "-10,681", "Other Income Expense": "-307", "Pretax Income": "46,064", "Tax Provision": "12,305", "Net Income Common Stockholders": "33,759", "Diluted NI Available to Com Stockholders": "33,759", "Basic EPS": "2.95", "Diluted EPS": "2.95", "Basic Average Shares": "11,432", "Diluted Average Shares": "11,440", "Total Operating Income as Reported": "57,052", "Rent Expense Supplemental": "9,428", "Total Expenses": "1,658,029", "Interest Expense": "10,681", "Net Interest Income": "-10,681", "Net Income from Continuing & Discontinued Operation": "33,759", "Normalized Income": "33,759", "EBIT": "56,745", "EBITDA": "-", "Reconciled Cost of Revenue": "1,372,527", "Reconciled Depreciation": "18,035", "Net Income from Continuing Operation Net Minority Interest": "33,759", "Total Unusual Items Excluding Goodwill": "-", "Total Unusual Items": "-", "Normalized EBITDA": "74,780", "Tax Rate for Calcs": "0", "Tax Effect of Unusual Items": "0"}}, "bs": {"12/31/2020": {"Duration": "12/31/2020", "Total Assets": "640,605", "Total Liabilities Net Minority Interest": "339,595", "Total Equity Gross Minority Interest": "301,010", "Total Capitalization": "461,619", "Common Stock Equity": "301,010", "Capital Lease Obligations": "25,545", "Net Tangible Assets": "263,294", "Working Capital": "275,479", "Invested Capital": "461,619", "Tangible Book Value": "263,294", "Total Debt": "186,154", "Net Debt": "155,076", "Share Issued": "11,075", "Ordinary Shares Number": "11,075", "Treasury Shares Number": "-"}, "12/31/2019": {"Duration": "12/31/2019", "Total Assets": "649,555", "Total Liabilities Net Minority Interest": "341,203", "Total Equity Gross Minority Interest": "308,352", "Total Capitalization": "501,277", "Common Stock Equity": "308,352", "Capital Lease Obligations": "26,450", "Net Tangible Assets": "275,670", "Working Capital": "318,755", "Invested Capital": "501,277", "Tangible Book Value": "275,670", "Total Debt": "219,375", "Net Debt": "187,183", "Share Issued": "11,021", "Ordinary Shares Number": "10,996", "Treasury Shares Number": "25"}, "12/31/2018": {"Duration": "12/31/2018", "Total Assets": "760,740", "Total Liabilities Net Minority Interest": "453,749", "Total Equity Gross Minority Interest": "306,991", "Total Capitalization": "609,521", "Common Stock Equity": "306,991", "Capital Lease Obligations": "-", "Net Tangible Assets": "279,719", "Working Capital": "434,342", "Invested Capital": "609,521", "Tangible Book Value": "279,719", "Total Debt": "302,530", "Net Debt": "293,211", "Share Issued": "11,020", "Ordinary Shares Number": "11,008", "Treasury Shares Number": "12"}}, "cf": {"TTM": {"Duration": "TTM", "Operating Cash Flow": "61,652", "Investing Cash Flow": "-28,149", "Financing Cash Flow": "-33,712", "End Cash Position": "5,533", "Income Tax Paid Supplemental Data": "1", "Interest Paid Supplemental Data": "7,002", "Capital Expenditure": "-9,803", "Issuance of Debt": "339,538", "Repayment of Debt": "-372,096", "Repurchase of Capital Stock": "-145", "Free Cash Flow": "51,849"}, "12/31/2020": {"Duration": "12/31/2020", "Operating Cash Flow": "61,652", "Investing Cash Flow": "-28,149", "Financing Cash Flow": "-33,712", "End Cash Position": "5,533", "Income Tax Paid Supplemental Data": "1", "Interest Paid Supplemental Data": "7,002", "Capital Expenditure": "-9,803", "Issuance of Debt": "339,538", "Repayment of Debt": "-372,096", "Repurchase of Capital Stock": "-145", "Free Cash Flow": "51,849"}, "12/31/2019": {"Duration": "12/31/2019", "Operating Cash Flow": "129,558", "Investing Cash Flow": "-21,029", "Financing Cash Flow": "-112,106", "End Cash Position": "5,742", "Income Tax Paid Supplemental Data": "460", "Interest Paid Supplemental Data": "10,951", "Capital Expenditure": "-10,165", "Issuance of Debt": "536,944", "Repayment of Debt": "-646,549", "Repurchase of Capital Stock": "-1,522", "Free Cash Flow": "119,393"}, "12/31/2018": {"Duration": "12/31/2018", "Operating Cash Flow": "-50,501", "Investing Cash Flow": "-47,496", "Financing Cash Flow": "104,307", "End Cash Position": "9,319", "Income Tax Paid Supplemental Data": "11,316", "Interest Paid Supplemental Data": "10,241", "Capital Expenditure": "-25,715", "Issuance of Debt": "597,867", "Repayment of Debt": "-492,509", "Repurchase of Capital Stock": "-", "Free Cash Flow": "-76,216"}}}}, {"SCHN": {"quote": {"05/07/2021": {"value": "55.68", "Market Cap": "1.529B", "Beta (5Y Monthly)": "1.42", "PE Ratio (TTM)": "27.29", "EPS (TTM)": "2.04", "Earnings Date": "Jun 29, 2021 - Jul 05, 2021", "Forward Dividend & Yield": "0.75 (1.34%)", "Ex-Dividend Date": "Apr 16, 2021", "1y Target Est": "34.00"}}, "fin": {"TTM": {"Duration": "TTM", "Total Revenue": "1,959,495", "Cost of Revenue": "1,665,564", "Gross Profit": "293,931", "Operating Expense": "198,724", "Operating Income": "95,207", "Net Non Operating Interest Income Expense": "-8,930", "Other Income Expense": "-7,419", "Pretax Income": "78,858", "Tax Provision": "18,118", "Net Income Common Stockholders": "57,659", "Diluted NI Available to Com Stockholders": "57,659", "Basic EPS": "-", "Diluted EPS": "-", "Basic Average Shares": "-", "Diluted Average Shares": "-", "Total Operating Income as Reported": "88,427", "Total Expenses": "1,864,288", "Interest Expense": "8,930", "Net Interest Income": "-8,930", "Net Income from Continuing & Discontinued Operation": "57,659", "Normalized Income": "64,270", "EBIT": "87,788", "EBITDA": "146,784", "Reconciled Cost of Revenue": "1,665,564", "Reconciled Depreciation": "58,996", "Net Income from Continuing Operation Net Minority Interest": "57,795", "Total Unusual Items Excluding Goodwill": "-8,406", "Total Unusual Items": "-8,406", "Normalized EBITDA": "155,190", "Tax Rate for Calcs": "0", "Tax Effect of Unusual Items": "-1,931"}, "8/31/2020": {"Duration": "8/31/2020", "Total Revenue": "1,712,343", "Cost of Revenue": "1,503,725", "Gross Profit": "208,618", "Operating Expense": "187,876", "Operating Income": "20,742", "Net Non Operating Interest Income Expense": "-8,669", "Other Income Expense": "-14,012", "Pretax Income": "-1,939", "Tax Provision": "166", "Net Income Common Stockholders": "-4,145", "Diluted NI Available to Com Stockholders": "-4,145", "Basic EPS": "-0.15", "Diluted EPS": "-0.15", "Basic Average Shares": "27,672", "Diluted Average Shares": "27,672", "Total Operating Income as Reported": "6,854", "Total Expenses": "1,691,601", "Interest Expense": "8,669", "Net Interest Income": "-8,669", "Net Income from Continuing & Discontinued Operation": "-4,145", "Normalized Income": "6,697", "EBIT": "6,730", "EBITDA": "-", "Reconciled Cost of Revenue": "1,503,725", "Reconciled Depreciation": "58,173", "Net Income from Continuing Operation Net Minority Interest": "-4,050", "Total Unusual Items Excluding Goodwill": "-14,722", "Total Unusual Items": "-14,722", "Normalized EBITDA": "79,625", "Tax Rate for Calcs": "0", "Tax Effect of Unusual Items": "-3,975"}, "8/31/2019": {"Duration": "8/31/2019", "Total Revenue": "2,132,781", "Cost of Revenue": "1,858,535", "Gross Profit": "274,246", "Operating Expense": "191,405", "Operating Income": "82,841", "Net Non Operating Interest Income Expense": "-8,266", "Other Income Expense": "1,665", "Pretax Income": "76,240", "Tax Provision": "17,670", "Net Income Common Stockholders": "56,345", "Diluted NI Available to Com Stockholders": "56,345", "Basic EPS": "2.05", "Diluted EPS": "2.00", "Basic Average Shares": "27,527", "Diluted Average Shares": "28,222", "Total Operating Income as Reported": "83,865", "Total Expenses": "2,049,940", "Interest Expense": "8,266", "Net Interest Income": "-8,266", "Net Income from Continuing & Discontinued Operation": "56,345", "Normalized Income": "56,922", "EBIT": "84,506", "EBITDA": "-", "Reconciled Cost of Revenue": "1,858,535", "Reconciled Depreciation": "53,336", "Net Income from Continuing Operation Net Minority Interest": "56,593", "Total Unusual Items Excluding Goodwill": "-428", "Total Unusual Items": "-428", "Normalized EBITDA": "138,270", "Tax Rate for Calcs": "0", "Tax Effect of Unusual Items": "-99.296"}, "8/31/2018": {"Duration": "8/31/2018", "Total Revenue": "2,364,715", "Cost of Revenue": "2,010,485", "Gross Profit": "354,230", "Operating Expense": "208,877", "Operating Income": "145,353", "Net Non Operating Interest Income Expense": "-8,983", "Other Income Expense": "5,483", "Pretax Income": "141,853", "Tax Provision": "-17,590", "Net Income Common Stockholders": "156,451", "Diluted NI Available to Com Stockholders": "156,451", "Basic EPS": "5.66", "Diluted EPS": "5.47", "Basic Average Shares": "27,645", "Diluted Average Shares": "28,589", "Total Operating Income as Reported": "148,988", "Total Expenses": "2,219,362", "Interest Expense": "8,983", "Net Interest Income": "-8,983", "Net Income from Continuing & Discontinued Operation": "156,451", "Normalized Income": "154,877", "EBIT": "150,836", "EBITDA": "-", "Reconciled Cost of Revenue": "2,010,485", "Reconciled Depreciation": "49,672", "Net Income from Continuing Operation Net Minority Interest": "156,105", "Total Unusual Items Excluding Goodwill": "1,682", "Total Unusual Items": "1,682", "Normalized EBITDA": "198,826", "Tax Rate for Calcs": "0", "Tax Effect of Unusual Items": "454.14"}}, "bs": {"8/31/2020": {"Duration": "8/31/2020", "Total Assets": "1,229,927", "Total Liabilities Net Minority Interest": "549,491", "Total Equity Gross Minority Interest": "680,436", "Total Capitalization": "778,942", "Common Stock Equity": "676,707", "Capital Lease Obligations": "144,761", "Net Tangible Assets": "502,495", "Working Capital": "138,967", "Invested Capital": "781,126", "Tangible Book Value": "502,495", "Total Debt": "249,180", "Net Debt": "86,532", "Share Issued": "27,099", "Ordinary Shares Number": "27,099"}, "8/31/2019": {"Duration": "8/31/2019", "Total Assets": "1,160,746", "Total Liabilities Net Minority Interest": "459,450", "Total Equity Gross Minority Interest": "701,296", "Total Capitalization": "800,739", "Common Stock Equity": "696,964", "Capital Lease Obligations": "-", "Net Tangible Assets": "523,245", "Working Capital": "198,058", "Invested Capital": "802,060", "Tangible Book Value": "523,245", "Total Debt": "105,096", "Net Debt": "92,719", "Share Issued": "26,664", "Ordinary Shares Number": "26,664"}, "8/31/2018": {"Duration": "8/31/2018", "Total Assets": "1,104,817", "Total Liabilities Net Minority Interest": "434,707", "Total Equity Gross Minority Interest": "670,110", "Total Capitalization": "772,315", "Common Stock Equity": "666,078", "Capital Lease Obligations": "-", "Net Tangible Assets": "493,655", "Working Capital": "193,682", "Invested Capital": "773,454", "Tangible Book Value": "493,655", "Total Debt": "107,376", "Net Debt": "102,653", "Share Issued": "26,702", "Ordinary Shares Number": "26,702"}}, "cf": {"TTM": {"Duration": "TTM", "Operating Cash Flow": "105,334", "Investing Cash Flow": "-97,130", "Financing Cash Flow": "-7,682", "End Cash Position": "10,848", "Income Tax Paid Supplemental Data": "-", "Interest Paid Supplemental Data": "5,632", "Capital Expenditure": "-99,989", "Issuance of Debt": "711,425", "Repayment of Debt": "-689,107", "Repurchase of Capital Stock": "0", "Free Cash Flow": "5,345"}, "8/31/2020": {"Duration": "8/31/2020", "Operating Cash Flow": "124,597", "Investing Cash Flow": "-78,855", "Financing Cash Flow": "-40,504", "End Cash Position": "17,887", "Income Tax Paid Supplemental Data": "478", "Interest Paid Supplemental Data": "5,503", "Capital Expenditure": "-82,005", "Issuance of Debt": "690,162", "Repayment of Debt": "-698,492", "Repurchase of Capital Stock": "-914", "Free Cash Flow": "42,592"}, "8/31/2019": {"Duration": "8/31/2019", "Operating Cash Flow": "144,740", "Investing Cash Flow": "-89,565", "Financing Cash Flow": "-47,266", "End Cash Position": "12,377", "Income Tax Paid Supplemental Data": "3,527", "Interest Paid Supplemental Data": "6,191", "Capital Expenditure": "-94,613", "Issuance of Debt": "431,048", "Repayment of Debt": "-435,353", "Repurchase of Capital Stock": "-13,083", "Free Cash Flow": "50,127"}, "8/31/2018": {"Duration": "8/31/2018", "Operating Cash Flow": "159,676", "Investing Cash Flow": "-73,398", "Financing Cash Flow": "-88,141", "End Cash Position": "4,723", "Income Tax Paid Supplemental Data": "17,203", "Interest Paid Supplemental Data": "8,113", "Capital Expenditure": "-77,626", "Issuance of Debt": "515,480", "Repayment of Debt": "-556,456", "Repurchase of Capital Stock": "-17,361", "Free Cash Flow": "82,050"}}}}, {"WOR": {"quote": {"05/07/2021": {"value": "71.16", "Market Cap": "3.771B", "Beta (5Y Monthly)": "1.09", "PE Ratio (TTM)": "6.18", "EPS (TTM)": "11.51", "Earnings Date": "Jun 23, 2021 - Jun 28, 2021", "Forward Dividend & Yield": "1.12 (1.58%)", "Ex-Dividend Date": "Jun 14, 2021", "1y Target Est": "59.00"}}, "fin": {"TTM": {"Duration": "TTM", "Total Revenue": "2,804,737", "Cost of Revenue": "2,301,917", "Gross Profit": "502,820", "Operating Expense": "319,036", "Operating Income": "183,784", "Net Non Operating Interest Income Expense": "-30,155", "Other Income Expense": "635,022", "Pretax Income": "788,651", "Tax Provision": "154,654", "Net Income Common Stockholders": "626,415", "Diluted NI Available to Com Stockholders": "626,415", "Basic EPS": "-", "Diluted EPS": "-", "Basic Average Shares": "-", "Diluted Average Shares": "-", "Total Operating Income as Reported": "63,360", "Total Expenses": "2,620,953", "Interest Expense": "30,155", "Net Interest Income": "-30,155", "Net Income from Continuing & Discontinued Operation": "626,415", "Normalized Income": "680,376", "EBIT": "818,806", "EBITDA": "907,595", "Reconciled Cost of Revenue": "2,301,917", "Reconciled Depreciation": "88,789", "Net Income from Continuing Operation Net Minority Interest": "626,415", "Total Unusual Items Excluding Goodwill": "-67,124", "Total Unusual Items": "-67,124", "Normalized EBITDA": "974,719", "Tax Rate for Calcs": "0", "Tax Effect of Unusual Items": "-13,163"}, "5/31/2020": {"Duration": "5/31/2020", "Total Revenue": "3,059,119", "Cost of Revenue": "2,615,782", "Gross Profit": "443,337", "Operating Expense": "328,110", "Operating Income": "115,227", "Net Non Operating Interest Income Expense": "-31,616", "Other Income Expense": "27,175", "Pretax Income": "110,786", "Tax Provision": "26,342", "Net Income Common Stockholders": "78,796", "Diluted NI Available to Com Stockholders": "78,796", "Basic EPS": "1.43", "Diluted EPS": "1.41", "Basic Average Shares": "54,958", "Diluted Average Shares": "55,983", "Total Operating Income as Reported": "22,489", "Total Expenses": "2,943,892", "Interest Expense": "31,616", "Net Interest Income": "-31,616", "Net Income from Continuing & Discontinued Operation": "78,796", "Normalized Income": "151,278", "EBIT": "142,402", "EBITDA": "-", "Reconciled Cost of Revenue": "2,615,782", "Reconciled Depreciation": "92,678", "Net Income from Continuing Operation Net Minority Interest": "78,796", "Total Unusual Items Excluding Goodwill": "-96,772", "Total Unusual Items": "-96,772", "Normalized EBITDA": "331,852", "Tax Rate for Calcs": "0", "Tax Effect of Unusual Items": "-24,290"}, "5/31/2019": {"Duration": "5/31/2019", "Total Revenue": "3,759,556", "Cost of Revenue": "3,279,601", "Gross Profit": "479,955", "Operating Expense": "338,392", "Operating Income": "141,563", "Net Non Operating Interest Income Expense": "-38,063", "Other Income Expense": "102,956", "Pretax Income": "206,456", "Tax Provision": "43,183", "Net Income Common Stockholders": "153,455", "Diluted NI Available to Com Stockholders": "153,455", "Basic EPS": "2.68", "Diluted EPS": "2.61", "Basic Average Shares": "57,196", "Diluted Average Shares": "58,823", "Total Operating Income as Reported": "144,764", "Total Expenses": "3,617,993", "Interest Expense": "38,063", "Net Interest Income": "-38,063", "Net Income from Continuing & Discontinued Operation": "153,455", "Normalized Income": "150,958", "EBIT": "244,519", "EBITDA": "-", "Reconciled Cost of Revenue": "3,279,601", "Reconciled Depreciation": "95,602", "Net Income from Continuing Operation Net Minority Interest": "153,455", "Total Unusual Items Excluding Goodwill": "3,201", "Total Unusual Items": "3,201", "Normalized EBITDA": "336,920", "Tax Rate for Calcs": "0", "Tax Effect of Unusual Items": "704.22"}, "5/31/2018": {"Duration": "5/31/2018", "Total Revenue": "3,581,620", "Cost of Revenue": "3,018,763", "Gross Profit": "562,857", "Operating Expense": "367,460", "Operating Income": "195,397", "Net Non Operating Interest Income Expense": "-38,675", "Other Income Expense": "52,348", "Pretax Income": "209,070", "Tax Provision": "8,220", "Net Income Common Stockholders": "194,794", "Diluted NI Available to Com Stockholders": "194,794", "Basic EPS": "3.20", "Diluted EPS": "3.09", "Basic Average Shares": "60,923", "Diluted Average Shares": "63,042", "Total Operating Income as Reported": "141,610", "Total Expenses": "3,386,223", "Interest Expense": "38,675", "Net Interest Income": "-38,675", "Net Income from Continuing & Discontinued Operation": "194,794", "Normalized Income": "246,430", "EBIT": "247,745", "EBITDA": "-", "Reconciled Cost of Revenue": "3,018,763", "Reconciled Depreciation": "103,359", "Net Income from Continuing Operation Net Minority Interest": "194,794", "Total Unusual Items Excluding Goodwill": "-53,787", "Total Unusual Items": "-53,787", "Normalized EBITDA": "404,891", "Tax Rate for Calcs": "0", "Tax Effect of Unusual Items": "-2,151"}}, "bs": {"5/31/2020": {"Duration": "5/31/2020", "Total Assets": "2,331,515", "Total Liabilities Net Minority Interest": "1,365,082", "Total Equity Gross Minority Interest": "966,433", "Total Capitalization": "1,520,337", "Common Stock Equity": "820,821", "Capital Lease Obligations": "36,614", "Net Tangible Assets": "314,972", "Working Capital": "594,941", "Invested Capital": "1,520,486", "Tangible Book Value": "314,972", "Total Debt": "736,279", "Net Debt": "552,467", "Share Issued": "54,616", "Ordinary Shares Number": "54,616"}, "5/31/2019": {"Duration": "5/31/2019", "Total Assets": "2,510,796", "Total Liabilities Net Minority Interest": "1,562,402", "Total Equity Gross Minority Interest": "948,394", "Total Capitalization": "1,429,602", "Common Stock Equity": "831,246", "Capital Lease Obligations": "-", "Net Tangible Assets": "300,580", "Working Capital": "467,893", "Invested Capital": "1,580,545", "Tangible Book Value": "300,580", "Total Debt": "749,299", "Net Debt": "656,936", "Share Issued": "55,468", "Ordinary Shares Number": "55,468"}, "5/31/2018": {"Duration": "5/31/2018", "Total Assets": "2,621,787", "Total Liabilities Net Minority Interest": "1,585,412", "Total Equity Gross Minority Interest": "1,036,375", "Total Capitalization": "1,667,663", "Common Stock Equity": "918,769", "Capital Lease Obligations": "-", "Net Tangible Assets": "359,560", "Working Capital": "594,227", "Invested Capital": "1,669,137", "Tangible Book Value": "359,560", "Total Debt": "750,368", "Net Debt": "628,401", "Share Issued": "58,877", "Ordinary Shares Number": "58,877"}}, "cf": {"TTM": {"Duration": "TTM", "Operating Cash Flow": "314,948", "Investing Cash Flow": "435,929", "Financing Cash Flow": "-204,802", "End Cash Position": "649,505", "Income Tax Paid Supplemental Data": "-", "Interest Paid Supplemental Data": "-", "Capital Expenditure": "-89,050", "Issuance of Debt": "0", "Repayment of Debt": "-394", "Repurchase of Capital Stock": "-145,168", "Free Cash Flow": "225,898"}, "5/31/2020": {"Duration": "5/31/2020", "Operating Cash Flow": "336,726", "Investing Cash Flow": "-116,215", "Financing Cash Flow": "-165,676", "End Cash Position": "147,198", "Income Tax Paid Supplemental Data": "-", "Interest Paid Supplemental Data": "-", "Capital Expenditure": "-95,503", "Issuance of Debt": "101,464", "Repayment of Debt": "-154,913", "Repurchase of Capital Stock": "-57,485", "Free Cash Flow": "241,223"}, "5/31/2019": {"Duration": "5/31/2019", "Operating Cash Flow": "197,859", "Investing Cash Flow": "11,475", "Financing Cash Flow": "-238,938", "End Cash Position": "92,363", "Income Tax Paid Supplemental Data": "-", "Interest Paid Supplemental Data": "-", "Capital Expenditure": "-84,499", "Issuance of Debt": "0", "Repayment of Debt": "-1,394", "Repurchase of Capital Stock": "-174,484", "Free Cash Flow": "113,360"}, "5/31/2018": {"Duration": "5/31/2018", "Operating Cash Flow": "281,345", "Investing Cash Flow": "-337,405", "Financing Cash Flow": "-100,054", "End Cash Position": "121,967", "Income Tax Paid Supplemental Data": "44,819", "Interest Paid Supplemental Data": "34,839", "Capital Expenditure": "-76,088", "Issuance of Debt": "197,685", "Repayment of Debt": "-31,130", "Repurchase of Capital Stock": "-206,387", "Free Cash Flow": "205,257"}}}}, {"MTL": {"quote": {"05/07/2021": {"value": "2.1300", "Market Cap": "576.621M", "Beta (5Y Monthly)": "1.45", "PE Ratio (TTM)": "40.96", "EPS (TTM)": "0.0520", "Earnings Date": "N/A", "Forward Dividend & Yield": "N/A (N/A)", "Ex-Dividend Date": "May 21, 2012", "1y Target Est": "N/A"}}, "fin": {"TTM": {"Duration": "TTM", "Total Revenue": "265,454,000", "Cost of Revenue": "170,605,000", "Gross Profit": "94,849,000", "Operating Expense": "70,496,000", "Operating Income": "24,353,000", "Net Non Operating Interest Income Expense": "-21,976,000", "Other Income Expense": "-40,002,000", "Pretax Income": "-37,625,000", "Tax Provision": "2,528,000", "Net Income Common Stockholders": "808,000", "Diluted NI Available to Com Stockholders": "808,000", "Basic EPS": "-", "Diluted EPS": "-", "Basic Average Shares": "-", "Diluted Average Shares": "-", "Total Operating Income as Reported": "19,925,000", "Rent Expense Supplemental": "68,000", "Total Expenses": "241,101,000", "Interest Income": "119,000", "Interest Expense": "23,714,000", "Net Interest Income": "-21,976,000", "Net Income from Continuing & Discontinued Operation": "808,000", "Normalized Income": "-8,569,800", "EBIT": "-13,911,000", "EBITDA": "907,000", "Reconciled Cost of Revenue": "156,495,000", "Reconciled Depreciation": "14,818,000", "Net Income from Continuing Operation Net Minority Interest": "-40,801,000", "Total Unusual Items Excluding Goodwill": "-40,289,000", "Total Unusual Items": "-40,289,000", "Normalized EBITDA": "41,196,000", "Tax Rate for Calcs": "0", "Tax Effect of Unusual Items": "-8,057,800"}, "12/31/2020": {"Duration": "12/31/2020", "Total Revenue": "265,454,000", "Cost of Revenue": "170,605,000", "Gross Profit": "94,849,000", "Operating Expense": "70,496,000", "Operating Income": "24,353,000", "Net Non Operating Interest Income Expense": "-21,976,000", "Other Income Expense": "-40,002,000", "Pretax Income": "-37,625,000", "Tax Provision": "2,528,000", "Net Income Common Stockholders": "808,000", "Diluted NI Available to Com Stockholders": "808,000", "Basic EPS": "-", "Diluted EPS": "-", "Basic Average Shares": "-", "Diluted Average Shares": "-", "Total Operating Income as Reported": "19,925,000", "Rent Expense Supplemental": "68,000", "Total Expenses": "241,101,000", "Interest Income": "119,000", "Interest Expense": "23,714,000", "Net Interest Income": "-21,976,000", "Net Income from Continuing & Discontinued Operation": "808,000", "Normalized Income": "-8,569,800", "EBIT": "-13,911,000", "EBITDA": "-", "Reconciled Cost of Revenue": "156,495,000", "Reconciled Depreciation": "14,818,000", "Net Income from Continuing Operation Net Minority Interest": "-40,801,000", "Total Unusual Items Excluding Goodwill": "-40,289,000", "Total Unusual Items": "-40,289,000", "Normalized EBITDA": "41,196,000", "Tax Rate for Calcs": "0", "Tax Effect of Unusual Items": "-8,057,800"}, "12/31/2019": {"Duration": "12/31/2019", "Total Revenue": "296,567,000", "Cost of Revenue": "187,857,000", "Gross Profit": "108,710,000", "Operating Expense": "73,997,000", "Operating Income": "34,713,000", "Net Non Operating Interest Income Expense": "-38,560,000", "Other Income Expense": "16,119,000", "Pretax Income": "12,272,000", "Tax Provision": "7,987,000", "Net Income Common Stockholders": "2,409,000", "Diluted NI Available to Com Stockholders": "2,409,000", "Basic EPS": "11.58", "Diluted EPS": "11.58", "Basic Average Shares": "208,128", "Diluted Average Shares": "208,128", "Total Operating Income as Reported": "31,498,000", "Rent Expense Supplemental": "83,000", "Total Expenses": "261,854,000", "Interest Income": "180,000", "Interest Expense": "33,797,000", "Net Interest Income": "-38,560,000", "Net Income from Continuing & Discontinued Operation": "2,409,000", "Normalized Income": "-10,691,000", "EBIT": "46,069,000", "EBITDA": "-", "Reconciled Cost of Revenue": "173,409,000", "Reconciled Depreciation": "15,176,000", "Net Income from Continuing Operation Net Minority Interest": "2,409,000", "Total Unusual Items Excluding Goodwill": "16,375,000", "Total Unusual Items": "16,375,000", "Normalized EBITDA": "44,870,000", "Tax Rate for Calcs": "0", "Tax Effect of Unusual Items": "3,275,000"}, "12/31/2018": {"Duration": "12/31/2018", "Total Revenue": "312,574,000", "Cost of Revenue": "177,756,000", "Gross Profit": "134,818,000", "Operating Expense": "77,216,000", "Operating Income": "57,602,000", "Net Non Operating Interest Income Expense": "-8,534,000", "Other Income Expense": "-32,851,000", "Pretax Income": "16,217,000", "Tax Provision": "2,681,000", "Net Income Common Stockholders": "12,628,000", "Diluted NI Available to Com Stockholders": "12,628,000", "Basic EPS": "60.68", "Diluted EPS": "60.68", "Basic Average Shares": "208,135", "Diluted Average Shares": "208,135", "Total Operating Income as Reported": "49,780,000", "Rent Expense Supplemental": "158,000", "Total Expenses": "254,972,000", "Interest Income": "207,000", "Interest Expense": "37,241,000", "Net Interest Income": "-8,534,000", "Net Income from Continuing & Discontinued Operation": "12,628,000", "Normalized Income": "39,962,560", "EBIT": "53,458,000", "EBITDA": "-", "Reconciled Cost of Revenue": "164,653,000", "Reconciled Depreciation": "13,859,000", "Net Income from Continuing Operation Net Minority Interest": "12,628,000", "Total Unusual Items Excluding Goodwill": "-32,736,000", "Total Unusual Items": "-32,736,000", "Normalized EBITDA": "100,053,000", "Tax Rate for Calcs": "0", "Tax Effect of Unusual Items": "-5,401,440"}}, "bs": {"12/31/2020": {"Duration": "12/31/2020", "Total Assets": "193,840,000", "Total Liabilities Net Minority Interest": "424,511,000", "Total Equity Gross Minority Interest": "-230,671,000", "Total Capitalization": "-242,088,000", "Preferred Stock Equity": "840,000", "Common Stock Equity": "-245,129,000", "Capital Lease Obligations": "11,493,000", "Net Tangible Assets": "-254,672,000", "Working Capital": "-330,487,000", "Invested Capital": "71,908,000", "Tangible Book Value": "-255,512,000", "Total Debt": "328,530,000", "Net Debt": "315,331,000", "Share Issued": "555,028", "Ordinary Shares Number": "543,533", "Preferred Shares Number": "-", "Treasury Shares Number": "11,495"}, "12/31/2019": {"Duration": "12/31/2019", "Total Assets": "312,505,000", "Total Liabilities Net Minority Interest": "546,102,000", "Total Equity Gross Minority Interest": "-233,597,000", "Total Capitalization": "-238,023,000", "Preferred Stock Equity": "840,000", "Common Stock Equity": "-246,068,000", "Capital Lease Obligations": "17,355,000", "Net Tangible Assets": "-258,880,000", "Working Capital": "-393,407,000", "Invested Capital": "142,454,000", "Tangible Book Value": "-259,720,000", "Total Debt": "405,877,000", "Net Debt": "385,013,000", "Share Issued": "555,028", "Ordinary Shares Number": "554,009", "Preferred Shares Number": "-", "Treasury Shares Number": "1,019"}, "12/31/2018": {"Duration": "12/31/2018", "Total Assets": "317,625,000", "Total Liabilities Net Minority Interest": "550,820,000", "Total Equity Gross Minority Interest": "-233,195,000", "Total Capitalization": "-236,503,000", "Preferred Stock Equity": "833,000", "Common Stock Equity": "-243,874,000", "Capital Lease Obligations": "8,293,000", "Net Tangible Assets": "-259,924,000", "Working Capital": "-404,055,000", "Invested Capital": "174,958,000", "Tangible Book Value": "-260,757,000", "Total Debt": "427,125,000", "Net Debt": "417,029,000", "Share Issued": "555,028", "Ordinary Shares Number": "499,525", "Preferred Shares Number": "138,757", "Treasury Shares Number": "55,503"}}, "cf": {"TTM": {"Duration": "TTM", "Operating Cash Flow": "37,949,000", "Investing Cash Flow": "84,383,000", "Financing Cash Flow": "-126,104,000", "End Cash Position": "-938,000", "Capital Expenditure": "-4,826,000", "Issuance of Capital Stock": "-", "Issuance of Debt": "77,829,000", "Repayment of Debt": "-179,543,000", "Repurchase of Capital Stock": "-844,000", "Free Cash Flow": "33,123,000"}, "12/31/2020": {"Duration": "12/31/2020", "Operating Cash Flow": "37,949,000", "Investing Cash Flow": "84,383,000", "Financing Cash Flow": "-126,104,000", "End Cash Position": "-938,000", "Capital Expenditure": "-4,826,000", "Issuance of Capital Stock": "-", "Issuance of Debt": "77,829,000", "Repayment of Debt": "-179,543,000", "Repurchase of Capital Stock": "-844,000", "Free Cash Flow": "33,123,000"}, "12/31/2019": {"Duration": "12/31/2019", "Operating Cash Flow": "57,658,000", "Investing Cash Flow": "-5,921,000", "Financing Cash Flow": "-48,357,000", "End Cash Position": "2,867,000", "Capital Expenditure": "-6,282,000", "Issuance of Capital Stock": "-", "Issuance of Debt": "7,847,000", "Repayment of Debt": "-23,048,000", "Repurchase of Capital Stock": "-", "Free Cash Flow": "51,376,000"}, "12/31/2018": {"Duration": "12/31/2018", "Operating Cash Flow": "68,118,000", "Investing Cash Flow": "-5,647,000", "Financing Cash Flow": "-63,286,000", "End Cash Position": "380,000", "Capital Expenditure": "-5,622,000", "Issuance of Capital Stock": "0", "Issuance of Debt": "76,504,000", "Repayment of Debt": "-100,049,000", "Repurchase of Capital Stock": "-", "Free Cash Flow": "62,496,000"}}}}, {"PKX": {"quote": {"05/07/2021": {"value": "89.91", "Market Cap": "27.017B", "Beta (5Y Monthly)": "1.13", "PE Ratio (TTM)": "20.08", "EPS (TTM)": "4.48", "Earnings Date": "N/A", "Forward Dividend & Yield": "1.75 (1.98%)", "Ex-Dividend Date": "Dec 30, 2020", "1y Target Est": "88.50"}}, "fin": {"TTM": {"Duration": "TTM", "Total Revenue": "57,466,679,000", "Cost of Revenue": "52,798,594,000", "Gross Profit": "4,668,084,000", "Operating Expense": "2,202,430,000", "Operating Income": "2,465,654,000", "Net Non Operating Interest Income Expense": "-288,415,000", "Other Income Expense": "-204,475,000", "Pretax Income": "1,972,764,000", "Tax Provision": "224,272,000", "Net Income Common Stockholders": "1,574,519,726", "Diluted NI Available to Com Stockholders": "1,574,519,726", "Basic EPS": "-", "Diluted EPS": "-", "Basic Average Shares": "-", "Diluted Average Shares": "-", "Total Operating Income as Reported": "2,054,370,000", "Rent Expense Supplemental": "46,706,000", "Total Expenses": "55,001,024,000", "Net Income from Continuing & Discontinued Operation": "1,581,208,000", "Normalized Income": "1,835,019,504", "Interest Income": "372,174,000", "Interest Expense": "638,797,000", "Net Interest Income": "-288,415,000", "EBIT": "2,611,561,000", "EBITDA": "6,233,300,000", "Reconciled Cost of Revenue": "49,438,592,000", "Reconciled Depreciation": "3,621,739,000", "Net Income from Continuing Operation Net Minority Interest": "1,581,208,000", "Total Unusual Items Excluding Goodwill": "-286,372,000", "Total Unusual Items": "-286,372,000", "Normalized EBITDA": "6,519,672,000", "Tax Rate for Calcs": "0", "Tax Effect of Unusual Items": "-32,560,496"}, "12/31/2020": {"Duration": "12/31/2020", "Total Revenue": "57,466,679,000", "Cost of Revenue": "52,798,594,000", "Gross Profit": "4,668,084,000", "Operating Expense": "2,202,430,000", "Operating Income": "2,465,654,000", "Net Non Operating Interest Income Expense": "-288,415,000", "Other Income Expense": "-204,475,000", "Pretax Income": "1,972,764,000", "Tax Provision": "224,272,000", "Net Income Common Stockholders": "1,574,519,726", "Diluted NI Available to Com Stockholders": "1,574,519,726", "Basic EPS": "4.97k", "Diluted EPS": "4.97k", "Basic Average Shares": "316,484", "Diluted Average Shares": "316,484", "Total Operating Income as Reported": "2,054,370,000", "Rent Expense Supplemental": "34,966,000", "Total Expenses": "55,001,024,000", "Net Income from Continuing & Discontinued Operation": "1,581,208,000", "Normalized Income": "1,835,019,504", "Interest Income": "372,174,000", "Interest Expense": "638,797,000", "Net Interest Income": "-288,415,000", "EBIT": "2,611,561,000", "EBITDA": "-", "Reconciled Cost of Revenue": "49,438,592,000", "Reconciled Depreciation": "3,621,739,000", "Net Income from Continuing Operation Net Minority Interest": "1,581,208,000", "Total Unusual Items Excluding Goodwill": "-286,372,000", "Total Unusual Items": "-286,372,000", "Normalized EBITDA": "6,519,672,000", "Tax Rate for Calcs": "0", "Tax Effect of Unusual Items": "-32,560,496"}, "12/31/2019": {"Duration": "12/31/2019", "Total Revenue": "64,785,709,000", "Cost of Revenue": "58,462,100,000", "Gross Profit": "6,323,609,000", "Operating Expense": "2,430,308,000", "Operating Income": "3,893,301,000", "Net Non Operating Interest Income Expense": "-438,789,000", "Other Income Expense": "-327,977,000", "Pretax Income": "3,126,534,000", "Tax Provision": "1,088,369,000", "Net Income Common Stockholders": "1,857,735,000", "Diluted NI Available to Com Stockholders": "1,857,735,000", "Basic EPS": "5.80k", "Diluted EPS": "5.80k", "Basic Average Shares": "320,455", "Diluted Average Shares": "320,455", "Total Operating Income as Reported": "3,222,713,000", "Rent Expense Supplemental": "39,886,000", "Total Expenses": "60,892,408,000", "Net Income from Continuing & Discontinued Operation": "1,864,405,000", "Normalized Income": "2,346,019,144", "Interest Income": "352,384,000", "Interest Expense": "755,711,000", "Net Interest Income": "-438,789,000", "EBIT": "3,882,245,000", "EBITDA": "-", "Reconciled Cost of Revenue": "55,244,493,000", "Reconciled Depreciation": "3,461,115,000", "Net Income from Continuing Operation Net Minority Interest": "1,864,405,000", "Total Unusual Items Excluding Goodwill": "-738,672,000", "Total Unusual Items": "-738,672,000", "Normalized EBITDA": "8,082,032,000", "Tax Rate for Calcs": "0", "Tax Effect of Unusual Items": "-257,057,856"}, "12/31/2018": {"Duration": "12/31/2018", "Total Revenue": "65,154,636,000", "Cost of Revenue": "57,129,060,000", "Gross Profit": "8,025,576,000", "Operating Expense": "2,498,889,000", "Operating Income": "5,526,687,000", "Net Non Operating Interest Income Expense": "-449,449,000", "Other Income Expense": "-1,461,222,000", "Pretax Income": "3,616,016,000", "Tax Provision": "1,683,630,000", "Net Income Common Stockholders": "1,694,181,014", "Diluted NI Available to Com Stockholders": "1,694,181,014", "Basic EPS": "5.29k", "Diluted EPS": "5.29k", "Basic Average Shares": "320,002", "Diluted Average Shares": "320,002", "Total Operating Income as Reported": "4,041,827,000", "Rent Expense Supplemental": "69,516,000", "Total Expenses": "59,627,949,000", "Net Income from Continuing & Discontinued Operation": "1,711,902,000", "Normalized Income": "2,910,947,250", "Interest Income": "337,258,000", "Interest Expense": "741,296,000", "Net Interest Income": "-449,449,000", "EBIT": "4,357,312,000", "EBITDA": "-", "Reconciled Cost of Revenue": "54,075,123,000", "Reconciled Depreciation": "3,267,629,000", "Net Income from Continuing Operation Net Minority Interest": "1,711,902,000", "Total Unusual Items Excluding Goodwill": "-1,598,727,000", "Total Unusual Items": "-1,598,727,000", "Normalized EBITDA": "9,223,668,000", "Tax Rate for Calcs": "0", "Tax Effect of Unusual Items": "-399,681,750"}}, "bs": {"12/31/2020": {"Duration": "12/31/2020", "Total Assets": "79,683,676,000", "Total Liabilities Net Minority Interest": "32,080,153,000", "Total Equity Gross Minority Interest": "47,603,523,000", "Total Capitalization": "56,113,904,000", "Common Stock Equity": "44,293,826,000", "Capital Lease Obligations": "739,675,000", "Net Tangible Assets": "39,901,534,000", "Working Capital": "19,193,365,000", "Invested Capital": "64,791,433,000", "Tangible Book Value": "39,901,534,000", "Total Debt": "21,237,282,000", "Net Debt": "15,742,963,000", "Share Issued": "87,187", "Ordinary Shares Number": "76,015", "Treasury Shares Number": "11,171"}, "12/31/2019": {"Duration": "12/31/2019", "Total Assets": "79,370,808,000", "Total Liabilities Net Minority Interest": "31,607,510,000", "Total Equity Gross Minority Interest": "47,763,298,000", "Total Capitalization": "56,348,689,000", "Common Stock Equity": "44,455,288,000", "Capital Lease Obligations": "675,470,000", "Net Tangible Assets": "39,624,086,000", "Working Capital": "18,593,425,000", "Invested Capital": "64,896,901,000", "Tangible Book Value": "39,624,086,000", "Total Debt": "21,117,083,000", "Net Debt": "16,926,741,000", "Share Issued": "87,187", "Ordinary Shares Number": "80,116", "Treasury Shares Number": "7,071"}, "12/31/2018": {"Duration": "12/31/2018", "Total Assets": "78,776,991,000", "Total Liabilities Net Minority Interest": "32,104,377,000", "Total Equity Gross Minority Interest": "46,672,614,000", "Total Capitalization": "53,245,008,000", "Common Stock Equity": "43,325,357,000", "Capital Lease Obligations": "94,754,000", "Net Tangible Assets": "38,346,662,000", "Working Capital": "14,721,395,000", "Invested Capital": "63,534,627,000", "Tangible Book Value": "38,346,662,000", "Total Debt": "20,304,024,000", "Net Debt": "17,565,405,000", "Share Issued": "87,187", "Ordinary Shares Number": "80,001", "Treasury Shares Number": "7,186"}}, "cf": {"TTM": {"Duration": "TTM", "Operating Cash Flow": "8,685,737,000", "Investing Cash Flow": "-6,259,265,000", "Financing Cash Flow": "-1,090,868,000", "End Cash Position": "4,755,578,000", "Capital Expenditure": "-3,497,587,000", "Issuance of Debt": "4,410,387,000", "Repayment of Debt": "-3,861,369,000", "Repurchase of Capital Stock": "-1,161,800,000", "Free Cash Flow": "5,188,150,000"}, "12/31/2020": {"Duration": "12/31/2020", "Operating Cash Flow": "8,685,737,000", "Investing Cash Flow": "-6,259,265,000", "Financing Cash Flow": "-1,090,868,000", "End Cash Position": "4,755,578,000", "Capital Expenditure": "-3,497,587,000", "Issuance of Debt": "4,410,387,000", "Repayment of Debt": "-3,861,369,000", "Repurchase of Capital Stock": "-1,161,800,000", "Free Cash Flow": "5,188,150,000"}, "12/31/2019": {"Duration": "12/31/2019", "Operating Cash Flow": "6,004,655,000", "Investing Cash Flow": "-3,682,859,000", "Financing Cash Flow": "-1,512,179,000", "End Cash Position": "3,515,246,000", "Capital Expenditure": "-2,818,806,000", "Issuance of Debt": "5,646,977,000", "Repayment of Debt": "-3,914,272,000", "Repurchase of Capital Stock": "-", "Free Cash Flow": "3,185,849,000"}, "12/31/2018": {"Duration": "12/31/2018", "Operating Cash Flow": "5,869,725,000", "Investing Cash Flow": "-2,647,970,000", "Financing Cash Flow": "-3,195,048,000", "End Cash Position": "2,643,865,000", "Capital Expenditure": "-2,583,166,000", "Issuance of Debt": "2,762,446,000", "Repayment of Debt": "-3,136,308,000", "Repurchase of Capital Stock": "-", "Free Cash Flow": "3,286,559,000"}}}}, {"CPSL": {"quote": {"05/07/2021": {"value": "0.0154", "Market Cap": "230,226", "Beta (5Y Monthly)": "-27.39", "PE Ratio (TTM)": "N/A", "EPS (TTM)": "N/A", "Earnings Date": "N/A", "Forward Dividend & Yield": "N/A (N/A)", "Ex-Dividend Date": "N/A", "1y Target Est": "N/A"}}, "fin": {}, "bs": {}, "cf": {}}}, {"TX": {"quote": {"05/07/2021": {"value": "39.64", "Market Cap": "7.782B", "Beta (5Y Monthly)": "1.36", "PE Ratio (TTM)": "5.59", "EPS (TTM)": "7.10", "Earnings Date": "Aug 02, 2021 - Aug 06, 2021", "Forward Dividend & Yield": "2.10 (5.49%)", "Ex-Dividend Date": "May 05, 2021", "1y Target Est": "44.32"}}, "fin": {"TTM": {"Duration": "TTM", "Total Revenue": "9,713,376", "Cost of Revenue": "7,317,697", "Gross Profit": "2,395,679", "Operating Expense": "546,109", "Operating Income": "1,849,570", "Net Non Operating Interest Income Expense": "35,182", "Other Income Expense": "-5,049", "Pretax Income": "1,879,703", "Tax Provision": "285,799", "Net Income Common Stockholders": "1,392,978", "Diluted NI Available to Com Stockholders": "1,392,978", "Basic EPS": "-", "Diluted EPS": "-", "Basic Average Shares": "-", "Diluted Average Shares": "-", "Total Operating Income as Reported": "1,849,570", "Total Expenses": "7,863,806", "Interest Income": "57,786", "Interest Expense": "37,579", "Net Interest Income": "35,182", "Net Income from Continuing & Discontinued Operation": "1,392,978", "Normalized Income": "1,480,349", "EBIT": "1,917,282", "EBITDA": "2,533,526", "Reconciled Cost of Revenue": "6,778,201", "Reconciled Depreciation": "616,244", "Net Income from Continuing Operation Net Minority Interest": "1,392,978", "Total Unusual Items Excluding Goodwill": "-103,037", "Total Unusual Items": "-103,037", "Normalized EBITDA": "2,636,563", "Tax Rate for Calcs": "0", "Tax Effect of Unusual Items": "-15,666"}, "12/31/2020": {"Duration": "12/31/2020", "Total Revenue": "8,735,435", "Cost of Revenue": "7,099,923", "Gross Profit": "1,635,512", "Operating Expense": "556,039", "Operating Income": "1,079,473", "Net Non Operating Interest Income Expense": "915", "Other Income Expense": "78,971", "Pretax Income": "1,159,359", "Tax Provision": "291,488", "Net Income Common Stockholders": "778,468", "Diluted NI Available to Com Stockholders": "778,468", "Basic EPS": "4.00", "Diluted EPS": "4.00", "Basic Average Shares": "196,308", "Diluted Average Shares": "196,308", "Total Operating Income as Reported": "1,079,473", "Total Expenses": "7,655,962", "Interest Income": "49,421", "Interest Expense": "46,644", "Net Interest Income": "915", "Net Income from Continuing & Discontinued Operation": "778,468", "Normalized Income": "762,406", "EBIT": "1,206,003", "EBITDA": "-", "Reconciled Cost of Revenue": "6,558,016", "Reconciled Depreciation": "631,051", "Net Income from Continuing Operation Net Minority Interest": "778,468", "Total Unusual Items Excluding Goodwill": "21,416", "Total Unusual Items": "21,416", "Normalized EBITDA": "1,815,638", "Tax Rate for Calcs": "0", "Tax Effect of Unusual Items": "5,354"}, "12/31/2019": {"Duration": "12/31/2019", "Total Revenue": "10,192,818", "Cost of Revenue": "8,452,440", "Gross Profit": "1,740,378", "Operating Expense": "875,812", "Operating Income": "864,566", "Net Non Operating Interest Income Expense": "48,759", "Other Income Expense": "-86,761", "Pretax Income": "826,564", "Tax Provision": "196,519", "Net Income Common Stockholders": "564,269", "Diluted NI Available to Com Stockholders": "564,269", "Basic EPS": "2.90", "Diluted EPS": "2.90", "Basic Average Shares": "196,308", "Diluted Average Shares": "196,308", "Total Operating Income as Reported": "864,566", "Total Expenses": "9,328,252", "Interest Income": "29,071", "Interest Expense": "88,284", "Net Interest Income": "48,759", "Net Income from Continuing & Discontinued Operation": "564,269", "Normalized Income": "676,542", "EBIT": "914,848", "EBITDA": "-", "Reconciled Cost of Revenue": "7,925,701", "Reconciled Depreciation": "661,112", "Net Income from Continuing Operation Net Minority Interest": "564,269", "Total Unusual Items Excluding Goodwill": "-147,728", "Total Unusual Items": "-147,728", "Normalized EBITDA": "1,723,688", "Tax Rate for Calcs": "0", "Tax Effect of Unusual Items": "-35,455"}, "12/31/2018": {"Duration": "12/31/2018", "Total Revenue": "11,454,807", "Cost of Revenue": "8,483,328", "Gross Profit": "2,971,479", "Operating Expense": "863,108", "Operating Income": "2,108,371", "Net Non Operating Interest Income Expense": "97,328", "Other Income Expense": "-174,132", "Pretax Income": "2,031,567", "Tax Provision": "369,435", "Net Income Common Stockholders": "1,506,647", "Diluted NI Available to Com Stockholders": "1,506,647", "Basic EPS": "7.70", "Diluted EPS": "7.70", "Basic Average Shares": "196,308", "Diluted Average Shares": "196,308", "Total Operating Income as Reported": "2,108,371", "Total Expenses": "9,346,436", "Interest Income": "21,236", "Interest Expense": "131,172", "Net Interest Income": "97,328", "Net Income from Continuing & Discontinued Operation": "1,506,647", "Normalized Income": "1,733,708", "EBIT": "2,162,739", "EBITDA": "-", "Reconciled Cost of Revenue": "8,001,432", "Reconciled Depreciation": "589,299", "Net Income from Continuing Operation Net Minority Interest": "1,506,647", "Total Unusual Items Excluding Goodwill": "-276,904", "Total Unusual Items": "-276,904", "Normalized EBITDA": "3,028,942", "Tax Rate for Calcs": "0", "Tax Effect of Unusual Items": "-49,843"}}, "bs": {"12/31/2020": {"Duration": "12/31/2020", "Total Assets": "12,856,235", "Total Liabilities Net Minority Interest": "4,413,082", "Total Equity Gross Minority Interest": "8,443,153", "Total Capitalization": "8,613,404", "Common Stock Equity": "7,286,115", "Capital Lease Obligations": "294,103", "Net Tangible Assets": "6,516,367", "Working Capital": "2,713,178", "Invested Capital": "8,613,404", "Tangible Book Value": "6,516,367", "Total Debt": "2,016,996", "Net Debt": "789,461", "Share Issued": "2,004,743", "Ordinary Shares Number": "1,963,077", "Treasury Shares Number": "41,667"}, "12/31/2019": {"Duration": "12/31/2019", "Total Assets": "12,935,533", "Total Liabilities Net Minority Interest": "5,220,660", "Total Equity Gross Minority Interest": "7,714,873", "Total Capitalization": "8,240,557", "Common Stock Equity": "6,611,665", "Capital Lease Obligations": "338,765", "Net Tangible Assets": "5,791,866", "Working Capital": "2,410,088", "Invested Capital": "8,240,557", "Tangible Book Value": "5,791,866", "Total Debt": "2,527,439", "Net Debt": "1,108,996", "Share Issued": "2,004,743", "Ordinary Shares Number": "1,963,077", "Treasury Shares Number": "41,667"}, "12/31/2018": {"Duration": "12/31/2018", "Total Assets": "12,547,862", "Total Liabilities Net Minority Interest": "5,063,286", "Total Equity Gross Minority Interest": "7,484,576", "Total Capitalization": "8,030,356", "Common Stock Equity": "6,393,255", "Capital Lease Obligations": "73,828", "Net Tangible Assets": "5,480,228", "Working Capital": "2,599,508", "Invested Capital": "8,030,356", "Tangible Book Value": "5,480,228", "Total Debt": "2,110,785", "Net Debt": "1,388,776", "Share Issued": "2,004,743", "Ordinary Shares Number": "1,963,077", "Treasury Shares Number": "41,667"}}, "cf": {"TTM": {"Duration": "TTM", "Operating Cash Flow": "1,646,308", "Investing Cash Flow": "-992,608", "Financing Cash Flow": "-655,129", "End Cash Position": "904,962", "Income Tax Paid Supplemental Data": "-", "Interest Paid Supplemental Data": "-", "Capital Expenditure": "-432,132", "Issuance of Debt": "73,190", "Repayment of Debt": "-728,319", "Free Cash Flow": "1,214,176"}, "12/31/2020": {"Duration": "12/31/2020", "Operating Cash Flow": "1,761,246", "Investing Cash Flow": "-1,176,867", "Financing Cash Flow": "-506,254", "End Cash Position": "537,882", "Income Tax Paid Supplemental Data": "224,927", "Interest Paid Supplemental Data": "55,769", "Capital Expenditure": "-560,013", "Issuance of Debt": "245,668", "Repayment of Debt": "-751,922", "Free Cash Flow": "1,201,233"}, "12/31/2019": {"Duration": "12/31/2019", "Operating Cash Flow": "1,647,619", "Investing Cash Flow": "-1,196,574", "Financing Cash Flow": "-150,507", "End Cash Position": "519,965", "Income Tax Paid Supplemental Data": "405,324", "Interest Paid Supplemental Data": "101,450", "Capital Expenditure": "-1,052,252", "Issuance of Debt": "1,529,766", "Repayment of Debt": "-1,416,174", "Free Cash Flow": "595,367"}, "12/31/2018": {"Duration": "12/31/2018", "Operating Cash Flow": "1,739,265", "Investing Cash Flow": "-457,012", "Financing Cash Flow": "-1,322,272", "End Cash Position": "250,541", "Income Tax Paid Supplemental Data": "523,801", "Interest Paid Supplemental Data": "144,186", "Capital Expenditure": "-520,250", "Issuance of Debt": "1,188,731", "Repayment of Debt": "-2,274,125", "Free Cash Flow": "1,219,015"}}}}, {"AKS": {"fin": {}, "bs": {}, "cf": {}}}, {"AAST": {"fin": {}, "bs": {}, "cf": {}}}]