[{"AVAV": {"quote": {"05/12/2021": {"value": "103.35", "Market Cap": "2.55B", "Beta (5Y Monthly)": "0.35", "PE Ratio (TTM)": "83.55", "EPS (TTM)": "1.24", "Earnings Date": "Jun 22, 2021", "Forward Dividend & Yield": "N/A (N/A)", "Ex-Dividend Date": "N/A", "1y Target Est": "126.50"}}, "fin": {"TTM": {"Duration": "TTM", "Total Revenue": "394,120", "Cost of Revenue": "236,049", "Gross Profit": "158,071", "Operating Expense": "111,223", "Operating Income": "46,848", "Net Non Operating Interest Income Expense": "1,528", "Other Income Expense": "143", "Pretax Income": "48,519", "Tax Provision": "5,419", "Earnings from Equity Interest Net of Tax": "-12,968", "Net Income Common Stockholders": "29,856", "Diluted NI Available to Com Stockholders": "29,856", "Basic EPS": "-", "Diluted EPS": "-", "Basic Average Shares": "-", "Diluted Average Shares": "-", "Total Operating Income as Reported": "46,848", "Total Expenses": "347,272", "Net Income from Continuing & Discontinued Operation": "29,856", "Normalized Income": "30,121", "Interest Income": "1,528", "Net Interest Income": "1,528", "EBIT": "46,848", "EBITDA": "58,279", "Reconciled Cost of Revenue": "236,049", "Reconciled Depreciation": "11,431", "Net Income from Continuing Operation Net Minority Interest": "30,121", "Normalized EBITDA": "58,279", "Tax Rate for Calcs": "0", "Tax Effect of Unusual Items": "0"}, "4/30/2020": {"Duration": "4/30/2020", "Total Revenue": "367,296", "Cost of Revenue": "214,194", "Gross Profit": "153,102", "Operating Expense": "105,967", "Operating Income": "47,135", "Net Non Operating Interest Income Expense": "4,828", "Other Income Expense": "707", "Pretax Income": "52,670", "Tax Provision": "5,848", "Earnings from Equity Interest Net of Tax": "-5,487", "Net Income Common Stockholders": "41,074", "Diluted NI Available to Com Stockholders": "41,074", "Basic EPS": "1.73", "Diluted EPS": "1.71", "Basic Average Shares": "23,806", "Diluted Average Shares": "24,088", "Total Operating Income as Reported": "47,135", "Total Expenses": "320,161", "Net Income from Continuing & Discontinued Operation": "41,074", "Normalized Income": "41,339", "Interest Income": "4,828", "Net Interest Income": "4,828", "EBIT": "47,135", "EBITDA": "-", "Reconciled Cost of Revenue": "214,194", "Reconciled Depreciation": "9,888", "Net Income from Continuing Operation Net Minority Interest": "41,339", "Normalized EBITDA": "57,023", "Tax Rate for Calcs": "0", "Tax Effect of Unusual Items": "0"}, "4/30/2019": {"Duration": "4/30/2019", "Total Revenue": "314,274", "Cost of Revenue": "185,871", "Gross Profit": "128,403", "Operating Expense": "94,577", "Operating Income": "33,826", "Net Non Operating Interest Income Expense": "4,672", "Other Income Expense": "11,980", "Pretax Income": "50,478", "Tax Provision": "4,641", "Earnings from Equity Interest Net of Tax": "-3,944", "Net Income Common Stockholders": "47,438", "Diluted NI Available to Com Stockholders": "47,438", "Basic EPS": "2.00", "Diluted EPS": "1.97", "Basic Average Shares": "23,663", "Diluted Average Shares": "24,072", "Total Operating Income as Reported": "33,826", "Total Expenses": "280,448", "Net Income from Continuing & Discontinued Operation": "47,438", "Normalized Income": "41,912", "Interest Income": "4,672", "Net Interest Income": "4,672", "EBIT": "33,826", "EBITDA": "-", "Reconciled Cost of Revenue": "185,871", "Reconciled Depreciation": "7,669", "Net Income from Continuing Operation Net Minority Interest": "41,912", "Normalized EBITDA": "41,495", "Tax Rate for Calcs": "0", "Tax Effect of Unusual Items": "0"}, "4/30/2018": {"Duration": "4/30/2018", "Total Revenue": "271,052", "Cost of Revenue": "162,164", "Gross Profit": "108,888", "Operating Expense": "77,259", "Operating Income": "31,629", "Net Non Operating Interest Income Expense": "2,240", "Other Income Expense": "-49", "Pretax Income": "33,820", "Tax Provision": "10,177", "Earnings from Equity Interest Net of Tax": "-1,283", "Net Income Common Stockholders": "20,068", "Diluted NI Available to Com Stockholders": "20,068", "Basic EPS": "0.86", "Diluted EPS": "0.84", "Basic Average Shares": "23,471", "Diluted Average Shares": "23,814", "Total Operating Income as Reported": "31,629", "Total Expenses": "239,423", "Net Income from Continuing & Discontinued Operation": "20,068", "Normalized Income": "22,576", "Interest Income": "2,240", "Net Interest Income": "2,240", "EBIT": "31,629", "EBITDA": "-", "Reconciled Cost of Revenue": "162,164", "Reconciled Depreciation": "5,982", "Net Income from Continuing Operation Net Minority Interest": "22,576", "Normalized EBITDA": "37,611", "Tax Rate for Calcs": "0", "Tax Effect of Unusual Items": "0"}}, "bs": {"4/30/2020": {"Duration": "4/30/2020", "Total Assets": "584,954", "Total Liabilities Net Minority Interest": "75,053", "Total Equity Gross Minority Interest": "509,901", "Total Capitalization": "509,901", "Common Stock Equity": "509,901", "Capital Lease Obligations": "10,213", "Net Tangible Assets": "489,924", "Working Capital": "436,974", "Invested Capital": "509,901", "Tangible Book Value": "489,924", "Total Debt": "10,213", "Share Issued": "24,064", "Ordinary Shares Number": "24,064"}, "4/30/2019": {"Duration": "4/30/2019", "Total Assets": "508,844", "Total Liabilities Net Minority Interest": "46,269", "Total Equity Gross Minority Interest": "462,575", "Total Capitalization": "462,571", "Common Stock Equity": "462,571", "Capital Lease Obligations": "-", "Net Tangible Assets": "462,112", "Working Capital": "424,722", "Invested Capital": "462,571", "Tangible Book Value": "462,112", "Total Debt": "-", "Share Issued": "23,946", "Ordinary Shares Number": "23,946"}, "4/30/2018": {"Duration": "4/30/2018", "Total Assets": "472,911", "Total Liabilities Net Minority Interest": "62,771", "Total Equity Gross Minority Interest": "410,140", "Total Capitalization": "410,117", "Common Stock Equity": "410,117", "Capital Lease Obligations": "0", "Net Tangible Assets": "409,489", "Working Capital": "338,650", "Invested Capital": "410,117", "Tangible Book Value": "409,489", "Total Debt": "0", "Share Issued": "23,909", "Ordinary Shares Number": "23,909"}}, "cf": {"TTM": {"Duration": "TTM", "Operating Cash Flow": "88,993", "Investing Cash Flow": "103,329", "Financing Cash Flow": "-4,275", "End Cash Position": "324,543", "Income Tax Paid Supplemental Data": "2,378", "Capital Expenditure": "-11,188", "Repayment of Debt": "-", "Repurchase of Capital Stock": "-", "Free Cash Flow": "77,805"}, "4/30/2020": {"Duration": "4/30/2020", "Operating Cash Flow": "25,097", "Investing Cash Flow": "59,167", "Financing Cash Flow": "-1,830", "End Cash Position": "255,142", "Income Tax Paid Supplemental Data": "532", "Capital Expenditure": "-11,220", "Repayment of Debt": "0", "Repurchase of Capital Stock": "-", "Free Cash Flow": "13,877"}, "4/30/2019": {"Duration": "4/30/2019", "Operating Cash Flow": "19,260", "Investing Cash Flow": "11,115", "Financing Cash Flow": "-1,184", "End Cash Position": "172,708", "Income Tax Paid Supplemental Data": "6,780", "Capital Expenditure": "-8,896", "Repayment of Debt": "-161", "Repurchase of Capital Stock": "-", "Free Cash Flow": "10,364"}, "4/30/2018": {"Duration": "4/30/2018", "Operating Cash Flow": "69,209", "Investing Cash Flow": "-7,616", "Financing Cash Flow": "2,020", "End Cash Position": "143,517", "Income Tax Paid Supplemental Data": "1,813", "Capital Expenditure": "-9,563", "Repayment of Debt": "-288", "Repurchase of Capital Stock": "0", "Free Cash Flow": "59,646"}}}}, {"OA": {"quote": {"05/12/2021": {"value": "", "Net Assets": "N/A", "Beta (5Y Monthly)": "N/A", "Yield": "N/A", "5y Average Return": "N/A", "Holdings Turnover": "N/A", "Last Dividend": "N/A", "Average for Category": "N/A", "Inception Date": "N/A"}}, "fin": {}, "bs": {}, "cf": {}}}, {"AIR": {"quote": {"05/12/2021": {"value": "38.98", "Market Cap": "1.377B", "Beta (5Y Monthly)": "1.78", "PE Ratio (TTM)": "261.61", "EPS (TTM)": "0.15", "Earnings Date": "Jul 19, 2021 - Jul 23, 2021", "Forward Dividend & Yield": "N/A (N/A)", "Ex-Dividend Date": "Mar 27, 2020", "1y Target Est": "49.60"}}, "fin": {"TTM": {"Duration": "TTM", "Total Revenue": "1,631,200", "Cost of Revenue": "1,390,700", "Gross Profit": "240,500", "Operating Expense": "188,800", "Operating Income": "51,700", "Net Non Operating Interest Income Expense": "-6,500", "Other Income Expense": "-19,200", "Pretax Income": "26,000", "Tax Provision": "9,400", "Net Income Common Stockholders": "5,200", "Diluted NI Available to Com Stockholders": "5,200", "Basic EPS": "-", "Diluted EPS": "-", "Basic Average Shares": "-", "Diluted Average Shares": "-", "Total Operating Income as Reported": "49,600", "Total Expenses": "1,579,500", "Net Income from Continuing & Discontinued Operation": "5,300", "Normalized Income": "16,600", "Interest Income": "400", "Interest Expense": "6,900", "Net Interest Income": "-6,500", "EBIT": "32,900", "EBITDA": "70,900", "Reconciled Cost of Revenue": "1,390,700", "Reconciled Depreciation": "38,000", "Net Income from Continuing Operation Net Minority Interest": "16,600", "Total Unusual Items Excluding Goodwill": "-", "Total Unusual Items": "-", "Normalized EBITDA": "70,900", "Tax Rate for Calcs": "0", "Tax Effect of Unusual Items": "0"}, "5/31/2020": {"Duration": "5/31/2020", "Total Revenue": "2,072,000", "Cost of Revenue": "1,802,800", "Gross Profit": "269,200", "Operating Expense": "226,000", "Operating Income": "43,200", "Net Non Operating Interest Income Expense": "-8,800", "Other Income Expense": "-4,000", "Pretax Income": "30,400", "Tax Provision": "5,600", "Net Income Common Stockholders": "4,300", "Diluted NI Available to Com Stockholders": "4,300", "Basic EPS": "0.12", "Diluted EPS": "0.12", "Basic Average Shares": "34,800", "Diluted Average Shares": "35,000", "Total Operating Income as Reported": "41,300", "Total Expenses": "2,028,800", "Net Income from Continuing & Discontinued Operation": "4,400", "Normalized Income": "24,800", "Interest Income": "500", "Interest Expense": "9,300", "Net Interest Income": "-8,800", "EBIT": "39,700", "EBITDA": "-", "Reconciled Cost of Revenue": "1,802,800", "Reconciled Depreciation": "43,700", "Net Income from Continuing Operation Net Minority Interest": "24,800", "Total Unusual Items Excluding Goodwill": "-", "Total Unusual Items": "-", "Normalized EBITDA": "83,400", "Tax Rate for Calcs": "0", "Tax Effect of Unusual Items": "0"}, "5/31/2019": {"Duration": "5/31/2019", "Total Revenue": "2,051,800", "Cost of Revenue": "1,722,300", "Gross Profit": "329,500", "Operating Expense": "231,200", "Operating Income": "98,300", "Net Non Operating Interest Income Expense": "-8,500", "Other Income Expense": "-800", "Pretax Income": "89,000", "Tax Provision": "4,900", "Net Income Common Stockholders": "7,100", "Diluted NI Available to Com Stockholders": "7,100", "Basic EPS": "0.20", "Diluted EPS": "0.20", "Basic Average Shares": "34,500", "Diluted Average Shares": "34,900", "Total Operating Income as Reported": "98,300", "Total Expenses": "1,953,500", "Net Income from Continuing & Discontinued Operation": "7,500", "Normalized Income": "84,100", "Interest Income": "1,000", "Interest Expense": "9,500", "Net Interest Income": "-8,500", "EBIT": "98,500", "EBITDA": "-", "Reconciled Cost of Revenue": "1,722,300", "Reconciled Depreciation": "42,800", "Net Income from Continuing Operation Net Minority Interest": "84,100", "Total Unusual Items Excluding Goodwill": "-", "Total Unusual Items": "-", "Normalized EBITDA": "141,300", "Tax Rate for Calcs": "0", "Tax Effect of Unusual Items": "0"}, "5/31/2018": {"Duration": "5/31/2018", "Total Revenue": "1,748,300", "Cost of Revenue": "1,453,700", "Gross Profit": "294,600", "Operating Expense": "208,600", "Operating Income": "86,000", "Net Non Operating Interest Income Expense": "-7,900", "Other Income Expense": "-900", "Pretax Income": "77,200", "Tax Provision": "3,500", "Net Income Common Stockholders": "15,000", "Diluted NI Available to Com Stockholders": "15,000", "Basic EPS": "0.44", "Diluted EPS": "0.41", "Basic Average Shares": "34,200", "Diluted Average Shares": "34,600", "Total Operating Income as Reported": "86,000", "Total Expenses": "1,662,300", "Net Income from Continuing & Discontinued Operation": "15,600", "Normalized Income": "73,700", "Interest Income": "100", "Interest Expense": "8,000", "Net Interest Income": "-7,900", "EBIT": "85,200", "EBITDA": "-", "Reconciled Cost of Revenue": "1,453,700", "Reconciled Depreciation": "40,500", "Net Income from Continuing Operation Net Minority Interest": "73,700", "Total Unusual Items Excluding Goodwill": "-", "Total Unusual Items": "-", "Normalized EBITDA": "125,700", "Tax Rate for Calcs": "0", "Tax Effect of Unusual Items": "0"}}, "bs": {"5/31/2020": {"Duration": "5/31/2020", "Total Assets": "2,079,000", "Total Liabilities Net Minority Interest": "1,176,400", "Total Equity Gross Minority Interest": "902,600", "Total Capitalization": "1,502,600", "Common Stock Equity": "902,600", "Capital Lease Obligations": "70,900", "Net Tangible Assets": "780,900", "Working Capital": "1,055,600", "Invested Capital": "1,502,600", "Tangible Book Value": "780,900", "Total Debt": "670,900", "Net Debt": "195,300", "Share Issued": "45,301", "Ordinary Shares Number": "35,097", "Treasury Shares Number": "10,203"}, "5/31/2019": {"Duration": "5/31/2019", "Total Assets": "1,517,200", "Total Liabilities Net Minority Interest": "611,300", "Total Equity Gross Minority Interest": "905,900", "Total Capitalization": "1,047,600", "Common Stock Equity": "905,900", "Capital Lease Obligations": "0", "Net Tangible Assets": "767,500", "Working Capital": "595,000", "Invested Capital": "1,047,600", "Tangible Book Value": "767,500", "Total Debt": "141,700", "Net Debt": "120,400", "Share Issued": "45,301", "Ordinary Shares Number": "34,788", "Treasury Shares Number": "10,513"}, "5/31/2018": {"Duration": "5/31/2018", "Total Assets": "1,524,700", "Total Liabilities Net Minority Interest": "588,400", "Total Equity Gross Minority Interest": "936,300", "Total Capitalization": "1,113,500", "Common Stock Equity": "936,300", "Capital Lease Obligations": "0", "Net Tangible Assets": "789,800", "Working Capital": "609,400", "Invested Capital": "1,113,500", "Tangible Book Value": "789,800", "Total Debt": "177,200", "Net Debt": "146,100", "Share Issued": "45,301", "Ordinary Shares Number": "34,716", "Treasury Shares Number": "10,585"}}, "cf": {"TTM": {"Duration": "TTM", "Operating Cash Flow": "55,400", "Investing Cash Flow": "-2,500", "Financing Cash Flow": "-5,300", "End Cash Position": "112,500", "Income Tax Paid Supplemental Data": "-", "Interest Paid Supplemental Data": "-", "Capital Expenditure": "-13,900", "Issuance of Debt": "-", "Repayment of Debt": "0", "Repurchase of Capital Stock": "0", "Free Cash Flow": "41,500"}, "5/31/2020": {"Duration": "5/31/2020", "Operating Cash Flow": "-36,100", "Investing Cash Flow": "-24,800", "Financing Cash Flow": "444,500", "End Cash Position": "424,700", "Income Tax Paid Supplemental Data": "-", "Interest Paid Supplemental Data": "-", "Capital Expenditure": "-23,600", "Issuance of Debt": "-", "Repayment of Debt": "-", "Repurchase of Capital Stock": "-4,100", "Free Cash Flow": "-59,700"}, "5/31/2019": {"Duration": "5/31/2019", "Operating Cash Flow": "67,400", "Investing Cash Flow": "-19,000", "Financing Cash Flow": "-48,700", "End Cash Position": "41,100", "Income Tax Paid Supplemental Data": "7,000", "Interest Paid Supplemental Data": "8,800", "Capital Expenditure": "-17,400", "Issuance of Debt": "-", "Repayment of Debt": "-25,000", "Repurchase of Capital Stock": "-10,300", "Free Cash Flow": "50,000"}, "5/31/2018": {"Duration": "5/31/2018", "Operating Cash Flow": "64,300", "Investing Cash Flow": "-42,900", "Financing Cash Flow": "10,000", "End Cash Position": "41,600", "Income Tax Paid Supplemental Data": "17,000", "Interest Paid Supplemental Data": "7,200", "Capital Expenditure": "-22,000", "Issuance of Debt": "24,800", "Repayment of Debt": "-", "Repurchase of Capital Stock": "-13,100", "Free Cash Flow": "42,300"}}}}, {"SPR": {"quote": {"05/12/2021": {"value": "43.00", "Market Cap": "4.533B", "Beta (5Y Monthly)": "2.11", "PE Ratio (TTM)": "N/A", "EPS (TTM)": "-8.46", "Earnings Date": "Aug 02, 2021 - Aug 06, 2021", "Forward Dividend & Yield": "0.04 (0.09%)", "Ex-Dividend Date": "Jun 11, 2021", "1y Target Est": "51.50"}}, "fin": {"TTM": {"Duration": "TTM", "Total Revenue": "3,404,800", "Cost of Revenue": "3,845,500", "Gross Profit": "-440,700", "Operating Expense": "280,900", "Operating Income": "-721,600", "Net Non Operating Interest Income Expense": "-185,300", "Other Income Expense": "-179,000", "Pretax Income": "-1,085,900", "Tax Provision": "-220,200", "Earnings from Equity Interest Net of Tax": "-4,600", "Net Income Common Stockholders": "-870,300", "Average Dilution Earnings": "0", "Diluted NI Available to Com Stockholders": "-870,300", "Basic EPS": "-", "Diluted EPS": "-", "Basic Average Shares": "-", "Diluted Average Shares": "-", "Total Operating Income as Reported": "-812,800", "Total Expenses": "4,126,400", "Net Income from Continuing & Discontinued Operation": "-870,300", "Normalized Income": "-756,887", "Interest Income": "10,000", "Interest Expense": "195,300", "Net Interest Income": "-185,300", "EBIT": "-890,600", "EBITDA": "-613,000", "Reconciled Cost of Revenue": "3,845,500", "Reconciled Depreciation": "277,600", "Net Income from Continuing Operation Net Minority Interest": "-870,300", "Total Unusual Items Excluding Goodwill": "-142,300", "Total Unusual Items": "-142,300", "Normalized EBITDA": "-470,700", "Tax Rate for Calcs": "0", "Tax Effect of Unusual Items": "-28,887"}, "12/31/2020": {"Duration": "12/31/2020", "Total Revenue": "3,404,800", "Cost of Revenue": "3,845,500", "Gross Profit": "-440,700", "Operating Expense": "280,900", "Operating Income": "-721,600", "Net Non Operating Interest Income Expense": "-185,300", "Other Income Expense": "-179,000", "Pretax Income": "-1,085,900", "Tax Provision": "-220,200", "Earnings from Equity Interest Net of Tax": "-4,600", "Net Income Common Stockholders": "-870,300", "Average Dilution Earnings": "0", "Diluted NI Available to Com Stockholders": "-870,300", "Basic EPS": "-", "Diluted EPS": "-", "Basic Average Shares": "-", "Diluted Average Shares": "-", "Total Operating Income as Reported": "-812,800", "Total Expenses": "4,126,400", "Net Income from Continuing & Discontinued Operation": "-870,300", "Normalized Income": "-756,887", "Interest Income": "10,000", "Interest Expense": "195,300", "Net Interest Income": "-185,300", "EBIT": "-890,600", "EBITDA": "-", "Reconciled Cost of Revenue": "3,845,500", "Reconciled Depreciation": "277,600", "Net Income from Continuing Operation Net Minority Interest": "-870,300", "Total Unusual Items Excluding Goodwill": "-142,300", "Total Unusual Items": "-142,300", "Normalized EBITDA": "-470,700", "Tax Rate for Calcs": "0", "Tax Effect of Unusual Items": "-28,887"}, "12/31/2019": {"Duration": "12/31/2019", "Total Revenue": "7,863,100", "Cost of Revenue": "6,786,400", "Gross Profit": "1,076,700", "Operating Expense": "315,900", "Operating Income": "760,800", "Net Non Operating Interest Income Expense": "-79,000", "Other Income Expense": "-18,700", "Pretax Income": "663,100", "Tax Provision": "132,800", "Earnings from Equity Interest Net of Tax": "-200", "Net Income Common Stockholders": "529,700", "Average Dilution Earnings": "-", "Diluted NI Available to Com Stockholders": "529,700", "Basic EPS": "5.11", "Diluted EPS": "5.06", "Basic Average Shares": "103,600", "Diluted Average Shares": "104,700", "Total Operating Income as Reported": "760,800", "Total Expenses": "7,102,300", "Net Income from Continuing & Discontinued Operation": "530,100", "Normalized Income": "564,100", "Interest Income": "12,900", "Interest Expense": "91,900", "Net Interest Income": "-79,000", "EBIT": "755,000", "EBITDA": "-", "Reconciled Cost of Revenue": "6,786,400", "Reconciled Depreciation": "251,700", "Net Income from Continuing Operation Net Minority Interest": "530,100", "Total Unusual Items Excluding Goodwill": "-42,500", "Total Unusual Items": "-42,500", "Normalized EBITDA": "1,049,200", "Tax Rate for Calcs": "0", "Tax Effect of Unusual Items": "-8,500"}, "12/31/2018": {"Duration": "12/31/2018", "Total Revenue": "7,222,000", "Cost of Revenue": "6,135,900", "Gross Profit": "1,086,100", "Operating Expense": "252,900", "Operating Income": "833,200", "Net Non Operating Interest Income Expense": "-72,000", "Other Income Expense": "-5,000", "Pretax Income": "756,200", "Tax Provision": "139,800", "Earnings from Equity Interest Net of Tax": "600", "Net Income Common Stockholders": "616,500", "Average Dilution Earnings": "-", "Diluted NI Available to Com Stockholders": "616,500", "Basic EPS": "5.71", "Diluted EPS": "5.65", "Basic Average Shares": "108,000", "Diluted Average Shares": "109,100", "Total Operating Income as Reported": "843,200", "Total Expenses": "6,388,800", "Net Income from Continuing & Discontinued Operation": "617,000", "Normalized Income": "652,616", "Interest Income": "8,000", "Interest Expense": "80,000", "Net Interest Income": "-72,000", "EBIT": "836,200", "EBITDA": "-", "Reconciled Cost of Revenue": "6,135,900", "Reconciled Depreciation": "231,000", "Net Income from Continuing Operation Net Minority Interest": "617,000", "Total Unusual Items Excluding Goodwill": "-43,700", "Total Unusual Items": "-43,700", "Normalized EBITDA": "1,110,900", "Tax Rate for Calcs": "0", "Tax Effect of Unusual Items": "-8,084"}}, "bs": {"12/31/2020": {"Duration": "12/31/2020", "Total Assets": "8,383,900", "Total Liabilities Net Minority Interest": "7,526,900", "Total Equity Gross Minority Interest": "857,000", "Total Capitalization": "4,267,900", "Common Stock Equity": "856,500", "Capital Lease Obligations": "228,900", "Net Tangible Assets": "76,000", "Working Capital": "2,775,600", "Invested Capital": "4,573,300", "Tangible Book Value": "76,000", "Total Debt": "3,945,700", "Net Debt": "1,843,500", "Share Issued": "147,066", "Ordinary Shares Number": "105,542", "Treasury Shares Number": "41,523"}, "12/31/2019": {"Duration": "12/31/2019", "Total Assets": "7,606,000", "Total Liabilities Net Minority Interest": "5,844,100", "Total Equity Gross Minority Interest": "1,761,900", "Total Capitalization": "4,624,200", "Common Stock Equity": "1,761,400", "Capital Lease Obligations": "196,100", "Net Tangible Assets": "1,757,800", "Working Capital": "2,882,300", "Invested Capital": "4,648,600", "Tangible Book Value": "1,757,800", "Total Debt": "3,083,300", "Net Debt": "536,700", "Share Issued": "146,406", "Ordinary Shares Number": "104,882", "Treasury Shares Number": "41,523"}, "12/31/2018": {"Duration": "12/31/2018", "Total Assets": "5,685,900", "Total Liabilities Net Minority Interest": "4,447,800", "Total Equity Gross Minority Interest": "1,238,100", "Total Capitalization": "3,066,300", "Common Stock Equity": "1,237,600", "Capital Lease Obligations": "42,400", "Net Tangible Assets": "1,233,800", "Working Capital": "1,267,200", "Invested Capital": "3,090,600", "Tangible Book Value": "1,233,800", "Total Debt": "1,895,400", "Net Debt": "1,079,400", "Share Issued": "146,181", "Ordinary Shares Number": "105,462", "Treasury Shares Number": "40,719"}}, "cf": {"TTM": {"Duration": "TTM", "Operating Cash Flow": "-744,900", "Investing Cash Flow": "-502,000", "Financing Cash Flow": "769,500", "End Cash Position": "1,893,100", "Income Tax Paid Supplemental Data": "-", "Interest Paid Supplemental Data": "146,600", "Capital Expenditure": "-118,900", "Issuance of Capital Stock": "100", "Issuance of Debt": "2,100,000", "Repayment of Debt": "-1,271,300", "Repurchase of Capital Stock": "-", "Free Cash Flow": "-863,800"}, "12/31/2020": {"Duration": "12/31/2020", "Operating Cash Flow": "-744,900", "Investing Cash Flow": "-502,000", "Financing Cash Flow": "769,500", "End Cash Position": "1,893,100", "Income Tax Paid Supplemental Data": "-", "Interest Paid Supplemental Data": "146,600", "Capital Expenditure": "-118,900", "Issuance of Capital Stock": "100", "Issuance of Debt": "2,100,000", "Repayment of Debt": "-1,271,300", "Repurchase of Capital Stock": "-", "Free Cash Flow": "-863,800"}, "12/31/2019": {"Duration": "12/31/2019", "Operating Cash Flow": "922,700", "Investing Cash Flow": "-239,900", "Financing Cash Flow": "884,400", "End Cash Position": "2,367,200", "Income Tax Paid Supplemental Data": "105,000", "Interest Paid Supplemental Data": "93,200", "Capital Expenditure": "-232,200", "Issuance of Capital Stock": "-", "Issuance of Debt": "1,150,000", "Repayment of Debt": "-130,000", "Repurchase of Capital Stock": "-75,800", "Free Cash Flow": "690,500"}, "12/31/2018": {"Duration": "12/31/2018", "Operating Cash Flow": "769,900", "Investing Cash Flow": "-267,800", "Financing Cash Flow": "-153,500", "End Cash Position": "794,100", "Income Tax Paid Supplemental Data": "202,300", "Interest Paid Supplemental Data": "70,400", "Capital Expenditure": "-271,200", "Issuance of Capital Stock": "-", "Issuance of Debt": "1,300,000", "Repayment of Debt": "-563,000", "Repurchase of Capital Stock": "-805,800", "Free Cash Flow": "498,700"}}}}, {"CVU": {"quote": {"05/12/2021": {"value": "4.1500", "Market Cap": "50.756M", "Beta (5Y Monthly)": "1.83", "PE Ratio (TTM)": "N/A", "EPS (TTM)": "-0.1110", "Earnings Date": "Apr 16, 2021", "Forward Dividend & Yield": "N/A (N/A)", "Ex-Dividend Date": "N/A", "1y Target Est": "5.00"}}, "fin": {"TTM": {"Duration": "TTM", "Total Revenue": "87,585", "Cost of Revenue": "75,491", "Gross Profit": "12,094", "Operating Expense": "12,046", "Operating Income": "48.017", "Net Non Operating Interest Income Expense": "-1,422", "Other Income Expense": "89.666", "Pretax Income": "-1,374", "Tax Provision": "-53.5", "Net Income Common Stockholders": "-1,320", "Diluted NI Available to Com Stockholders": "-1,320", "Basic EPS": "-", "Diluted EPS": "-", "Basic Average Shares": "-", "Diluted Average Shares": "-", "Total Operating Income as Reported": "48.017", "Total Expenses": "87,537", "Net Income from Continuing & Discontinued Operation": "-1,320", "Normalized Income": "-1,320", "Interest Expense": "1,422", "Net Interest Income": "-1,422", "EBIT": "48.017", "EBITDA": "1,081", "Reconciled Cost of Revenue": "75,491", "Reconciled Depreciation": "1,033", "Net Income from Continuing Operation Net Minority Interest": "-1,320", "Total Unusual Items Excluding Goodwill": "-", "Total Unusual Items": "-", "Normalized EBITDA": "1,081", "Tax Rate for Calcs": "0", "Tax Effect of Unusual Items": "0"}, "12/31/2020": {"Duration": "12/31/2020", "Total Revenue": "87,585", "Cost of Revenue": "75,491", "Gross Profit": "12,094", "Operating Expense": "12,046", "Operating Income": "48.017", "Net Non Operating Interest Income Expense": "-1,422", "Other Income Expense": "-", "Pretax Income": "-1,374", "Tax Provision": "-53.5", "Net Income Common Stockholders": "-1,320", "Diluted NI Available to Com Stockholders": "-1,320", "Basic EPS": "-", "Diluted EPS": "-", "Basic Average Shares": "-", "Diluted Average Shares": "-", "Total Operating Income as Reported": "48.017", "Total Expenses": "87,537", "Net Income from Continuing & Discontinued Operation": "-1,320", "Normalized Income": "-1,320", "Interest Expense": "1,422", "Net Interest Income": "-1,422", "EBIT": "48.017", "EBITDA": "-", "Reconciled Cost of Revenue": "75,491", "Reconciled Depreciation": "1,033", "Net Income from Continuing Operation Net Minority Interest": "-1,320", "Total Unusual Items Excluding Goodwill": "-", "Total Unusual Items": "-", "Normalized EBITDA": "1,081", "Tax Rate for Calcs": "0", "Tax Effect of Unusual Items": "0"}, "12/31/2019": {"Duration": "12/31/2019", "Total Revenue": "87,519", "Cost of Revenue": "78,387", "Gross Profit": "9,132", "Operating Expense": "11,563", "Operating Income": "-2,431", "Net Non Operating Interest Income Expense": "-2,105", "Other Income Expense": "89.666", "Pretax Income": "-4,446", "Tax Provision": "3.877", "Net Income Common Stockholders": "-4,450", "Diluted NI Available to Com Stockholders": "-4,450", "Basic EPS": "-0.38", "Diluted EPS": "-0.38", "Basic Average Shares": "11,808", "Diluted Average Shares": "11,808", "Total Operating Income as Reported": "-2,431", "Total Expenses": "89,950", "Net Income from Continuing & Discontinued Operation": "-4,450", "Normalized Income": "-4,450", "Interest Expense": "2,105", "Net Interest Income": "-2,105", "EBIT": "-2,341", "EBITDA": "-", "Reconciled Cost of Revenue": "78,387", "Reconciled Depreciation": "1,124", "Net Income from Continuing Operation Net Minority Interest": "-4,450", "Total Unusual Items Excluding Goodwill": "-", "Total Unusual Items": "-", "Normalized EBITDA": "-1,217", "Tax Rate for Calcs": "0", "Tax Effect of Unusual Items": "0"}, "12/31/2018": {"Duration": "12/31/2018", "Total Revenue": "83,929", "Cost of Revenue": "65,765", "Gross Profit": "18,164", "Operating Expense": "9,529", "Operating Income": "8,635", "Net Non Operating Interest Income Expense": "-1,989", "Other Income Expense": "28.709", "Pretax Income": "6,675", "Tax Provision": "4,463", "Net Income Common Stockholders": "2,212", "Diluted NI Available to Com Stockholders": "2,212", "Basic EPS": "0.23", "Diluted EPS": "0.23", "Basic Average Shares": "9,481", "Diluted Average Shares": "9,490", "Total Operating Income as Reported": "8,635", "Total Expenses": "75,294", "Net Income from Continuing & Discontinued Operation": "2,212", "Normalized Income": "2,212", "Interest Expense": "1,989", "Net Interest Income": "-1,989", "EBIT": "8,664", "EBITDA": "-", "Reconciled Cost of Revenue": "65,765", "Reconciled Depreciation": "710.197", "Net Income from Continuing Operation Net Minority Interest": "2,212", "Total Unusual Items Excluding Goodwill": "-", "Total Unusual Items": "-", "Normalized EBITDA": "9,374", "Tax Rate for Calcs": "0", "Tax Effect of Unusual Items": "0"}}, "bs": {"12/31/2020": {"Duration": "12/31/2020", "Total Assets": "49,691", "Total Liabilities Net Minority Interest": "58,040", "Total Equity Gross Minority Interest": "-8,349", "Total Capitalization": "18,594", "Common Stock Equity": "-8,349", "Capital Lease Obligations": "4,356", "Net Tangible Assets": "-10,384", "Working Capital": "12,309", "Invested Capital": "25,096", "Tangible Book Value": "-10,384", "Total Debt": "37,802", "Net Debt": "27,412", "Share Issued": "11,951", "Ordinary Shares Number": "11,951"}, "12/31/2019": {"Duration": "12/31/2019", "Total Assets": "44,340", "Total Liabilities Net Minority Interest": "52,080", "Total Equity Gross Minority Interest": "-7,740", "Total Capitalization": "20,763", "Common Stock Equity": "-7,740", "Capital Lease Obligations": "4,306", "Net Tangible Assets": "-9,899", "Working Capital": "13,852", "Invested Capital": "23,248", "Tangible Book Value": "-9,899", "Total Debt": "35,294", "Net Debt": "26,936", "Share Issued": "11,819", "Ordinary Shares Number": "11,819"}, "12/31/2018": {"Duration": "12/31/2018", "Total Assets": "143,714", "Total Liabilities Net Minority Interest": "50,290", "Total Equity Gross Minority Interest": "93,423", "Total Capitalization": "97,300", "Common Stock Equity": "93,423", "Capital Lease Obligations": "-", "Net Tangible Assets": "93,423", "Working Capital": "98,350", "Invested Capital": "123,773", "Tangible Book Value": "93,423", "Total Debt": "30,350", "Net Debt": "26,222", "Share Issued": "11,718", "Ordinary Shares Number": "11,718"}}, "cf": {"TTM": {"Duration": "TTM", "Operating Cash Flow": "-1,602", "Investing Cash Flow": "-146.788", "Financing Cash Flow": "2,350", "End Cash Position": "6,034", "Income Tax Paid Supplemental Data": "-", "Interest Paid Supplemental Data": "1,490", "Capital Expenditure": "-146.788", "Issuance of Capital Stock": "0", "Issuance of Debt": "4,795", "Repayment of Debt": "-2,337", "Free Cash Flow": "-1,749"}, "12/31/2020": {"Duration": "12/31/2020", "Operating Cash Flow": "-1,602", "Investing Cash Flow": "-146.788", "Financing Cash Flow": "2,350", "End Cash Position": "6,034", "Income Tax Paid Supplemental Data": "-", "Interest Paid Supplemental Data": "1,490", "Capital Expenditure": "-146.788", "Issuance of Capital Stock": "-", "Issuance of Debt": "4,795", "Repayment of Debt": "-2,337", "Free Cash Flow": "-1,749"}, "12/31/2019": {"Duration": "12/31/2019", "Operating Cash Flow": "-377.982", "Investing Cash Flow": "-436.01", "Financing Cash Flow": "118.643", "End Cash Position": "5,433", "Income Tax Paid Supplemental Data": "-", "Interest Paid Supplemental Data": "2,066", "Capital Expenditure": "-436.01", "Issuance of Capital Stock": "0", "Issuance of Debt": "4,000", "Repayment of Debt": "-3,737", "Free Cash Flow": "-813.992"}, "12/31/2018": {"Duration": "12/31/2018", "Operating Cash Flow": "-2,535", "Investing Cash Flow": "-6,610", "Financing Cash Flow": "13,842", "End Cash Position": "6,128", "Income Tax Paid Supplemental Data": "10.947", "Interest Paid Supplemental Data": "2,135", "Capital Expenditure": "-559.037", "Issuance of Capital Stock": "16,166", "Issuance of Debt": "7,700", "Repayment of Debt": "-9,815", "Free Cash Flow": "-3,094"}}}}, {"ATRO": {"quote": {"05/12/2021": {"value": "15.91", "Market Cap": "499.214M", "Beta (5Y Monthly)": "2.14", "PE Ratio (TTM)": "N/A", "EPS (TTM)": "-1.98", "Earnings Date": "Jul 29, 2021 - Aug 02, 2021", "Forward Dividend & Yield": "N/A (N/A)", "Ex-Dividend Date": "Jan 25, 1994", "1y Target Est": "18.00"}}, "fin": {"TTM": {"Duration": "TTM", "Total Revenue": "502,587", "Cost of Revenue": "405,744", "Gross Profit": "96,843", "Operating Expense": "110,528", "Operating Income": "-13,685", "Net Non Operating Interest Income Expense": "-6,741", "Other Income Expense": "-91,984", "Pretax Income": "-112,410", "Tax Provision": "3,371", "Net Income Common Stockholders": "-115,781", "Diluted NI Available to Com Stockholders": "-115,781", "Basic EPS": "-", "Diluted EPS": "-", "Basic Average Shares": "-", "Diluted Average Shares": "-", "Total Operating Income as Reported": "-100,701", "Total Expenses": "516,272", "Net Income from Continuing & Discontinued Operation": "-115,781", "Normalized Income": "-52,259", "Interest Expense": "6,741", "Net Interest Income": "-6,741", "EBIT": "-13,685", "EBITDA": "18,169", "Reconciled Cost of Revenue": "405,744", "Reconciled Depreciation": "31,854", "Net Income from Continuing Operation Net Minority Interest": "-115,781", "Total Unusual Items Excluding Goodwill": "-87,016", "Total Unusual Items": "-87,016", "Normalized EBITDA": "105,185", "Tax Rate for Calcs": "0", "Tax Effect of Unusual Items": "-23,494"}, "12/31/2020": {"Duration": "12/31/2020", "Total Revenue": "502,587", "Cost of Revenue": "405,744", "Gross Profit": "96,843", "Operating Expense": "110,528", "Operating Income": "-13,685", "Net Non Operating Interest Income Expense": "-6,741", "Other Income Expense": "-91,984", "Pretax Income": "-112,410", "Tax Provision": "3,371", "Net Income Common Stockholders": "-115,781", "Diluted NI Available to Com Stockholders": "-115,781", "Basic EPS": "-", "Diluted EPS": "-", "Basic Average Shares": "-", "Diluted Average Shares": "-", "Total Operating Income as Reported": "-100,701", "Total Expenses": "516,272", "Net Income from Continuing & Discontinued Operation": "-115,781", "Normalized Income": "-52,259", "Interest Expense": "6,741", "Net Interest Income": "-6,741", "EBIT": "-13,685", "EBITDA": "-", "Reconciled Cost of Revenue": "405,744", "Reconciled Depreciation": "31,854", "Net Income from Continuing Operation Net Minority Interest": "-115,781", "Total Unusual Items Excluding Goodwill": "-87,016", "Total Unusual Items": "-87,016", "Normalized EBITDA": "105,185", "Tax Rate for Calcs": "0", "Tax Effect of Unusual Items": "-23,494"}, "12/31/2019": {"Duration": "12/31/2019", "Total Revenue": "772,702", "Cost of Revenue": "616,560", "Gross Profit": "156,142", "Operating Expense": "143,358", "Operating Income": "12,784", "Net Non Operating Interest Income Expense": "-6,141", "Other Income Expense": "61,660", "Pretax Income": "68,303", "Tax Provision": "16,286", "Net Income Common Stockholders": "52,017", "Diluted NI Available to Com Stockholders": "52,017", "Basic EPS": "1.62", "Diluted EPS": "1.60", "Basic Average Shares": "32,109", "Diluted Average Shares": "32,459", "Total Operating Income as Reported": "1,701", "Total Expenses": "759,918", "Net Income from Continuing & Discontinued Operation": "52,017", "Normalized Income": "415.884", "Interest Expense": "-", "Net Interest Income": "-6,141", "EBIT": "12,784", "EBITDA": "-", "Reconciled Cost of Revenue": "616,560", "Reconciled Depreciation": "33,049", "Net Income from Continuing Operation Net Minority Interest": "52,017", "Total Unusual Items Excluding Goodwill": "67,718", "Total Unusual Items": "67,718", "Normalized EBITDA": "-21,885", "Tax Rate for Calcs": "0", "Tax Effect of Unusual Items": "16,117"}, "12/31/2018": {"Duration": "12/31/2018", "Total Revenue": "803,256", "Cost of Revenue": "622,560", "Gross Profit": "180,696", "Operating Expense": "117,033", "Operating Income": "63,663", "Net Non Operating Interest Income Expense": "-9,710", "Other Income Expense": "-1,671", "Pretax Income": "52,282", "Tax Provision": "5,479", "Net Income Common Stockholders": "46,803", "Diluted NI Available to Com Stockholders": "46,803", "Basic EPS": "1.45", "Diluted EPS": "1.41", "Basic Average Shares": "32,278", "Diluted Average Shares": "33,136", "Total Operating Income as Reported": "63,663", "Total Expenses": "739,593", "Net Income from Continuing & Discontinued Operation": "46,803", "Normalized Income": "46,803", "Interest Expense": "-", "Net Interest Income": "-9,710", "EBIT": "63,663", "EBITDA": "-", "Reconciled Cost of Revenue": "622,560", "Reconciled Depreciation": "35,032", "Net Income from Continuing Operation Net Minority Interest": "46,803", "Total Unusual Items Excluding Goodwill": "0", "Total Unusual Items": "0", "Normalized EBITDA": "98,695", "Tax Rate for Calcs": "0", "Tax Effect of Unusual Items": "0"}}, "bs": {"12/31/2020": {"Duration": "12/31/2020", "Total Assets": "619,745", "Total Liabilities Net Minority Interest": "349,374", "Total Equity Gross Minority Interest": "270,371", "Total Capitalization": "443,371", "Common Stock Equity": "270,371", "Capital Lease Obligations": "21,635", "Net Tangible Assets": "102,203", "Working Capital": "223,211", "Invested Capital": "443,371", "Tangible Book Value": "102,203", "Total Debt": "194,635", "Net Debt": "132,588", "Share Issued": "34,702", "Ordinary Shares Number": "30,894", "Treasury Shares Number": "3,808"}, "12/31/2019": {"Duration": "12/31/2019", "Total Assets": "782,716", "Total Liabilities Net Minority Interest": "393,859", "Total Equity Gross Minority Interest": "388,857", "Total Capitalization": "576,857", "Common Stock Equity": "388,857", "Capital Lease Obligations": "25,556", "Net Tangible Assets": "116,594", "Working Capital": "222,441", "Invested Capital": "577,081", "Tangible Book Value": "116,594", "Total Debt": "213,780", "Net Debt": "156,318", "Share Issued": "34,525", "Ordinary Shares Number": "30,999", "Treasury Shares Number": "3,526"}, "12/31/2018": {"Duration": "12/31/2018", "Total Assets": "774,640", "Total Liabilities Net Minority Interest": "388,015", "Total Equity Gross Minority Interest": "386,625", "Total Capitalization": "618,737", "Common Stock Equity": "386,625", "Capital Lease Obligations": "-", "Net Tangible Assets": "128,290", "Working Capital": "246,079", "Invested Capital": "620,607", "Tangible Book Value": "128,290", "Total Debt": "233,982", "Net Debt": "217,360", "Share Issued": "34,268", "Ordinary Shares Number": "32,593", "Treasury Shares Number": "1,675"}}, "cf": {"TTM": {"Duration": "TTM", "Operating Cash Flow": "37,335", "Investing Cash Flow": "-5,797", "Financing Cash Flow": "-24,576", "End Cash Position": "40,412", "Income Tax Paid Supplemental Data": "27,343", "Interest Paid Supplemental Data": "5,829", "Capital Expenditure": "-7,459", "Issuance of Debt": "155,000", "Repayment of Debt": "-172,150", "Repurchase of Capital Stock": "-7,732", "Free Cash Flow": "29,876"}, "12/31/2020": {"Duration": "12/31/2020", "Operating Cash Flow": "37,335", "Investing Cash Flow": "-5,797", "Financing Cash Flow": "-24,576", "End Cash Position": "40,412", "Income Tax Paid Supplemental Data": "-", "Interest Paid Supplemental Data": "5,829", "Capital Expenditure": "-7,459", "Issuance of Debt": "155,000", "Repayment of Debt": "-172,150", "Repurchase of Capital Stock": "-7,732", "Free Cash Flow": "29,876"}, "12/31/2019": {"Duration": "12/31/2019", "Operating Cash Flow": "42,689", "Investing Cash Flow": "64,630", "Financing Cash Flow": "-92,182", "End Cash Position": "31,906", "Income Tax Paid Supplemental Data": "27,343", "Interest Paid Supplemental Data": "5,707", "Capital Expenditure": "-12,083", "Issuance of Debt": "117,000", "Repayment of Debt": "-157,853", "Repurchase of Capital Stock": "-50,784", "Free Cash Flow": "30,606"}, "12/31/2018": {"Duration": "12/31/2018", "Operating Cash Flow": "54,881", "Investing Cash Flow": "-19,667", "Financing Cash Flow": "-36,134", "End Cash Position": "16,622", "Income Tax Paid Supplemental Data": "12,218", "Interest Paid Supplemental Data": "9,710", "Capital Expenditure": "-16,317", "Issuance of Debt": "35,015", "Repayment of Debt": "-72,834", "Repurchase of Capital Stock": "0", "Free Cash Flow": "38,564"}}}}, {"AIRI": {"quote": {"05/12/2021": {"value": "1.1700", "Market Cap": "37.484M", "Beta (5Y Monthly)": "1.09", "PE Ratio (TTM)": "32.50", "EPS (TTM)": "0.0360", "Earnings Date": "Aug 05, 2021 - Aug 09, 2021", "Forward Dividend & Yield": "N/A (N/A)", "Ex-Dividend Date": "Nov 19, 2015", "1y Target Est": "2.50"}}, "fin": {"TTM": {"Duration": "TTM", "Total Revenue": "50,097", "Cost of Revenue": "43,585", "Gross Profit": "6,512", "Operating Expense": "7,951", "Operating Income": "-1,439", "Net Non Operating Interest Income Expense": "-1,491", "Other Income Expense": "2,844", "Pretax Income": "-86", "Tax Provision": "-1,412", "Net Income Common Stockholders": "1,096", "Diluted NI Available to Com Stockholders": "1,096", "Basic EPS": "-", "Diluted EPS": "-", "Basic Average Shares": "-", "Diluted Average Shares": "-", "Total Operating Income as Reported": "-1,439", "Total Expenses": "51,536", "Net Income from Continuing & Discontinued Operation": "1,096", "Normalized Income": "-436.22", "Interest Expense": "1,491", "Net Interest Income": "-1,491", "EBIT": "1,405", "EBITDA": "4,457", "Reconciled Cost of Revenue": "43,585", "Reconciled Depreciation": "3,052", "Net Income from Continuing Operation Net Minority Interest": "1,326", "Total Unusual Items Excluding Goodwill": "2,414", "Total Unusual Items": "2,414", "Normalized EBITDA": "2,043", "Tax Rate for Calcs": "0", "Tax Effect of Unusual Items": "651.78"}, "12/31/2020": {"Duration": "12/31/2020", "Total Revenue": "50,097", "Cost of Revenue": "43,585", "Gross Profit": "6,512", "Operating Expense": "7,951", "Operating Income": "-1,439", "Net Non Operating Interest Income Expense": "-1,491", "Other Income Expense": "2,844", "Pretax Income": "-86", "Tax Provision": "-1,412", "Net Income Common Stockholders": "1,096", "Diluted NI Available to Com Stockholders": "1,096", "Basic EPS": "-", "Diluted EPS": "-", "Basic Average Shares": "-", "Diluted Average Shares": "-", "Total Operating Income as Reported": "-1,439", "Total Expenses": "51,536", "Net Income from Continuing & Discontinued Operation": "1,096", "Normalized Income": "-436.22", "Interest Expense": "1,491", "Net Interest Income": "-1,491", "EBIT": "1,405", "EBITDA": "-", "Reconciled Cost of Revenue": "43,585", "Reconciled Depreciation": "3,052", "Net Income from Continuing Operation Net Minority Interest": "1,326", "Total Unusual Items Excluding Goodwill": "2,414", "Total Unusual Items": "2,414", "Normalized EBITDA": "2,043", "Tax Rate for Calcs": "0", "Tax Effect of Unusual Items": "651.78"}, "12/31/2019": {"Duration": "12/31/2019", "Total Revenue": "54,573", "Cost of Revenue": "45,431", "Gross Profit": "9,142", "Operating Expense": "8,539", "Operating Income": "603", "Net Non Operating Interest Income Expense": "-3,561", "Other Income Expense": "397", "Pretax Income": "-2,561", "Tax Provision": "37", "Net Income Common Stockholders": "-2,732", "Diluted NI Available to Com Stockholders": "-2,732", "Basic EPS": "-0.09", "Diluted EPS": "-0.09", "Basic Average Shares": "28,852", "Diluted Average Shares": "28,852", "Total Operating Income as Reported": "328", "Total Expenses": "53,970", "Net Income from Continuing & Discontinued Operation": "-2,732", "Normalized Income": "-2,397", "Interest Expense": "3,561", "Net Interest Income": "-3,561", "EBIT": "1,000", "EBITDA": "-", "Reconciled Cost of Revenue": "45,431", "Reconciled Depreciation": "3,472", "Net Income from Continuing Operation Net Minority Interest": "-2,598", "Total Unusual Items Excluding Goodwill": "-275", "Total Unusual Items": "-275", "Normalized EBITDA": "4,747", "Tax Rate for Calcs": "0", "Tax Effect of Unusual Items": "-74.25"}, "12/31/2018": {"Duration": "12/31/2018", "Total Revenue": "46,309", "Cost of Revenue": "40,895", "Gross Profit": "5,414", "Operating Expense": "8,839", "Operating Income": "-3,425", "Net Non Operating Interest Income Expense": "-3,921", "Other Income Expense": "-2,260", "Pretax Income": "-9,606", "Tax Provision": "3", "Net Income Common Stockholders": "-10,992", "Diluted NI Available to Com Stockholders": "-10,992", "Basic EPS": "-0.41", "Diluted EPS": "-0.41", "Basic Average Shares": "26,898", "Diluted Average Shares": "26,901", "Total Operating Income as Reported": "-5,963", "Total Expenses": "49,734", "Net Income from Continuing & Discontinued Operation": "-10,992", "Normalized Income": "-7,756", "Interest Expense": "3,921", "Net Interest Income": "-3,921", "EBIT": "-5,685", "EBITDA": "-", "Reconciled Cost of Revenue": "40,895", "Reconciled Depreciation": "2,877", "Net Income from Continuing Operation Net Minority Interest": "-9,609", "Total Unusual Items Excluding Goodwill": "-2,538", "Total Unusual Items": "-2,538", "Normalized EBITDA": "-270", "Tax Rate for Calcs": "0", "Tax Effect of Unusual Items": "-685.26"}}, "bs": {"12/31/2020": {"Duration": "12/31/2020", "Total Assets": "57,777", "Total Liabilities Net Minority Interest": "42,668", "Total Equity Gross Minority Interest": "15,109", "Total Capitalization": "25,907", "Common Stock Equity": "15,109", "Capital Lease Obligations": "4,628", "Net Tangible Assets": "14,946", "Working Capital": "16,284", "Invested Capital": "42,382", "Tangible Book Value": "14,946", "Total Debt": "31,901", "Net Debt": "24,768", "Share Issued": "31,907", "Ordinary Shares Number": "31,907", "Preferred Shares Number": "30,532"}, "12/31/2019": {"Duration": "12/31/2019", "Total Assets": "51,090", "Total Liabilities Net Minority Interest": "40,884", "Total Equity Gross Minority Interest": "10,206", "Total Capitalization": "13,612", "Common Stock Equity": "10,206", "Capital Lease Obligations": "4,932", "Net Tangible Assets": "10,043", "Working Capital": "5,623", "Invested Capital": "36,156", "Tangible Book Value": "10,043", "Total Debt": "30,882", "Net Debt": "24,656", "Share Issued": "29,478", "Ordinary Shares Number": "29,478", "Preferred Shares Number": "30,532"}, "12/31/2018": {"Duration": "12/31/2018", "Total Assets": "47,756", "Total Liabilities Net Minority Interest": "36,150", "Total Equity Gross Minority Interest": "11,606", "Total Capitalization": "17,327", "Common Stock Equity": "11,606", "Capital Lease Obligations": "-", "Net Tangible Assets": "11,443", "Working Capital": "9,041", "Invested Capital": "36,672", "Tangible Book Value": "11,443", "Total Debt": "25,066", "Net Debt": "23,054", "Share Issued": "28,392", "Ordinary Shares Number": "28,392", "Preferred Shares Number": "30,532"}}, "cf": {"TTM": {"Duration": "TTM", "Operating Cash Flow": "-1,525", "Investing Cash Flow": "-3,797", "Financing Cash Flow": "6,533", "End Cash Position": "2,505", "Income Tax Paid Supplemental Data": "9", "Interest Paid Supplemental Data": "924", "Capital Expenditure": "-3,797", "Issuance of Capital Stock": "984", "Issuance of Debt": "7,857", "Repayment of Debt": "-2,082", "Free Cash Flow": "-5,322"}, "12/31/2020": {"Duration": "12/31/2020", "Operating Cash Flow": "-1,525", "Investing Cash Flow": "-3,797", "Financing Cash Flow": "6,533", "End Cash Position": "2,505", "Income Tax Paid Supplemental Data": "9", "Interest Paid Supplemental Data": "924", "Capital Expenditure": "-3,797", "Issuance of Capital Stock": "984", "Issuance of Debt": "7,857", "Repayment of Debt": "-2,082", "Free Cash Flow": "-5,322"}, "12/31/2019": {"Duration": "12/31/2019", "Operating Cash Flow": "-888", "Investing Cash Flow": "-764", "Financing Cash Flow": "934", "End Cash Position": "1,294", "Income Tax Paid Supplemental Data": "22", "Interest Paid Supplemental Data": "2,274", "Capital Expenditure": "-764", "Issuance of Capital Stock": "0", "Issuance of Debt": "17,843", "Repayment of Debt": "-17,593", "Free Cash Flow": "-1,652"}, "12/31/2018": {"Duration": "12/31/2018", "Operating Cash Flow": "-2,336", "Investing Cash Flow": "3,685", "Financing Cash Flow": "33", "End Cash Position": "2,012", "Income Tax Paid Supplemental Data": "2", "Interest Paid Supplemental Data": "1,509", "Capital Expenditure": "-1,787", "Issuance of Capital Stock": "2,885", "Issuance of Debt": "2,873", "Repayment of Debt": "-5,600", "Free Cash Flow": "-4,123"}}}}, {"ACFN": {"quote": {"05/12/2021": {"value": "0.6400", "Market Cap": "25.4M", "Beta (5Y Monthly)": "1.77", "PE Ratio (TTM)": "320.00", "EPS (TTM)": "0.0020", "Earnings Date": "May 12, 2021", "Forward Dividend & Yield": "N/A (N/A)", "Ex-Dividend Date": "Feb 15, 2013", "1y Target Est": "3.00"}}, "fin": {"TTM": {"Duration": "TTM", "Total Revenue": "5,922", "Cost of Revenue": "1,791", "Gross Profit": "4,131", "Operating Expense": "4,441", "Operating Income": "-310", "Net Non Operating Interest Income Expense": "-35", "Other Income Expense": "421", "Pretax Income": "76", "Tax Provision": "0", "Earnings from Equity Interest Net of Tax": "-", "Net Income Common Stockholders": "69", "Diluted NI Available to Com Stockholders": "69", "Basic EPS": "-", "Diluted EPS": "-", "Basic Average Shares": "-", "Diluted Average Shares": "-", "Total Operating Income as Reported": "-310", "Total Expenses": "6,232", "Net Income from Continuing & Discontinued Operation": "69", "Normalized Income": "-352", "Interest Income": "-", "Interest Expense": "35", "Net Interest Income": "-35", "EBIT": "-310", "EBITDA": "-288", "Reconciled Cost of Revenue": "1,791", "Reconciled Depreciation": "22", "Net Income from Continuing Operation Net Minority Interest": "69", "Total Unusual Items Excluding Goodwill": "421", "Total Unusual Items": "421", "Normalized EBITDA": "-709", "Tax Rate for Calcs": "0", "Tax Effect of Unusual Items": "0"}, "12/31/2020": {"Duration": "12/31/2020", "Total Revenue": "5,922", "Cost of Revenue": "1,791", "Gross Profit": "4,131", "Operating Expense": "4,441", "Operating Income": "-310", "Net Non Operating Interest Income Expense": "-35", "Other Income Expense": "421", "Pretax Income": "76", "Tax Provision": "0", "Earnings from Equity Interest Net of Tax": "-", "Net Income Common Stockholders": "69", "Diluted NI Available to Com Stockholders": "69", "Basic EPS": "-", "Diluted EPS": "-", "Basic Average Shares": "-", "Diluted Average Shares": "-", "Total Operating Income as Reported": "-310", "Total Expenses": "6,232", "Net Income from Continuing & Discontinued Operation": "69", "Normalized Income": "-352", "Interest Income": "-", "Interest Expense": "35", "Net Interest Income": "-35", "EBIT": "-310", "EBITDA": "-", "Reconciled Cost of Revenue": "1,791", "Reconciled Depreciation": "22", "Net Income from Continuing Operation Net Minority Interest": "69", "Total Unusual Items Excluding Goodwill": "421", "Total Unusual Items": "421", "Normalized EBITDA": "-709", "Tax Rate for Calcs": "0", "Tax Effect of Unusual Items": "0"}, "12/31/2019": {"Duration": "12/31/2019", "Total Revenue": "5,490", "Cost of Revenue": "1,900", "Gross Profit": "3,590", "Operating Expense": "4,289", "Operating Income": "-699", "Net Non Operating Interest Income Expense": "2", "Other Income Expense": "-", "Pretax Income": "-697", "Tax Provision": "0", "Earnings from Equity Interest Net of Tax": "50", "Net Income Common Stockholders": "-618", "Diluted NI Available to Com Stockholders": "-618", "Basic EPS": "-0.02", "Diluted EPS": "-0.02", "Basic Average Shares": "35,495", "Diluted Average Shares": "35,495", "Total Operating Income as Reported": "-699", "Total Expenses": "6,189", "Net Income from Continuing & Discontinued Operation": "-618", "Normalized Income": "-618", "Interest Income": "-", "Interest Expense": "-", "Net Interest Income": "2", "EBIT": "-699", "EBITDA": "-", "Reconciled Cost of Revenue": "1,900", "Reconciled Depreciation": "56", "Net Income from Continuing Operation Net Minority Interest": "-618", "Total Unusual Items Excluding Goodwill": "-", "Total Unusual Items": "-", "Normalized EBITDA": "-643", "Tax Rate for Calcs": "0", "Tax Effect of Unusual Items": "0"}, "12/31/2018": {"Duration": "12/31/2018", "Total Revenue": "5,087", "Cost of Revenue": "1,965", "Gross Profit": "3,122", "Operating Expense": "4,498", "Operating Income": "-1,376", "Net Non Operating Interest Income Expense": "-107", "Other Income Expense": "-604", "Pretax Income": "-2,087", "Tax Provision": "0", "Earnings from Equity Interest Net of Tax": "0", "Net Income Common Stockholders": "-2,001", "Diluted NI Available to Com Stockholders": "-2,001", "Basic EPS": "-0.07", "Diluted EPS": "-0.07", "Basic Average Shares": "29,540", "Diluted Average Shares": "29,540", "Total Operating Income as Reported": "-1,376", "Total Expenses": "6,463", "Net Income from Continuing & Discontinued Operation": "-2,001", "Normalized Income": "-1,397", "Interest Income": "6", "Interest Expense": "113", "Net Interest Income": "-107", "EBIT": "-1,974", "EBITDA": "-", "Reconciled Cost of Revenue": "1,965", "Reconciled Depreciation": "66", "Net Income from Continuing Operation Net Minority Interest": "-2,001", "Total Unusual Items Excluding Goodwill": "-604", "Total Unusual Items": "-604", "Normalized EBITDA": "-1,304", "Tax Rate for Calcs": "0", "Tax Effect of Unusual Items": "0"}}, "bs": {"12/31/2020": {"Duration": "12/31/2020", "Total Assets": "5,201", "Total Liabilities Net Minority Interest": "5,720", "Total Equity Gross Minority Interest": "-519", "Total Capitalization": "-523", "Common Stock Equity": "-523", "Capital Lease Obligations": "542", "Net Tangible Assets": "-534", "Working Capital": "-95", "Invested Capital": "-374", "Tangible Book Value": "-534", "Total Debt": "691", "Net Debt": "-", "Share Issued": "39,688", "Ordinary Shares Number": "38,886", "Treasury Shares Number": "801.92"}, "12/31/2019": {"Duration": "12/31/2019", "Total Assets": "4,984", "Total Liabilities Net Minority Interest": "5,629", "Total Equity Gross Minority Interest": "-645", "Total Capitalization": "-646", "Common Stock Equity": "-646", "Capital Lease Obligations": "595", "Net Tangible Assets": "-649", "Working Capital": "-164", "Invested Capital": "-510", "Tangible Book Value": "-649", "Total Debt": "731", "Net Debt": "-", "Share Issued": "39,591", "Ordinary Shares Number": "38,789", "Treasury Shares Number": "801.92"}, "12/31/2018": {"Duration": "12/31/2018", "Total Assets": "3,919", "Total Liabilities Net Minority Interest": "5,149", "Total Equity Gross Minority Interest": "-1,230", "Total Capitalization": "-1,305", "Common Stock Equity": "-1,338", "Capital Lease Obligations": "-", "Net Tangible Assets": "-1,338", "Working Capital": "-651", "Invested Capital": "-1,055", "Tangible Book Value": "-1,338", "Total Debt": "283", "Net Debt": "-", "Share Issued": "30,358", "Ordinary Shares Number": "29,556", "Treasury Shares Number": "801.92"}}, "cf": {"TTM": {"Duration": "TTM", "Operating Cash Flow": "464", "Investing Cash Flow": "-101", "Financing Cash Flow": "453", "End Cash Position": "2,063", "Income Tax Paid Supplemental Data": "0", "Interest Paid Supplemental Data": "30", "Capital Expenditure": "-101", "Issuance of Debt": "421", "Repayment of Debt": "-", "Free Cash Flow": "363"}, "12/31/2020": {"Duration": "12/31/2020", "Operating Cash Flow": "464", "Investing Cash Flow": "-101", "Financing Cash Flow": "453", "End Cash Position": "2,063", "Income Tax Paid Supplemental Data": "0", "Interest Paid Supplemental Data": "30", "Capital Expenditure": "-101", "Issuance of Debt": "421", "Repayment of Debt": "-", "Free Cash Flow": "363"}, "12/31/2019": {"Duration": "12/31/2019", "Operating Cash Flow": "-1,221", "Investing Cash Flow": "-1,115", "Financing Cash Flow": "2,320", "End Cash Position": "1,247", "Income Tax Paid Supplemental Data": "0", "Interest Paid Supplemental Data": "21", "Capital Expenditure": "-165", "Issuance of Debt": "136", "Repayment of Debt": "0", "Free Cash Flow": "-1,386"}, "12/31/2018": {"Duration": "12/31/2018", "Operating Cash Flow": "-2,423", "Investing Cash Flow": "5,261", "Financing Cash Flow": "-2,053", "End Cash Position": "1,263", "Income Tax Paid Supplemental Data": "388", "Interest Paid Supplemental Data": "84", "Capital Expenditure": "-", "Issuance of Debt": "0", "Repayment of Debt": "-2,053", "Free Cash Flow": "-2,423"}}}}, {"ASTC": {"quote": {"05/12/2021": {"value": "1.0800", "Market Cap": "53.459M", "Beta (5Y Monthly)": "-1.36", "PE Ratio (TTM)": "N/A", "EPS (TTM)": "-0.8450", "Earnings Date": "Feb 16, 2021", "Forward Dividend & Yield": "N/A (N/A)", "Ex-Dividend Date": "N/A", "1y Target Est": "N/A"}}, "fin": {"TTM": {"Duration": "TTM", "Total Revenue": "552", "Cost of Revenue": "494", "Gross Profit": "58", "Operating Expense": "7,143", "Operating Income": "-7,085", "Net Non Operating Interest Income Expense": "-264", "Other Income Expense": "-", "Pretax Income": "-7,893", "Tax Provision": "0", "Net Income Common Stockholders": "-7,893", "Diluted NI Available to Com Stockholders": "-7,893", "Basic EPS": "-", "Diluted EPS": "-", "Basic Average Shares": "-", "Diluted Average Shares": "-", "Total Operating Income as Reported": "-7,629", "Total Expenses": "7,637", "Net Income from Continuing & Discontinued Operation": "-7,893", "Normalized Income": "-7,349", "Net Interest Income": "-264", "EBIT": "-7,085", "EBITDA": "-6,700", "Reconciled Cost of Revenue": "494", "Reconciled Depreciation": "385", "Net Income from Continuing Operation Net Minority Interest": "-7,893", "Total Unusual Items Excluding Goodwill": "-544", "Total Unusual Items": "-544", "Normalized EBITDA": "-6,156", "Tax Rate for Calcs": "0", "Tax Effect of Unusual Items": "0"}, "6/30/2020": {"Duration": "6/30/2020", "Total Revenue": "488", "Cost of Revenue": "449", "Gross Profit": "39", "Operating Expense": "8,153", "Operating Income": "-8,114", "Net Non Operating Interest Income Expense": "-197", "Other Income Expense": "-", "Pretax Income": "-8,311", "Tax Provision": "0", "Net Income Common Stockholders": "-8,311", "Diluted NI Available to Com Stockholders": "-8,311", "Basic EPS": "-1.31", "Diluted EPS": "-1.31", "Basic Average Shares": "6,346", "Diluted Average Shares": "6,346", "Total Operating Income as Reported": "-8,114", "Total Expenses": "8,602", "Net Income from Continuing & Discontinued Operation": "-8,311", "Normalized Income": "-8,311", "Net Interest Income": "-197", "EBIT": "-8,114", "EBITDA": "-", "Reconciled Cost of Revenue": "449", "Reconciled Depreciation": "533", "Net Income from Continuing Operation Net Minority Interest": "-8,311", "Total Unusual Items Excluding Goodwill": "-", "Total Unusual Items": "-", "Normalized EBITDA": "-7,581", "Tax Rate for Calcs": "0", "Tax Effect of Unusual Items": "0"}, "6/30/2019": {"Duration": "6/30/2019", "Total Revenue": "127", "Cost of Revenue": "90", "Gross Profit": "37", "Operating Expense": "8,454", "Operating Income": "-8,417", "Net Non Operating Interest Income Expense": "25", "Other Income Expense": "-", "Pretax Income": "-8,392", "Tax Provision": "-858", "Net Income Common Stockholders": "-7,534", "Diluted NI Available to Com Stockholders": "-7,534", "Basic EPS": "-1.53", "Diluted EPS": "-1.53", "Basic Average Shares": "4,940", "Diluted Average Shares": "4,940", "Total Operating Income as Reported": "-8,417", "Total Expenses": "8,544", "Net Income from Continuing & Discontinued Operation": "-7,534", "Normalized Income": "-7,534", "Net Interest Income": "25", "EBIT": "-8,417", "EBITDA": "-", "Reconciled Cost of Revenue": "90", "Reconciled Depreciation": "268", "Net Income from Continuing Operation Net Minority Interest": "-7,534", "Total Unusual Items Excluding Goodwill": "0", "Total Unusual Items": "0", "Normalized EBITDA": "-8,149", "Tax Rate for Calcs": "0", "Tax Effect of Unusual Items": "0"}, "6/30/2018": {"Duration": "6/30/2018", "Total Revenue": "86", "Cost of Revenue": "36", "Gross Profit": "50", "Operating Expense": "11,694", "Operating Income": "-11,644", "Net Non Operating Interest Income Expense": "86", "Other Income Expense": "-1,693", "Pretax Income": "-13,251", "Tax Provision": "0", "Net Income Common Stockholders": "-13,251", "Diluted NI Available to Com Stockholders": "-13,251", "Basic EPS": "-3.26", "Diluted EPS": "-3.26", "Basic Average Shares": "4,061", "Diluted Average Shares": "4,061", "Total Operating Income as Reported": "-13,337", "Total Expenses": "11,730", "Net Income from Continuing & Discontinued Operation": "-13,251", "Normalized Income": "-11,558", "Net Interest Income": "86", "EBIT": "-11,644", "EBITDA": "-", "Reconciled Cost of Revenue": "36", "Reconciled Depreciation": "765", "Net Income from Continuing Operation Net Minority Interest": "-13,251", "Total Unusual Items Excluding Goodwill": "-1,693", "Total Unusual Items": "-1,693", "Normalized EBITDA": "-9,186", "Tax Rate for Calcs": "0", "Tax Effect of Unusual Items": "0"}}, "bs": {"6/30/2020": {"Duration": "6/30/2020", "Total Assets": "5,930", "Total Liabilities Net Minority Interest": "5,305", "Total Equity Gross Minority Interest": "625", "Total Capitalization": "957", "Common Stock Equity": "625", "Capital Lease Obligations": "962", "Net Tangible Assets": "625", "Working Capital": "322", "Invested Capital": "3,667", "Tangible Book Value": "625", "Total Debt": "4,004", "Share Issued": "8,250", "Ordinary Shares Number": "7,850", "Treasury Shares Number": "399.916"}, "6/30/2019": {"Duration": "6/30/2019", "Total Assets": "3,692", "Total Liabilities Net Minority Interest": "984", "Total Equity Gross Minority Interest": "2,708", "Total Capitalization": "2,708", "Common Stock Equity": "2,708", "Capital Lease Obligations": "-", "Net Tangible Assets": "2,708", "Working Capital": "1,884", "Invested Capital": "2,708", "Tangible Book Value": "2,708", "Total Debt": "-", "Share Issued": "6,175", "Ordinary Shares Number": "5,775", "Treasury Shares Number": "399.916"}, "6/30/2018": {"Duration": "6/30/2018", "Total Assets": "5,140", "Total Liabilities Net Minority Interest": "1,148", "Total Equity Gross Minority Interest": "3,992", "Total Capitalization": "3,992", "Common Stock Equity": "3,992", "Capital Lease Obligations": "-", "Net Tangible Assets": "3,992", "Working Capital": "3,316", "Invested Capital": "3,992", "Tangible Book Value": "3,992", "Total Debt": "-", "Share Issued": "4,497", "Ordinary Shares Number": "4,097", "Treasury Shares Number": "399.527"}}, "cf": {"TTM": {"Duration": "TTM", "Operating Cash Flow": "-6,073", "Investing Cash Flow": "-16", "Financing Cash Flow": "27,748", "End Cash Position": "22,663", "Income Tax Paid Supplemental Data": "0", "Interest Paid Supplemental Data": "0", "Capital Expenditure": "-", "Issuance of Capital Stock": "26,206", "Issuance of Debt": "1,542", "Repurchase of Capital Stock": "0", "Free Cash Flow": "-6,089"}, "6/30/2020": {"Duration": "6/30/2020", "Operating Cash Flow": "-6,931", "Investing Cash Flow": "0", "Financing Cash Flow": "8,692", "End Cash Position": "3,349", "Income Tax Paid Supplemental Data": "0", "Interest Paid Supplemental Data": "0", "Capital Expenditure": "-", "Issuance of Capital Stock": "5,650", "Issuance of Debt": "3,042", "Repurchase of Capital Stock": "0", "Free Cash Flow": "-6,931"}, "6/30/2019": {"Duration": "6/30/2019", "Operating Cash Flow": "-8,475", "Investing Cash Flow": "3,597", "Financing Cash Flow": "5,914", "End Cash Position": "1,588", "Income Tax Paid Supplemental Data": "0", "Interest Paid Supplemental Data": "0", "Capital Expenditure": "-", "Issuance of Capital Stock": "5,908", "Issuance of Debt": "-", "Repurchase of Capital Stock": "-1", "Free Cash Flow": "-8,475"}, "6/30/2018": {"Duration": "6/30/2018", "Operating Cash Flow": "-10,784", "Investing Cash Flow": "9,159", "Financing Cash Flow": "-7", "End Cash Position": "552", "Income Tax Paid Supplemental Data": "0", "Interest Paid Supplemental Data": "0", "Capital Expenditure": "-19", "Issuance of Capital Stock": "-", "Issuance of Debt": "-", "Repurchase of Capital Stock": "-7", "Free Cash Flow": "-10,803"}}}}, {"MOG-A": {"quote": {"05/12/2021": {"value": "88.12", "Market Cap": "2.864B", "Beta (5Y Monthly)": "1.48", "PE Ratio (TTM)": "N/A", "EPS (TTM)": "-0.12", "Earnings Date": "N/A", "Forward Dividend & Yield": "1.00 (1.13%)", "Ex-Dividend Date": "May 13, 2021", "1y Target Est": "97.25"}}, "fin": {"TTM": {"Duration": "TTM", "Total Revenue": "2,813,665", "Cost of Revenue": "2,091,583", "Gross Profit": "722,082", "Operating Expense": "509,848", "Operating Income": "212,234", "Net Non Operating Interest Income Expense": "-37,085", "Other Income Expense": "-186,265", "Pretax Income": "-11,116", "Tax Provision": "-8,136", "Net Income Common Stockholders": "-2,980", "Diluted NI Available to Com Stockholders": "-2,980", "Basic EPS": "-", "Diluted EPS": "-", "Basic Average Shares": "-", "Diluted Average Shares": "-", "Total Expenses": "2,601,431", "Net Income from Continuing & Discontinued Operation": "-2,980", "Normalized Income": "-2,980", "Interest Expense": "37,085", "Net Interest Income": "-37,085", "EBIT": "25,969", "EBITDA": "112,762", "Reconciled Cost of Revenue": "2,091,583", "Reconciled Depreciation": "86,793", "Net Income from Continuing Operation Net Minority Interest": "-2,980", "Total Unusual Items Excluding Goodwill": "-", "Total Unusual Items": "-", "Normalized EBITDA": "112,762", "Tax Rate for Calcs": "0", "Tax Effect of Unusual Items": "0"}, "9/30/2020": {"Duration": "9/30/2020", "Total Revenue": "2,884,554", "Cost of Revenue": "2,140,858", "Gross Profit": "743,696", "Operating Expense": "508,812", "Operating Income": "234,884", "Net Non Operating Interest Income Expense": "-38,897", "Other Income Expense": "-190,570", "Pretax Income": "5,417", "Tax Provision": "-3,788", "Net Income Common Stockholders": "9,205", "Diluted NI Available to Com Stockholders": "9,205", "Basic EPS": "0.28", "Diluted EPS": "0.28", "Basic Average Shares": "33,258", "Diluted Average Shares": "33,438", "Total Expenses": "2,649,670", "Net Income from Continuing & Discontinued Operation": "9,205", "Normalized Income": "44,638", "Interest Expense": "38,897", "Net Interest Income": "-38,897", "EBIT": "44,314", "EBITDA": "-", "Reconciled Cost of Revenue": "2,140,858", "Reconciled Depreciation": "86,972", "Net Income from Continuing Operation Net Minority Interest": "9,205", "Total Unusual Items Excluding Goodwill": "-48,539", "Total Unusual Items": "-48,539", "Normalized EBITDA": "179,825", "Tax Rate for Calcs": "0", "Tax Effect of Unusual Items": "-13,106"}, "9/30/2019": {"Duration": "9/30/2019", "Total Revenue": "2,904,663", "Cost of Revenue": "2,088,831", "Gross Profit": "815,832", "Operating Expense": "531,106", "Operating Income": "284,726", "Net Non Operating Interest Income Expense": "-39,269", "Other Income Expense": "-11,699", "Pretax Income": "233,758", "Tax Provision": "54,010", "Net Income Common Stockholders": "179,748", "Diluted NI Available to Com Stockholders": "179,748", "Basic EPS": "5.16", "Diluted EPS": "5.11", "Basic Average Shares": "34,855", "Diluted Average Shares": "35,179", "Total Expenses": "2,619,937", "Net Income from Continuing & Discontinued Operation": "179,748", "Normalized Income": "179,748", "Interest Expense": "39,269", "Net Interest Income": "-39,269", "EBIT": "273,027", "EBITDA": "-", "Reconciled Cost of Revenue": "2,088,831", "Reconciled Depreciation": "85,260", "Net Income from Continuing Operation Net Minority Interest": "179,748", "Total Unusual Items Excluding Goodwill": "0", "Total Unusual Items": "0", "Normalized EBITDA": "358,287", "Tax Rate for Calcs": "0", "Tax Effect of Unusual Items": "0"}, "9/30/2018": {"Duration": "9/30/2018", "Total Revenue": "2,709,468", "Cost of Revenue": "1,936,481", "Gross Profit": "772,987", "Operating Expense": "523,945", "Operating Income": "249,042", "Net Non Operating Interest Income Expense": "-36,238", "Other Income Expense": "-28,967", "Pretax Income": "183,837", "Tax Provision": "87,209", "Net Income Common Stockholders": "96,507", "Diluted NI Available to Com Stockholders": "96,507", "Basic EPS": "2.71", "Diluted EPS": "2.68", "Basic Average Shares": "35,662", "Diluted Average Shares": "36,052", "Total Expenses": "2,460,426", "Net Income from Continuing & Discontinued Operation": "96,507", "Normalized Income": "117,527", "Interest Expense": "36,238", "Net Interest Income": "-36,238", "EBIT": "220,075", "EBITDA": "-", "Reconciled Cost of Revenue": "1,936,481", "Reconciled Depreciation": "88,572", "Net Income from Continuing Operation Net Minority Interest": "96,507", "Total Unusual Items Excluding Goodwill": "-28,794", "Total Unusual Items": "-28,794", "Normalized EBITDA": "337,441", "Tax Rate for Calcs": "0", "Tax Effect of Unusual Items": "-7,774"}}, "bs": {"9/30/2020": {"Duration": "9/30/2020", "Total Assets": "3,225,831", "Total Liabilities Net Minority Interest": "1,982,748", "Total Equity Gross Minority Interest": "1,243,083", "Total Capitalization": "2,173,065", "Common Stock Equity": "1,243,083", "Net Tangible Assets": "336,181", "Working Capital": "902,933", "Invested Capital": "2,173,415", "Tangible Book Value": "336,181", "Total Debt": "930,332", "Net Debt": "845,749", "Share Issued": "51,280", "Ordinary Shares Number": "32,166", "Treasury Shares Number": "19,114"}, "9/30/2019": {"Duration": "9/30/2019", "Total Assets": "3,114,237", "Total Liabilities Net Minority Interest": "1,791,756", "Total Equity Gross Minority Interest": "1,322,481", "Total Capitalization": "2,155,465", "Common Stock Equity": "1,322,481", "Net Tangible Assets": "458,595", "Working Capital": "901,315", "Invested Capital": "2,155,714", "Tangible Book Value": "458,595", "Total Debt": "833,233", "Net Debt": "743,531", "Share Issued": "46,222", "Ordinary Shares Number": "34,695", "Treasury Shares Number": "11,527"}, "9/30/2018": {"Duration": "9/30/2018", "Total Assets": "2,964,048", "Total Liabilities Net Minority Interest": "1,739,062", "Total Equity Gross Minority Interest": "1,224,986", "Total Capitalization": "2,083,822", "Common Stock Equity": "1,224,986", "Net Tangible Assets": "332,232", "Working Capital": "795,797", "Invested Capital": "2,087,810", "Tangible Book Value": "332,232", "Total Debt": "862,824", "Net Debt": "737,240", "Share Issued": "48,995", "Ordinary Shares Number": "34,798", "Treasury Shares Number": "14,197"}}, "cf": {"TTM": {"Duration": "TTM", "Operating Cash Flow": "331,166", "Investing Cash Flow": "-157,706", "Financing Cash Flow": "-206,195", "End Cash Position": "94,556", "Income Tax Paid Supplemental Data": "-", "Interest Paid Supplemental Data": "-", "Capital Expenditure": "-81,283", "Issuance of Capital Stock": "5,268", "Issuance of Debt": "1,190,497", "Repayment of Debt": "-1,208,982", "Repurchase of Capital Stock": "-191,177", "Free Cash Flow": "249,883"}, "9/30/2020": {"Duration": "9/30/2020", "Operating Cash Flow": "279,177", "Investing Cash Flow": "-146,193", "Financing Cash Flow": "-142,766", "End Cash Position": "85,072", "Income Tax Paid Supplemental Data": "59,053", "Interest Paid Supplemental Data": "38,420", "Capital Expenditure": "-88,284", "Issuance of Capital Stock": "7,014", "Issuance of Debt": "1,658,447", "Repayment of Debt": "-1,562,796", "Repurchase of Capital Stock": "-239,064", "Free Cash Flow": "190,893"}, "9/30/2019": {"Duration": "9/30/2019", "Operating Cash Flow": "181,423", "Investing Cash Flow": "-115,720", "Financing Cash Flow": "-98,681", "End Cash Position": "92,548", "Income Tax Paid Supplemental Data": "36,474", "Interest Paid Supplemental Data": "38,864", "Capital Expenditure": "-118,422", "Issuance of Capital Stock": "5,268", "Issuance of Debt": "971,658", "Repayment of Debt": "-1,002,790", "Repurchase of Capital Stock": "-56,243", "Free Cash Flow": "63,001"}, "9/30/2018": {"Duration": "9/30/2018", "Operating Cash Flow": "102,407", "Investing Cash Flow": "-141,642", "Financing Cash Flow": "-221,569", "End Cash Position": "127,706", "Income Tax Paid Supplemental Data": "34,214", "Interest Paid Supplemental Data": "36,689", "Capital Expenditure": "-94,517", "Issuance of Capital Stock": "4,560", "Issuance of Debt": "587,168", "Repayment of Debt": "-704,582", "Repurchase of Capital Stock": "-38,576", "Free Cash Flow": "7,890"}}}}, {"USAE": {"quote": {"05/12/2021": {"value": "0.0020", "Market Cap": "72,560", "Beta (5Y Monthly)": "222.51", "PE Ratio (TTM)": "N/A", "EPS (TTM)": "-0.2650", "Earnings Date": "N/A", "Forward Dividend & Yield": "N/A (N/A)", "Ex-Dividend Date": "N/A", "1y Target Est": "N/A"}}, "fin": {}, "bs": {}, "cf": {}}}, {"BA": {"quote": {"05/12/2021": {"value": "228.88", "Market Cap": "133.851B", "Beta (5Y Monthly)": "1.63", "PE Ratio (TTM)": "N/A", "EPS (TTM)": "-20.55", "Earnings Date": "Jul 27, 2021 - Aug 02, 2021", "Forward Dividend & Yield": "N/A (N/A)", "Ex-Dividend Date": "Feb 13, 2020", "1y Target Est": "258.41"}}, "fin": {"TTM": {"Duration": "TTM", "Total Revenue": "58,158,000", "Cost of Revenue": "63,843,000", "Gross Profit": "-5,685,000", "Operating Expense": "7,293,000", "Operating Income": "-12,978,000", "Net Non Operating Interest Income Expense": "-2,156,000", "Other Income Expense": "658,000", "Pretax Income": "-14,476,000", "Tax Provision": "-2,535,000", "Net Income Common Stockholders": "-11,873,000", "Diluted NI Available to Com Stockholders": "-11,873,000", "Basic EPS": "-", "Diluted EPS": "-", "Basic Average Shares": "-", "Diluted Average Shares": "-", "Total Operating Income as Reported": "-12,767,000", "Total Expenses": "71,136,000", "Net Income from Continuing & Discontinued Operation": "-11,873,000", "Normalized Income": "-12,047,075", "Interest Expense": "2,156,000", "Net Interest Income": "-2,156,000", "EBIT": "-12,320,000", "EBITDA": "-10,074,000", "Reconciled Cost of Revenue": "63,843,000", "Reconciled Depreciation": "2,246,000", "Net Income from Continuing Operation Net Minority Interest": "-11,873,000", "Total Unusual Items Excluding Goodwill": "211,000", "Total Unusual Items": "211,000", "Normalized EBITDA": "-10,285,000", "Tax Rate for Calcs": "0", "Tax Effect of Unusual Items": "36,925"}, "12/31/2020": {"Duration": "12/31/2020", "Total Revenue": "58,158,000", "Cost of Revenue": "63,843,000", "Gross Profit": "-5,685,000", "Operating Expense": "7,293,000", "Operating Income": "-12,978,000", "Net Non Operating Interest Income Expense": "-2,156,000", "Other Income Expense": "658,000", "Pretax Income": "-14,476,000", "Tax Provision": "-2,535,000", "Net Income Common Stockholders": "-11,873,000", "Diluted NI Available to Com Stockholders": "-11,873,000", "Basic EPS": "-", "Diluted EPS": "-", "Basic Average Shares": "-", "Diluted Average Shares": "-", "Total Operating Income as Reported": "-12,767,000", "Total Expenses": "71,136,000", "Net Income from Continuing & Discontinued Operation": "-11,873,000", "Normalized Income": "-12,047,075", "Interest Expense": "2,156,000", "Net Interest Income": "-2,156,000", "EBIT": "-12,320,000", "EBITDA": "-", "Reconciled Cost of Revenue": "63,843,000", "Reconciled Depreciation": "2,246,000", "Net Income from Continuing Operation Net Minority Interest": "-11,873,000", "Total Unusual Items Excluding Goodwill": "211,000", "Total Unusual Items": "211,000", "Normalized EBITDA": "-10,285,000", "Tax Rate for Calcs": "0", "Tax Effect of Unusual Items": "36,925"}, "12/31/2019": {"Duration": "12/31/2019", "Total Revenue": "76,559,000", "Cost of Revenue": "72,093,000", "Gross Profit": "4,466,000", "Operating Expense": "7,128,000", "Operating Income": "-2,662,000", "Net Non Operating Interest Income Expense": "-722,000", "Other Income Expense": "1,125,000", "Pretax Income": "-2,259,000", "Tax Provision": "-1,623,000", "Net Income Common Stockholders": "-636,000", "Diluted NI Available to Com Stockholders": "-636,000", "Basic EPS": "-1.12", "Diluted EPS": "-1.12", "Basic Average Shares": "567,857", "Diluted Average Shares": "567,857", "Total Operating Income as Reported": "-1,975,000", "Total Expenses": "79,221,000", "Net Income from Continuing & Discontinued Operation": "-636,000", "Normalized Income": "-1,137,510", "Interest Expense": "722,000", "Net Interest Income": "-722,000", "EBIT": "-1,537,000", "EBITDA": "-", "Reconciled Cost of Revenue": "72,093,000", "Reconciled Depreciation": "2,271,000", "Net Income from Continuing Operation Net Minority Interest": "-636,000", "Total Unusual Items Excluding Goodwill": "687,000", "Total Unusual Items": "687,000", "Normalized EBITDA": "47,000", "Tax Rate for Calcs": "0", "Tax Effect of Unusual Items": "185,490"}, "12/31/2018": {"Duration": "12/31/2018", "Total Revenue": "101,127,000", "Cost of Revenue": "81,490,000", "Gross Profit": "19,637,000", "Operating Expense": "7,836,000", "Operating Income": "11,801,000", "Net Non Operating Interest Income Expense": "-475,000", "Other Income Expense": "278,000", "Pretax Income": "11,604,000", "Tax Provision": "1,144,000", "Net Income Common Stockholders": "10,453,000", "Diluted NI Available to Com Stockholders": "10,453,000", "Basic EPS": "18.05", "Diluted EPS": "17.85", "Basic Average Shares": "579,501", "Diluted Average Shares": "586,200", "Total Operating Income as Reported": "11,987,000", "Total Expenses": "89,326,000", "Net Income from Continuing & Discontinued Operation": "10,460,000", "Normalized Income": "10,292,414", "Interest Expense": "475,000", "Net Interest Income": "-475,000", "EBIT": "12,079,000", "EBITDA": "-", "Reconciled Cost of Revenue": "81,490,000", "Reconciled Depreciation": "2,114,000", "Net Income from Continuing Operation Net Minority Interest": "10,460,000", "Total Unusual Items Excluding Goodwill": "186,000", "Total Unusual Items": "186,000", "Normalized EBITDA": "14,007,000", "Tax Rate for Calcs": "0", "Tax Effect of Unusual Items": "18,414"}}, "bs": {"12/31/2020": {"Duration": "12/31/2020", "Total Assets": "152,136,000", "Total Liabilities Net Minority Interest": "170,211,000", "Total Equity Gross Minority Interest": "-18,075,000", "Total Capitalization": "43,436,000", "Common Stock Equity": "-18,316,000", "Capital Lease Obligations": "471,000", "Net Tangible Assets": "-29,240,000", "Working Capital": "34,362,000", "Invested Capital": "45,064,000", "Tangible Book Value": "-29,240,000", "Total Debt": "63,851,000", "Net Debt": "55,628,000", "Share Issued": "1,012,261", "Ordinary Shares Number": "582,320", "Treasury Shares Number": "429,941"}, "12/31/2019": {"Duration": "12/31/2019", "Total Assets": "133,625,000", "Total Liabilities Net Minority Interest": "141,925,000", "Total Equity Gross Minority Interest": "-8,300,000", "Total Capitalization": "11,187,000", "Common Stock Equity": "-8,617,000", "Capital Lease Obligations": "229,000", "Net Tangible Assets": "-20,015,000", "Working Capital": "4,917,000", "Invested Capital": "18,456,000", "Tangible Book Value": "-20,015,000", "Total Debt": "27,302,000", "Net Debt": "17,588,000", "Share Issued": "1,012,261", "Ordinary Shares Number": "562,909", "Treasury Shares Number": "449,352"}, "12/31/2018": {"Duration": "12/31/2018", "Total Assets": "117,359,000", "Total Liabilities Net Minority Interest": "116,949,000", "Total Equity Gross Minority Interest": "410,000", "Total Capitalization": "10,897,000", "Common Stock Equity": "339,000", "Capital Lease Obligations": "156,000", "Net Tangible Assets": "-10,930,000", "Working Capital": "6,240,000", "Invested Capital": "14,030,000", "Tangible Book Value": "-10,930,000", "Total Debt": "13,847,000", "Net Debt": "6,054,000", "Share Issued": "1,012,261", "Ordinary Shares Number": "567,641", "Treasury Shares Number": "444,620"}}, "cf": {"TTM": {"Duration": "TTM", "Operating Cash Flow": "-18,410,000", "Investing Cash Flow": "-18,366,000", "Financing Cash Flow": "34,955,000", "End Cash Position": "7,752,000", "Capital Expenditure": "-1,303,000", "Issuance of Debt": "47,248,000", "Repayment of Debt": "-10,998,000", "Repurchase of Capital Stock": "-", "Free Cash Flow": "-19,713,000"}, "12/31/2020": {"Duration": "12/31/2020", "Operating Cash Flow": "-18,410,000", "Investing Cash Flow": "-18,366,000", "Financing Cash Flow": "34,955,000", "End Cash Position": "7,752,000", "Capital Expenditure": "-1,303,000", "Issuance of Debt": "47,248,000", "Repayment of Debt": "-10,998,000", "Repurchase of Capital Stock": "-", "Free Cash Flow": "-19,713,000"}, "12/31/2019": {"Duration": "12/31/2019", "Operating Cash Flow": "-2,446,000", "Investing Cash Flow": "-1,530,000", "Financing Cash Flow": "5,739,000", "End Cash Position": "9,485,000", "Capital Expenditure": "-1,961,000", "Issuance of Debt": "25,389,000", "Repayment of Debt": "-12,171,000", "Repurchase of Capital Stock": "-2,651,000", "Free Cash Flow": "-4,407,000"}, "12/31/2018": {"Duration": "12/31/2018", "Operating Cash Flow": "15,322,000", "Investing Cash Flow": "-4,621,000", "Financing Cash Flow": "-11,722,000", "End Cash Position": "7,637,000", "Capital Expenditure": "-1,791,000", "Issuance of Debt": "8,548,000", "Repayment of Debt": "-7,183,000", "Repurchase of Capital Stock": "-9,000,000", "Free Cash Flow": "13,531,000"}}}}, {"BWXT": {"quote": {"05/12/2021": {"value": "65.13", "Market Cap": "6.197B", "Beta (5Y Monthly)": "1.01", "PE Ratio (TTM)": "22.85", "EPS (TTM)": "2.85", "Earnings Date": "Aug 02, 2021 - Aug 06, 2021", "Forward Dividend & Yield": "0.84 (1.28%)", "Ex-Dividend Date": "May 18, 2021", "1y Target Est": "74.13"}}, "fin": {"TTM": {"Duration": "TTM", "Total Revenue": "2,123,516", "Cost of Revenue": "1,548,119", "Gross Profit": "575,397", "Operating Expense": "245,358", "Operating Income": "330,039", "Net Non Operating Interest Income Expense": "-30,496", "Other Income Expense": "62,629", "Pretax Income": "362,172", "Tax Provision": "82,976", "Net Income Common Stockholders": "278,670", "Diluted NI Available to Com Stockholders": "278,670", "Basic EPS": "-", "Diluted EPS": "-", "Basic Average Shares": "-", "Diluted Average Shares": "-", "Total Operating Income as Reported": "358,552", "Total Expenses": "1,793,477", "Net Income from Continuing & Discontinued Operation": "278,670", "Normalized Income": "277,621", "Interest Income": "518", "Interest Expense": "31,014", "Net Interest Income": "-30,496", "EBIT": "393,186", "EBITDA": "453,860", "Reconciled Cost of Revenue": "1,548,119", "Reconciled Depreciation": "60,674", "Net Income from Continuing Operation Net Minority Interest": "278,670", "Total Unusual Items Excluding Goodwill": "1,361", "Total Unusual Items": "1,361", "Normalized EBITDA": "452,499", "Tax Rate for Calcs": "0", "Tax Effect of Unusual Items": "311.669"}, "12/31/2020": {"Duration": "12/31/2020", "Total Revenue": "2,123,516", "Cost of Revenue": "1,548,119", "Gross Profit": "575,397", "Operating Expense": "245,358", "Operating Income": "330,039", "Net Non Operating Interest Income Expense": "-30,496", "Other Income Expense": "62,629", "Pretax Income": "362,172", "Tax Provision": "82,976", "Net Income Common Stockholders": "278,670", "Diluted NI Available to Com Stockholders": "278,670", "Basic EPS": "-", "Diluted EPS": "-", "Basic Average Shares": "-", "Diluted Average Shares": "-", "Total Operating Income as Reported": "358,552", "Total Expenses": "1,793,477", "Net Income from Continuing & Discontinued Operation": "278,670", "Normalized Income": "277,621", "Interest Income": "518", "Interest Expense": "31,014", "Net Interest Income": "-30,496", "EBIT": "393,186", "EBITDA": "-", "Reconciled Cost of Revenue": "1,548,119", "Reconciled Depreciation": "60,674", "Net Income from Continuing Operation Net Minority Interest": "278,670", "Total Unusual Items Excluding Goodwill": "1,361", "Total Unusual Items": "1,361", "Normalized EBITDA": "452,499", "Tax Rate for Calcs": "0", "Tax Effect of Unusual Items": "311.669"}, "12/31/2019": {"Duration": "12/31/2019", "Total Revenue": "1,894,920", "Cost of Revenue": "1,361,056", "Gross Profit": "533,864", "Operating Expense": "234,443", "Operating Income": "299,421", "Net Non Operating Interest Income Expense": "-34,378", "Other Income Expense": "48,699", "Pretax Income": "313,742", "Tax Provision": "69,065", "Net Income Common Stockholders": "244,115", "Diluted NI Available to Com Stockholders": "244,115", "Basic EPS": "2.56", "Diluted EPS": "2.55", "Basic Average Shares": "95,377", "Diluted Average Shares": "95,811", "Total Operating Income as Reported": "325,521", "Total Expenses": "1,595,499", "Net Income from Continuing & Discontinued Operation": "244,115", "Normalized Income": "246,318", "Interest Income": "942", "Interest Expense": "35,320", "Net Interest Income": "-34,378", "EBIT": "349,062", "EBITDA": "-", "Reconciled Cost of Revenue": "1,361,056", "Reconciled Depreciation": "61,722", "Net Income from Continuing Operation Net Minority Interest": "244,115", "Total Unusual Items Excluding Goodwill": "-2,824", "Total Unusual Items": "-2,824", "Normalized EBITDA": "413,608", "Tax Rate for Calcs": "0", "Tax Effect of Unusual Items": "-621.28"}, "12/31/2018": {"Duration": "12/31/2018", "Total Revenue": "1,799,889", "Cost of Revenue": "1,295,876", "Gross Profit": "504,013", "Operating Expense": "229,315", "Operating Income": "274,698", "Net Non Operating Interest Income Expense": "-25,344", "Other Income Expense": "30,791", "Pretax Income": "280,145", "Tax Provision": "52,840", "Net Income Common Stockholders": "226,958", "Diluted NI Available to Com Stockholders": "226,958", "Basic EPS": "2.29", "Diluted EPS": "2.27", "Basic Average Shares": "99,062", "Diluted Average Shares": "100,019", "Total Operating Income as Reported": "304,977", "Total Expenses": "1,525,191", "Net Income from Continuing & Discontinued Operation": "226,958", "Normalized Income": "227,010", "Interest Income": "2,479", "Interest Expense": "27,823", "Net Interest Income": "-25,344", "EBIT": "307,968", "EBITDA": "-", "Reconciled Cost of Revenue": "1,295,876", "Reconciled Depreciation": "60,097", "Net Income from Continuing Operation Net Minority Interest": "226,958", "Total Unusual Items Excluding Goodwill": "-64", "Total Unusual Items": "-64", "Normalized EBITDA": "368,129", "Tax Rate for Calcs": "0", "Tax Effect of Unusual Items": "-12.096"}}, "bs": {"12/31/2020": {"Duration": "12/31/2020", "Total Assets": "2,293,503", "Total Liabilities Net Minority Interest": "1,675,735", "Total Equity Gross Minority Interest": "617,768", "Total Capitalization": "1,480,497", "Common Stock Equity": "617,766", "Net Tangible Assets": "141,307", "Working Capital": "243,871", "Invested Capital": "1,569,191", "Tangible Book Value": "141,307", "Total Debt": "951,425", "Net Debt": "908,815", "Share Issued": "127,010", "Ordinary Shares Number": "95,311", "Treasury Shares Number": "31,699"}, "12/31/2019": {"Duration": "12/31/2019", "Total Assets": "1,908,913", "Total Liabilities Net Minority Interest": "1,504,801", "Total Equity Gross Minority Interest": "404,112", "Total Capitalization": "1,213,548", "Common Stock Equity": "404,106", "Net Tangible Assets": "-62,788", "Working Capital": "225,046", "Invested Capital": "1,228,259", "Tangible Book Value": "-62,788", "Total Debt": "824,153", "Net Debt": "737,613", "Share Issued": "126,579", "Ordinary Shares Number": "95,313", "Treasury Shares Number": "31,267"}, "12/31/2018": {"Duration": "12/31/2018", "Total Assets": "1,655,096", "Total Liabilities Net Minority Interest": "1,419,395", "Total Equity Gross Minority Interest": "235,701", "Total Capitalization": "989,279", "Common Stock Equity": "235,662", "Net Tangible Assets": "-267,096", "Working Capital": "165,100", "Invested Capital": "1,003,506", "Tangible Book Value": "-267,096", "Total Debt": "767,844", "Net Debt": "737,973", "Share Issued": "125,872", "Ordinary Shares Number": "95,247", "Treasury Shares Number": "30,625"}}, "cf": {"TTM": {"Duration": "TTM", "Operating Cash Flow": "196,442", "Investing Cash Flow": "-265,319", "Financing Cash Flow": "25,046", "End Cash Position": "48,298", "Income Tax Paid Supplemental Data": "73,589", "Interest Paid Supplemental Data": "38,267", "Capital Expenditure": "-255,027", "Issuance of Debt": "844,500", "Repayment of Debt": "-794,676", "Repurchase of Capital Stock": "-27,209", "Free Cash Flow": "-58,585"}, "12/31/2020": {"Duration": "12/31/2020", "Operating Cash Flow": "196,442", "Investing Cash Flow": "-265,319", "Financing Cash Flow": "25,046", "End Cash Position": "48,298", "Income Tax Paid Supplemental Data": "73,589", "Interest Paid Supplemental Data": "38,267", "Capital Expenditure": "-255,027", "Issuance of Debt": "844,500", "Repayment of Debt": "-794,676", "Repurchase of Capital Stock": "-27,209", "Free Cash Flow": "-58,585"}, "12/31/2019": {"Duration": "12/31/2019", "Operating Cash Flow": "279,368", "Investing Cash Flow": "-179,995", "Financing Cash Flow": "-43,713", "End Cash Position": "92,400", "Income Tax Paid Supplemental Data": "70,056", "Interest Paid Supplemental Data": "39,670", "Capital Expenditure": "-182,124", "Issuance of Debt": "699,600", "Repayment of Debt": "-654,095", "Repurchase of Capital Stock": "-29,190", "Free Cash Flow": "97,244"}, "12/31/2018": {"Duration": "12/31/2018", "Operating Cash Flow": "169,290", "Investing Cash Flow": "-326,724", "Financing Cash Flow": "-9,323", "End Cash Position": "36,408", "Income Tax Paid Supplemental Data": "58,715", "Interest Paid Supplemental Data": "16,993", "Capital Expenditure": "-109,338", "Issuance of Debt": "1,158,800", "Repayment of Debt": "-876,206", "Repurchase of Capital Stock": "-221,555", "Free Cash Flow": "59,952"}}}}, {"LMT": {"quote": {"05/12/2021": {"value": "387.82", "Market Cap": "107.788B", "Beta (5Y Monthly)": "0.98", "PE Ratio (TTM)": "15.65", "EPS (TTM)": "24.78", "Earnings Date": "Jul 19, 2021 - Jul 23, 2021", "Forward Dividend & Yield": "10.40 (2.68%)", "Ex-Dividend Date": "May 28, 2021", "1y Target Est": "428.12"}}, "fin": {"TTM": {"Duration": "TTM", "Total Revenue": "66,005,000", "Cost of Revenue": "57,220,000", "Gross Profit": "8,785,000", "Operating Expense": "-", "Operating Income": "8,775,000", "Net Non Operating Interest Income Expense": "-583,000", "Other Income Expense": "224,000", "Pretax Income": "8,416,000", "Tax Provision": "1,408,000", "Net Income Common Stockholders": "6,953,000", "Diluted NI Available to Com Stockholders": "6,953,000", "Basic EPS": "-", "Diluted EPS": "-", "Basic Average Shares": "-", "Diluted Average Shares": "-", "Total Operating Income as Reported": "8,704,000", "Total Expenses": "57,230,000", "Net Income from Continuing & Discontinued Operation": "6,953,000", "Normalized Income": "7,037,977", "Interest Expense": "583,000", "Net Interest Income": "-583,000", "EBIT": "8,999,000", "EBITDA": "10,324,000", "Reconciled Cost of Revenue": "57,220,000", "Reconciled Depreciation": "1,325,000", "Net Income from Continuing Operation Net Minority Interest": "7,008,000", "Total Unusual Items Excluding Goodwill": "-36,000", "Total Unusual Items": "-36,000", "Normalized EBITDA": "10,360,000", "Tax Rate for Calcs": "0", "Tax Effect of Unusual Items": "-6,023"}, "12/31/2020": {"Duration": "12/31/2020", "Total Revenue": "65,398,000", "Cost of Revenue": "56,744,000", "Gross Profit": "8,654,000", "Operating Expense": "10,000", "Operating Income": "8,644,000", "Net Non Operating Interest Income Expense": "-591,000", "Other Income Expense": "182,000", "Pretax Income": "8,235,000", "Tax Provision": "1,347,000", "Net Income Common Stockholders": "6,833,000", "Diluted NI Available to Com Stockholders": "6,833,000", "Basic EPS": "24.40", "Diluted EPS": "24.30", "Basic Average Shares": "280,000", "Diluted Average Shares": "281,200", "Total Operating Income as Reported": "8,644,000", "Total Expenses": "56,754,000", "Net Income from Continuing & Discontinued Operation": "6,833,000", "Normalized Income": "6,888,000", "Interest Expense": "591,000", "Net Interest Income": "-591,000", "EBIT": "8,826,000", "EBITDA": "-", "Reconciled Cost of Revenue": "56,744,000", "Reconciled Depreciation": "1,290,000", "Net Income from Continuing Operation Net Minority Interest": "6,888,000", "Total Unusual Items Excluding Goodwill": "-", "Total Unusual Items": "-", "Normalized EBITDA": "10,116,000", "Tax Rate for Calcs": "0", "Tax Effect of Unusual Items": "0"}, "12/31/2019": {"Duration": "12/31/2019", "Total Revenue": "59,812,000", "Cost of Revenue": "51,445,000", "Gross Profit": "8,367,000", "Operating Expense": "-178,000", "Operating Income": "8,367,000", "Net Non Operating Interest Income Expense": "-653,000", "Other Income Expense": "-473,000", "Pretax Income": "7,241,000", "Tax Provision": "1,011,000", "Net Income Common Stockholders": "6,230,000", "Diluted NI Available to Com Stockholders": "6,230,000", "Basic EPS": "22.09", "Diluted EPS": "21.95", "Basic Average Shares": "282,000", "Diluted Average Shares": "283,800", "Total Operating Income as Reported": "8,545,000", "Total Expenses": "51,445,000", "Net Income from Continuing & Discontinued Operation": "6,230,000", "Normalized Income": "6,230,000", "Interest Expense": "653,000", "Net Interest Income": "-653,000", "EBIT": "7,894,000", "EBITDA": "-", "Reconciled Cost of Revenue": "51,445,000", "Reconciled Depreciation": "1,189,000", "Net Income from Continuing Operation Net Minority Interest": "6,230,000", "Total Unusual Items Excluding Goodwill": "0", "Total Unusual Items": "0", "Normalized EBITDA": "9,083,000", "Tax Rate for Calcs": "0", "Tax Effect of Unusual Items": "0"}, "12/31/2018": {"Duration": "12/31/2018", "Total Revenue": "53,762,000", "Cost of Revenue": "46,392,000", "Gross Profit": "7,370,000", "Operating Expense": "-60,000", "Operating Income": "7,370,000", "Net Non Operating Interest Income Expense": "-668,000", "Other Income Expense": "-864,000", "Pretax Income": "5,838,000", "Tax Provision": "792,000", "Net Income Common Stockholders": "5,046,000", "Diluted NI Available to Com Stockholders": "5,046,000", "Basic EPS": "17.74", "Diluted EPS": "17.59", "Basic Average Shares": "284,500", "Diluted Average Shares": "286,800", "Total Operating Income as Reported": "7,334,000", "Total Expenses": "46,392,000", "Net Income from Continuing & Discontinued Operation": "5,046,000", "Normalized Income": "5,128,944", "Interest Expense": "668,000", "Net Interest Income": "-668,000", "EBIT": "6,506,000", "EBITDA": "-", "Reconciled Cost of Revenue": "46,392,000", "Reconciled Depreciation": "1,161,000", "Net Income from Continuing Operation Net Minority Interest": "5,046,000", "Total Unusual Items Excluding Goodwill": "-96,000", "Total Unusual Items": "-96,000", "Normalized EBITDA": "7,763,000", "Tax Rate for Calcs": "0", "Tax Effect of Unusual Items": "-13,056"}}, "bs": {"12/31/2020": {"Duration": "12/31/2020", "Total Assets": "50,710,000", "Total Liabilities Net Minority Interest": "44,672,000", "Total Equity Gross Minority Interest": "6,038,000", "Total Capitalization": "17,684,000", "Common Stock Equity": "6,015,000", "Net Tangible Assets": "-7,803,000", "Working Capital": "5,445,000", "Invested Capital": "18,184,000", "Tangible Book Value": "-7,803,000", "Total Debt": "12,169,000", "Net Debt": "9,009,000", "Share Issued": "280,000", "Ordinary Shares Number": "280,000"}, "12/31/2019": {"Duration": "12/31/2019", "Total Assets": "47,528,000", "Total Liabilities Net Minority Interest": "44,357,000", "Total Equity Gross Minority Interest": "3,171,000", "Total Capitalization": "14,531,000", "Common Stock Equity": "3,127,000", "Net Tangible Assets": "-10,690,000", "Working Capital": "3,123,000", "Invested Capital": "15,781,000", "Tangible Book Value": "-10,690,000", "Total Debt": "12,654,000", "Net Debt": "11,140,000", "Share Issued": "281,000", "Ordinary Shares Number": "281,000"}, "12/31/2018": {"Duration": "12/31/2018", "Total Assets": "44,876,000", "Total Liabilities Net Minority Interest": "43,427,000", "Total Equity Gross Minority Interest": "1,449,000", "Total Capitalization": "13,998,000", "Common Stock Equity": "1,394,000", "Net Tangible Assets": "-12,869,000", "Working Capital": "1,705,000", "Invested Capital": "15,498,000", "Tangible Book Value": "-12,869,000", "Total Debt": "14,104,000", "Net Debt": "13,332,000", "Share Issued": "281,000", "Ordinary Shares Number": "281,000"}}, "cf": {"TTM": {"Duration": "TTM", "Operating Cash Flow": "7,617,000", "Investing Cash Flow": "-1,884,000", "Financing Cash Flow": "-4,788,000", "End Cash Position": "2,933,000", "Capital Expenditure": "-1,754,000", "Issuance of Debt": "-", "Repayment of Debt": "-", "Repurchase of Capital Stock": "-1,344,000", "Free Cash Flow": "5,863,000"}, "12/31/2020": {"Duration": "12/31/2020", "Operating Cash Flow": "8,183,000", "Investing Cash Flow": "-2,010,000", "Financing Cash Flow": "-4,527,000", "End Cash Position": "3,160,000", "Capital Expenditure": "-1,766,000", "Issuance of Debt": "1,131,000", "Repayment of Debt": "-1,650,000", "Repurchase of Capital Stock": "-1,100,000", "Free Cash Flow": "6,417,000"}, "12/31/2019": {"Duration": "12/31/2019", "Operating Cash Flow": "7,311,000", "Investing Cash Flow": "-1,241,000", "Financing Cash Flow": "-5,328,000", "End Cash Position": "1,514,000", "Capital Expenditure": "-1,484,000", "Issuance of Debt": "-", "Repayment of Debt": "-1,500,000", "Repurchase of Capital Stock": "-1,200,000", "Free Cash Flow": "5,827,000"}, "12/31/2018": {"Duration": "12/31/2018", "Operating Cash Flow": "3,138,000", "Investing Cash Flow": "-1,075,000", "Financing Cash Flow": "-4,152,000", "End Cash Position": "772,000", "Capital Expenditure": "-1,278,000", "Issuance of Debt": "600,000", "Repayment of Debt": "-750,000", "Repurchase of Capital Stock": "-1,492,000", "Free Cash Flow": "1,860,000"}}}}, {"GD": {"quote": {"05/12/2021": {"value": "191.54", "Market Cap": "54.831B", "Beta (5Y Monthly)": "N/A", "PE Ratio (TTM)": "17.41", "EPS (TTM)": "N/A", "Earnings Date": "Jul 27, 2021 - Aug 02, 2021", "Forward Dividend & Yield": "N/A (N/A)", "Ex-Dividend Date": "N/A", "1y Target Est": "193.41"}}, "fin": {"TTM": {"Duration": "TTM", "Total Revenue": "37,925,000", "Cost of Revenue": "31,600,000", "Gross Profit": "6,325,000", "Operating Expense": "2,192,000", "Operating Income": "4,133,000", "Net Non Operating Interest Income Expense": "-477,000", "Other Income Expense": "82,000", "Pretax Income": "3,738,000", "Tax Provision": "571,000", "Net Income Common Stockholders": "3,167,000", "Diluted NI Available to Com Stockholders": "3,167,000", "Basic EPS": "-", "Diluted EPS": "-", "Basic Average Shares": "-", "Diluted Average Shares": "-", "Total Operating Income as Reported": "4,133,000", "Total Expenses": "33,792,000", "Net Income from Continuing & Discontinued Operation": "3,167,000", "Normalized Income": "3,167,000", "Interest Income": "12,000", "Interest Expense": "489,000", "Net Interest Income": "-477,000", "EBIT": "4,227,000", "EBITDA": "5,105,000", "Reconciled Cost of Revenue": "31,600,000", "Reconciled Depreciation": "878,000", "Net Income from Continuing Operation Net Minority Interest": "3,167,000", "Normalized EBITDA": "5,105,000", "Tax Rate for Calcs": "0", "Tax Effect of Unusual Items": "0"}, "12/31/2020": {"Duration": "12/31/2020", "Total Revenue": "37,925,000", "Cost of Revenue": "31,600,000", "Gross Profit": "6,325,000", "Operating Expense": "2,192,000", "Operating Income": "4,133,000", "Net Non Operating Interest Income Expense": "-477,000", "Other Income Expense": "82,000", "Pretax Income": "3,738,000", "Tax Provision": "571,000", "Net Income Common Stockholders": "3,167,000", "Diluted NI Available to Com Stockholders": "3,167,000", "Basic EPS": "-", "Diluted EPS": "-", "Basic Average Shares": "-", "Diluted Average Shares": "-", "Total Operating Income as Reported": "4,133,000", "Total Expenses": "33,792,000", "Net Income from Continuing & Discontinued Operation": "3,167,000", "Normalized Income": "3,167,000", "Interest Income": "12,000", "Interest Expense": "489,000", "Net Interest Income": "-477,000", "EBIT": "4,227,000", "EBITDA": "-", "Reconciled Cost of Revenue": "31,600,000", "Reconciled Depreciation": "878,000", "Net Income from Continuing Operation Net Minority Interest": "3,167,000", "Normalized EBITDA": "5,105,000", "Tax Rate for Calcs": "0", "Tax Effect of Unusual Items": "0"}, "12/31/2019": {"Duration": "12/31/2019", "Total Revenue": "39,350,000", "Cost of Revenue": "32,291,000", "Gross Profit": "7,059,000", "Operating Expense": "2,411,000", "Operating Income": "4,648,000", "Net Non Operating Interest Income Expense": "-460,000", "Other Income Expense": "14,000", "Pretax Income": "4,202,000", "Tax Provision": "718,000", "Net Income Common Stockholders": "3,484,000", "Diluted NI Available to Com Stockholders": "3,484,000", "Basic EPS": "12.09", "Diluted EPS": "11.98", "Basic Average Shares": "288,300", "Diluted Average Shares": "290,800", "Total Operating Income as Reported": "4,648,000", "Total Expenses": "34,702,000", "Net Income from Continuing & Discontinued Operation": "3,484,000", "Normalized Income": "3,484,000", "Interest Income": "12,000", "Interest Expense": "472,000", "Net Interest Income": "-460,000", "EBIT": "4,674,000", "EBITDA": "-", "Reconciled Cost of Revenue": "32,291,000", "Reconciled Depreciation": "829,000", "Net Income from Continuing Operation Net Minority Interest": "3,484,000", "Normalized EBITDA": "5,503,000", "Tax Rate for Calcs": "0", "Tax Effect of Unusual Items": "0"}, "12/31/2018": {"Duration": "12/31/2018", "Total Revenue": "36,193,000", "Cost of Revenue": "29,478,000", "Gross Profit": "6,715,000", "Operating Expense": "2,258,000", "Operating Income": "4,457,000", "Net Non Operating Interest Income Expense": "-356,000", "Other Income Expense": "-16,000", "Pretax Income": "4,085,000", "Tax Provision": "727,000", "Net Income Common Stockholders": "3,345,000", "Diluted NI Available to Com Stockholders": "3,345,000", "Basic EPS": "11.33", "Diluted EPS": "11.18", "Basic Average Shares": "295,300", "Diluted Average Shares": "299,200", "Total Operating Income as Reported": "4,457,000", "Total Expenses": "31,736,000", "Net Income from Continuing & Discontinued Operation": "3,345,000", "Normalized Income": "3,358,000", "Interest Income": "18,000", "Interest Expense": "374,000", "Net Interest Income": "-356,000", "EBIT": "4,459,000", "EBITDA": "-", "Reconciled Cost of Revenue": "29,478,000", "Reconciled Depreciation": "763,000", "Net Income from Continuing Operation Net Minority Interest": "3,358,000", "Normalized EBITDA": "5,222,000", "Tax Rate for Calcs": "0", "Tax Effect of Unusual Items": "0"}}, "bs": {"12/31/2020": {"Duration": "12/31/2020", "Total Assets": "51,308,000", "Total Liabilities Net Minority Interest": "35,647,000", "Total Equity Gross Minority Interest": "15,661,000", "Total Capitalization": "25,656,000", "Common Stock Equity": "15,661,000", "Capital Lease Obligations": "1,411,000", "Net Tangible Assets": "-6,509,000", "Working Capital": "5,579,000", "Invested Capital": "28,659,000", "Tangible Book Value": "-6,509,000", "Total Debt": "14,409,000", "Net Debt": "10,174,000", "Share Issued": "481,881", "Ordinary Shares Number": "286,478", "Treasury Shares Number": "195,403"}, "12/31/2019": {"Duration": "12/31/2019", "Total Assets": "48,841,000", "Total Liabilities Net Minority Interest": "35,264,000", "Total Equity Gross Minority Interest": "13,577,000", "Total Capitalization": "22,587,000", "Common Stock Equity": "13,577,000", "Capital Lease Obligations": "1,503,000", "Net Tangible Assets": "-8,415,000", "Working Capital": "2,979,000", "Invested Capital": "25,507,000", "Tangible Book Value": "-8,415,000", "Total Debt": "13,433,000", "Net Debt": "11,028,000", "Share Issued": "481,881", "Ordinary Shares Number": "289,610", "Treasury Shares Number": "192,270"}, "12/31/2018": {"Duration": "12/31/2018", "Total Assets": "45,408,000", "Total Liabilities Net Minority Interest": "33,676,000", "Total Equity Gross Minority Interest": "11,732,000", "Total Capitalization": "23,176,000", "Common Stock Equity": "11,732,000", "Capital Lease Obligations": "-", "Net Tangible Assets": "-10,447,000", "Working Capital": "3,450,000", "Invested Capital": "24,149,000", "Tangible Book Value": "-10,447,000", "Total Debt": "12,417,000", "Net Debt": "11,454,000", "Share Issued": "481,881", "Ordinary Shares Number": "288,698", "Treasury Shares Number": "193,182"}}, "cf": {"TTM": {"Duration": "TTM", "Operating Cash Flow": "3,858,000", "Investing Cash Flow": "-974,000", "Financing Cash Flow": "-903,000", "Cash Flow from Discontinued Operation": "-59,000", "End Cash Position": "2,824,000", "Capital Expenditure": "-967,000", "Issuance of Debt": "4,380,000", "Repayment of Debt": "-3,361,000", "Repurchase of Capital Stock": "-587,000", "Free Cash Flow": "2,891,000"}, "12/31/2020": {"Duration": "12/31/2020", "Operating Cash Flow": "3,858,000", "Investing Cash Flow": "-974,000", "Financing Cash Flow": "-903,000", "Cash Flow from Discontinued Operation": "-59,000", "End Cash Position": "2,824,000", "Capital Expenditure": "-967,000", "Issuance of Debt": "4,380,000", "Repayment of Debt": "-3,361,000", "Repurchase of Capital Stock": "-587,000", "Free Cash Flow": "2,891,000"}, "12/31/2019": {"Duration": "12/31/2019", "Operating Cash Flow": "2,981,000", "Investing Cash Flow": "-994,000", "Financing Cash Flow": "-1,997,000", "Cash Flow from Discontinued Operation": "-51,000", "End Cash Position": "902,000", "Capital Expenditure": "-987,000", "Issuance of Debt": "0", "Repayment of Debt": "-850,000", "Repurchase of Capital Stock": "-231,000", "Free Cash Flow": "1,994,000"}, "12/31/2018": {"Duration": "12/31/2018", "Operating Cash Flow": "3,148,000", "Investing Cash Flow": "-10,234,000", "Financing Cash Flow": "5,086,000", "Cash Flow from Discontinued Operation": "-20,000", "End Cash Position": "963,000", "Capital Expenditure": "-690,000", "Issuance of Debt": "8,312,000", "Repayment of Debt": "0", "Repurchase of Capital Stock": "-1,769,000", "Free Cash Flow": "2,458,000"}}}}, {"RGR": {"quote": {"05/12/2021": {"value": "72.53", "Market Cap": "1.275B", "Beta (5Y Monthly)": "0.36", "PE Ratio (TTM)": "11.38", "EPS (TTM)": "6.38", "Earnings Date": "Jul 27, 2021 - Aug 02, 2021", "Forward Dividend & Yield": "3.44 (4.74%)", "Ex-Dividend Date": "May 14, 2021", "1y Target Est": "85.00"}}, "fin": {"TTM": {"Duration": "TTM", "Total Revenue": "568,868", "Cost of Revenue": "377,427", "Gross Profit": "191,441", "Operating Expense": "72,345", "Operating Income": "119,096", "Net Non Operating Interest Income Expense": "935", "Other Income Expense": "950", "Pretax Income": "120,981", "Tax Provision": "30,583", "Net Income Common Stockholders": "90,398", "Diluted NI Available to Com Stockholders": "90,398", "Basic EPS": "-", "Diluted EPS": "-", "Basic Average Shares": "-", "Diluted Average Shares": "-", "Total Operating Income as Reported": "119,148", "Total Expenses": "449,772", "Net Income from Continuing & Discontinued Operation": "90,398", "Normalized Income": "90,359", "Interest Income": "1,126", "Interest Expense": "191", "Net Interest Income": "935", "EBIT": "121,172", "EBITDA": "148,748", "Reconciled Cost of Revenue": "377,427", "Reconciled Depreciation": "27,576", "Net Income from Continuing Operation Net Minority Interest": "90,398", "Total Unusual Items Excluding Goodwill": "52", "Total Unusual Items": "52", "Normalized EBITDA": "148,696", "Tax Rate for Calcs": "0", "Tax Effect of Unusual Items": "13.156"}, "12/31/2020": {"Duration": "12/31/2020", "Total Revenue": "568,868", "Cost of Revenue": "377,427", "Gross Profit": "191,441", "Operating Expense": "72,345", "Operating Income": "119,096", "Net Non Operating Interest Income Expense": "935", "Other Income Expense": "950", "Pretax Income": "120,981", "Tax Provision": "30,583", "Net Income Common Stockholders": "90,398", "Diluted NI Available to Com Stockholders": "90,398", "Basic EPS": "-", "Diluted EPS": "-", "Basic Average Shares": "-", "Diluted Average Shares": "-", "Total Operating Income as Reported": "119,148", "Total Expenses": "449,772", "Net Income from Continuing & Discontinued Operation": "90,398", "Normalized Income": "90,359", "Interest Income": "1,126", "Interest Expense": "191", "Net Interest Income": "935", "EBIT": "121,172", "EBITDA": "-", "Reconciled Cost of Revenue": "377,427", "Reconciled Depreciation": "27,576", "Net Income from Continuing Operation Net Minority Interest": "90,398", "Total Unusual Items Excluding Goodwill": "52", "Total Unusual Items": "52", "Normalized EBITDA": "148,696", "Tax Rate for Calcs": "0", "Tax Effect of Unusual Items": "13.156"}, "12/31/2019": {"Duration": "12/31/2019", "Total Revenue": "410,506", "Cost of Revenue": "310,958", "Gross Profit": "99,548", "Operating Expense": "60,119", "Operating Income": "39,429", "Net Non Operating Interest Income Expense": "2,402", "Other Income Expense": "1,196", "Pretax Income": "43,027", "Tax Provision": "10,736", "Net Income Common Stockholders": "32,291", "Diluted NI Available to Com Stockholders": "32,291", "Basic EPS": "1.85", "Diluted EPS": "1.82", "Basic Average Shares": "17,455", "Diluted Average Shares": "17,742", "Total Operating Income as Reported": "39,375", "Total Expenses": "371,077", "Net Income from Continuing & Discontinued Operation": "32,291", "Normalized Income": "32,332", "Interest Income": "2,594", "Interest Expense": "192", "Net Interest Income": "2,402", "EBIT": "43,219", "EBITDA": "-", "Reconciled Cost of Revenue": "310,958", "Reconciled Depreciation": "29,331", "Net Income from Continuing Operation Net Minority Interest": "32,291", "Total Unusual Items Excluding Goodwill": "-54", "Total Unusual Items": "-54", "Normalized EBITDA": "72,604", "Tax Rate for Calcs": "0", "Tax Effect of Unusual Items": "-13.5"}, "12/31/2018": {"Duration": "12/31/2018", "Total Revenue": "495,635", "Cost of Revenue": "361,277", "Gross Profit": "134,358", "Operating Expense": "67,359", "Operating Income": "66,999", "Net Non Operating Interest Income Expense": "-119", "Other Income Expense": "1,834", "Pretax Income": "68,714", "Tax Provision": "17,781", "Net Income Common Stockholders": "50,933", "Diluted NI Available to Com Stockholders": "50,933", "Basic EPS": "2.92", "Diluted EPS": "2.88", "Basic Average Shares": "17,443", "Diluted Average Shares": "17,685", "Total Operating Income as Reported": "67,009", "Total Expenses": "428,636", "Net Income from Continuing & Discontinued Operation": "50,933", "Normalized Income": "50,926", "Interest Income": "211", "Interest Expense": "330", "Net Interest Income": "-119", "EBIT": "69,044", "EBITDA": "-", "Reconciled Cost of Revenue": "361,277", "Reconciled Depreciation": "31,972", "Net Income from Continuing Operation Net Minority Interest": "50,933", "Total Unusual Items Excluding Goodwill": "10", "Total Unusual Items": "10", "Normalized EBITDA": "101,006", "Tax Rate for Calcs": "0", "Tax Effect of Unusual Items": "2.59"}}, "bs": {"12/31/2020": {"Duration": "12/31/2020", "Total Assets": "348,258", "Total Liabilities Net Minority Interest": "83,559", "Total Equity Gross Minority Interest": "264,699", "Total Capitalization": "264,699", "Common Stock Equity": "264,699", "Capital Lease Obligations": "1,724", "Net Tangible Assets": "252,111", "Working Capital": "152,612", "Invested Capital": "264,699", "Tangible Book Value": "252,111", "Total Debt": "1,724", "Share Issued": "24,206", "Ordinary Shares Number": "17,496", "Treasury Shares Number": "6,710"}, "12/31/2019": {"Duration": "12/31/2019", "Total Assets": "348,961", "Total Liabilities Net Minority Interest": "63,503", "Total Equity Gross Minority Interest": "285,458", "Total Capitalization": "285,458", "Common Stock Equity": "285,458", "Capital Lease Obligations": "2,176", "Net Tangible Assets": "283,057", "Working Capital": "188,072", "Invested Capital": "285,458", "Tangible Book Value": "283,057", "Total Debt": "2,176", "Share Issued": "24,160", "Ordinary Shares Number": "17,451", "Treasury Shares Number": "6,710"}, "12/31/2018": {"Duration": "12/31/2018", "Total Assets": "335,532", "Total Liabilities Net Minority Interest": "71,290", "Total Equity Gross Minority Interest": "264,242", "Total Capitalization": "264,242", "Common Stock Equity": "264,242", "Capital Lease Obligations": "-", "Net Tangible Assets": "261,778", "Working Capital": "160,998", "Invested Capital": "264,242", "Tangible Book Value": "261,778", "Total Debt": "-", "Share Issued": "24,123", "Ordinary Shares Number": "17,458", "Treasury Shares Number": "6,665"}}, "cf": {"TTM": {"Duration": "TTM", "Operating Cash Flow": "143,806", "Investing Cash Flow": "-43,886", "Financing Cash Flow": "-115,193", "End Cash Position": "20,147", "Capital Expenditure": "-24,229", "Repurchase of Capital Stock": "0", "Free Cash Flow": "119,577"}, "12/31/2020": {"Duration": "12/31/2020", "Operating Cash Flow": "143,806", "Investing Cash Flow": "-43,886", "Financing Cash Flow": "-115,193", "End Cash Position": "20,147", "Capital Expenditure": "-24,229", "Repurchase of Capital Stock": "0", "Free Cash Flow": "119,577"}, "12/31/2019": {"Duration": "12/31/2019", "Operating Cash Flow": "49,587", "Investing Cash Flow": "-35,444", "Financing Cash Flow": "-17,215", "End Cash Position": "35,420", "Capital Expenditure": "-20,296", "Repurchase of Capital Stock": "-1,995", "Free Cash Flow": "29,291"}, "12/31/2018": {"Duration": "12/31/2018", "Operating Cash Flow": "119,812", "Investing Cash Flow": "-124,790", "Financing Cash Flow": "-20,017", "End Cash Position": "38,492", "Capital Expenditure": "-10,541", "Repurchase of Capital Stock": "0", "Free Cash Flow": "109,271"}}}}, {"COL": {"quote": {"03/26/2021": {"value": "", "Net Assets": "N/A", "Beta (5Y Monthly)": "N/A", "Yield": "N/A", "5y Average Return": "N/A", "Holdings Turnover": "N/A", "Last Dividend": "N/A", "Average for Category": "N/A", "Inception Date": "N/A"}}, "fin": {}, "bs": {}, "cf": {}}}, {"CAE": {"quote": {"03/26/2021": {"value": "28.17", "Market Cap": "8.297B", "Beta (5Y Monthly)": "2.11", "PE Ratio (TTM)": "908.71", "EPS (TTM)": "0.03", "Earnings Date": "Aug 10, 2016 - Aug 15, 2016", "Forward Dividend & Yield": "N/A (N/A)", "Ex-Dividend Date": "Mar 12, 2020", "1y Target Est": "19.03"}}, "fin": {"TTM": {"Duration": "TTM", "Total Revenue": "3,064,900", "Cost of Revenue": "2,225,300", "Gross Profit": "839,600", "Operating Expense": "523,800", "Operating Income": "315,800", "Net Non Operating Interest Income Expense": "-142,100", "Other Income Expense": "-168,500", "Pretax Income": "5,200", "Tax Provision": "-9,600", "Net Income Common Stockholders": "11,400", "Diluted NI Available to Com Stockholders": "11,400", "Basic EPS": "-", "Diluted EPS": "-", "Basic Average Shares": "-", "Diluted Average Shares": "-", "Total Operating Income as Reported": "147,300", "Total Expenses": "2,749,100", "Net Income from Continuing & Discontinued Operation": "11,400", "Normalized Income": "81,887", "Interest Income": "-", "Interest Expense": "122,500", "Net Interest Income": "-142,100", "EBIT": "127,700", "EBITDA": "447,200", "Reconciled Cost of Revenue": "2,225,300", "Reconciled Depreciation": "319,500", "Net Income from Continuing Operation Net Minority Interest": "11,400", "Total Unusual Items Excluding Goodwill": "-95,900", "Total Unusual Items": "-95,900", "Normalized EBITDA": "543,100", "Tax Rate for Calcs": "0", "Tax Effect of Unusual Items": "-25,413"}, "3/31/2020": {"Duration": "3/31/2020", "Total Revenue": "3,623,200", "Cost of Revenue": "2,539,600", "Gross Profit": "1,083,600", "Operating Expense": "585,100", "Operating Income": "498,500", "Net Non Operating Interest Income Expense": "-144,400", "Other Income Expense": "38,600", "Pretax Income": "392,700", "Tax Provision": "73,800", "Net Income Common Stockholders": "311,400", "Diluted NI Available to Com Stockholders": "311,400", "Basic EPS": "1.17", "Diluted EPS": "1.16", "Basic Average Shares": "265,951", "Diluted Average Shares": "267,595", "Total Operating Income as Reported": "537,100", "Total Expenses": "3,124,700", "Net Income from Continuing & Discontinued Operation": "311,400", "Normalized Income": "302,409", "Interest Income": "8,300", "Interest Expense": "124,800", "Net Interest Income": "-144,400", "EBIT": "517,500", "EBITDA": "-", "Reconciled Cost of Revenue": "2,539,600", "Reconciled Depreciation": "305,400", "Net Income from Continuing Operation Net Minority Interest": "311,400", "Total Unusual Items Excluding Goodwill": "11,100", "Total Unusual Items": "11,100", "Normalized EBITDA": "811,800", "Tax Rate for Calcs": "0", "Tax Effect of Unusual Items": "2,109"}, "3/31/2019": {"Duration": "3/31/2019", "Total Revenue": "3,304,100", "Cost of Revenue": "2,362,600", "Gross Profit": "941,500", "Operating Expense": "524,000", "Operating Income": "417,500", "Net Non Operating Interest Income Expense": "-80,900", "Other Income Expense": "63,100", "Pretax Income": "399,700", "Tax Provision": "59,600", "Net Income Common Stockholders": "330,000", "Diluted NI Available to Com Stockholders": "330,000", "Basic EPS": "1.24", "Diluted EPS": "1.23", "Basic Average Shares": "266,580", "Diluted Average Shares": "267,974", "Total Operating Income as Reported": "480,600", "Total Expenses": "2,886,600", "Net Income from Continuing & Discontinued Operation": "330,000", "Normalized Income": "307,877", "Interest Income": "8,500", "Interest Expense": "65,700", "Net Interest Income": "-80,900", "EBIT": "465,400", "EBITDA": "-", "Reconciled Cost of Revenue": "2,362,600", "Reconciled Depreciation": "217,200", "Net Income from Continuing Operation Net Minority Interest": "330,000", "Total Unusual Items Excluding Goodwill": "26,000", "Total Unusual Items": "26,000", "Normalized EBITDA": "656,600", "Tax Rate for Calcs": "0", "Tax Effect of Unusual Items": "3,877"}}, "bs": {"3/31/2020": {"Duration": "3/31/2020", "Total Assets": "8,483,600", "Total Liabilities Net Minority Interest": "5,905,300", "Total Equity Gross Minority Interest": "2,578,300", "Total Capitalization": "5,220,600", "Common Stock Equity": "2,489,700", "Capital Lease Obligations": "487,800", "Net Tangible Assets": "433,200", "Working Capital": "746,300", "Invested Capital": "5,314,100", "Tangible Book Value": "433,200", "Total Debt": "3,312,200", "Net Debt": "1,877,900", "Share Issued": "265,620", "Ordinary Shares Number": "265,620"}, "3/31/2019": {"Duration": "3/31/2019", "Total Assets": "7,165,500", "Total Liabilities Net Minority Interest": "4,755,500", "Total Equity Gross Minority Interest": "2,410,000", "Total Capitalization": "4,395,500", "Common Stock Equity": "2,331,300", "Capital Lease Obligations": "62,800", "Net Tangible Assets": "303,400", "Working Capital": "223,400", "Invested Capital": "4,596,800", "Tangible Book Value": "303,400", "Total Debt": "2,328,300", "Net Debt": "1,819,400", "Share Issued": "265,448", "Ordinary Shares Number": "265,448"}}, "cf": {"TTM": {"Duration": "TTM", "Operating Cash Flow": "438,300", "Investing Cash Flow": "-343,800", "Financing Cash Flow": "240,200", "End Cash Position": "613,200", "Income Tax Paid Supplemental Data": "-", "Interest Paid Supplemental Data": "-", "Capital Expenditure": "-217,000", "Issuance of Capital Stock": "486,700", "Issuance of Debt": "602,400", "Repayment of Debt": "-802,600", "Repurchase of Capital Stock": "-", "Free Cash Flow": "221,300"}, "3/31/2020": {"Duration": "3/31/2020", "Operating Cash Flow": "545,100", "Investing Cash Flow": "-495,900", "Financing Cash Flow": "443,400", "End Cash Position": "946,500", "Income Tax Paid Supplemental Data": "-", "Interest Paid Supplemental Data": "-", "Capital Expenditure": "-384,000", "Issuance of Capital Stock": "26,600", "Issuance of Debt": "875,800", "Repayment of Debt": "-312,800", "Repurchase of Capital Stock": "-49,600", "Free Cash Flow": "161,100"}, "3/31/2019": {"Duration": "3/31/2019", "Operating Cash Flow": "530,400", "Investing Cash Flow": "-1,379,200", "Financing Cash Flow": "690,300", "End Cash Position": "446,100", "Income Tax Paid Supplemental Data": "34,000", "Interest Paid Supplemental Data": "55,200", "Capital Expenditure": "-338,400", "Issuance of Capital Stock": "18,300", "Issuance of Debt": "955,300", "Repayment of Debt": "-94,700", "Repurchase of Capital Stock": "-94,400", "Free Cash Flow": "192,000"}}}}, {"KAMN": {"quote": {"03/26/2021": {"value": "52.62", "Market Cap": "1.459B", "Beta (5Y Monthly)": "1.32", "PE Ratio (TTM)": "N/A", "EPS (TTM)": "-2.52", "Earnings Date": "May 10, 2021 - May 14, 2021", "Forward Dividend & Yield": "0.80 (1.59%)", "Ex-Dividend Date": "Mar 15, 2021", "1y Target Est": "57.33"}}, "fin": {"TTM": {"Duration": "TTM", "Total Revenue": "784,459", "Cost of Revenue": "538,877", "Gross Profit": "245,582", "Operating Expense": "199,906", "Operating Income": "45,676", "Net Non Operating Interest Income Expense": "-19,270", "Other Income Expense": "-104,570", "Pretax Income": "-78,164", "Tax Provision": "-7,730", "Net Income Common Stockholders": "-69,742", "Diluted NI Available to Com Stockholders": "-69,742", "Basic EPS": "-", "Diluted EPS": "-", "Basic Average Shares": "-", "Diluted Average Shares": "-", "Total Operating Income as Reported": "-84,311", "Total Expenses": "738,783", "Net Income from Continuing & Discontinued Operation": "-69,742", "Normalized Income": "39,081", "Interest Expense": "19,270", "Net Interest Income": "-19,270", "EBIT": "-58,894", "EBITDA": "-14,995", "Reconciled Cost of Revenue": "538,877", "Reconciled Depreciation": "43,899", "Net Income from Continuing Operation Net Minority Interest": "-70,434", "Total Unusual Items Excluding Goodwill": "-121,548", "Total Unusual Items": "-121,548", "Normalized EBITDA": "106,553", "Tax Rate for Calcs": "0", "Tax Effect of Unusual Items": "-12,033"}, "12/31/2020": {"Duration": "12/31/2020", "Total Revenue": "784,459", "Cost of Revenue": "538,877", "Gross Profit": "245,582", "Operating Expense": "199,906", "Operating Income": "45,676", "Net Non Operating Interest Income Expense": "-19,270", "Other Income Expense": "-104,570", "Pretax Income": "-78,164", "Tax Provision": "-7,730", "Net Income Common Stockholders": "-69,742", "Diluted NI Available to Com Stockholders": "-69,742", "Basic EPS": "-", "Diluted EPS": "-", "Basic Average Shares": "-", "Diluted Average Shares": "-", "Total Operating Income as Reported": "-84,311", "Total Expenses": "738,783", "Net Income from Continuing & Discontinued Operation": "-69,742", "Normalized Income": "39,081", "Interest Expense": "19,270", "Net Interest Income": "-19,270", "EBIT": "-58,894", "EBITDA": "-", "Reconciled Cost of Revenue": "538,877", "Reconciled Depreciation": "43,899", "Net Income from Continuing Operation Net Minority Interest": "-70,434", "Total Unusual Items Excluding Goodwill": "-121,548", "Total Unusual Items": "-121,548", "Normalized EBITDA": "106,553", "Tax Rate for Calcs": "0", "Tax Effect of Unusual Items": "-12,033"}, "12/31/2019": {"Duration": "12/31/2019", "Total Revenue": "761,608", "Cost of Revenue": "520,803", "Gross Profit": "240,805", "Operating Expense": "177,187", "Operating Income": "63,618", "Net Non Operating Interest Income Expense": "-17,202", "Other Income Expense": "-5,829", "Pretax Income": "40,587", "Tax Provision": "-15,859", "Net Income Common Stockholders": "209,829", "Diluted NI Available to Com Stockholders": "209,829", "Basic EPS": "7.51", "Diluted EPS": "7.47", "Basic Average Shares": "27,936", "Diluted Average Shares": "28,092", "Total Operating Income as Reported": "53,411", "Total Expenses": "697,990", "Net Income from Continuing & Discontinued Operation": "209,829", "Normalized Income": "61,216", "Interest Expense": "17,202", "Net Interest Income": "-17,202", "EBIT": "57,789", "EBITDA": "-", "Reconciled Cost of Revenue": "520,803", "Reconciled Depreciation": "25,854", "Net Income from Continuing Operation Net Minority Interest": "56,446", "Total Unusual Items Excluding Goodwill": "-6,534", "Total Unusual Items": "-6,534", "Normalized EBITDA": "90,177", "Tax Rate for Calcs": "0", "Tax Effect of Unusual Items": "-1,764"}, "12/31/2018": {"Duration": "12/31/2018", "Total Revenue": "1,875,425", "Cost of Revenue": "1,325,388", "Gross Profit": "550,037", "Operating Expense": "444,904", "Operating Income": "105,133", "Net Non Operating Interest Income Expense": "-20,097", "Other Income Expense": "-9,799", "Pretax Income": "75,237", "Tax Provision": "21,068", "Net Income Common Stockholders": "54,169", "Diluted NI Available to Com Stockholders": "54,169", "Basic EPS": "1.94", "Diluted EPS": "1.92", "Basic Average Shares": "27,945", "Diluted Average Shares": "28,223", "Total Operating Income as Reported": "83,064", "Total Expenses": "1,770,292", "Net Income from Continuing & Discontinued Operation": "54,169", "Normalized Income": "70,059", "Interest Expense": "20,097", "Net Interest Income": "-20,097", "EBIT": "95,334", "EBITDA": "-", "Reconciled Cost of Revenue": "1,325,388", "Reconciled Depreciation": "42,029", "Net Income from Continuing Operation Net Minority Interest": "54,169", "Total Unusual Items Excluding Goodwill": "-22,069", "Total Unusual Items": "-22,069", "Normalized EBITDA": "159,432", "Tax Rate for Calcs": "0", "Tax Effect of Unusual Items": "-6,179"}}, "bs": {"12/31/2020": {"Duration": "12/31/2020", "Total Assets": "1,306,393", "Total Liabilities Net Minority Interest": "559,955", "Total Equity Gross Minority Interest": "746,438", "Total Capitalization": "931,839", "Common Stock Equity": "746,438", "Capital Lease Obligations": "17,945", "Net Tangible Assets": "348,996", "Working Capital": "369,562", "Invested Capital": "931,839", "Tangible Book Value": "348,996", "Total Debt": "203,346", "Net Debt": "81,024", "Share Issued": "30,279", "Ordinary Shares Number": "27,723", "Treasury Shares Number": "2,556"}, "12/31/2019": {"Duration": "12/31/2019", "Total Assets": "1,418,943", "Total Liabilities Net Minority Interest": "595,741", "Total Equity Gross Minority Interest": "823,202", "Total Capitalization": "1,004,824", "Common Stock Equity": "823,202", "Capital Lease Obligations": "21,482", "Net Tangible Assets": "574,449", "Working Capital": "732,496", "Invested Capital": "1,004,824", "Tangible Book Value": "574,449", "Total Debt": "203,104", "Net Debt": "-", "Share Issued": "30,058", "Ordinary Shares Number": "27,839", "Treasury Shares Number": "2,219"}, "12/31/2018": {"Duration": "12/31/2018", "Total Assets": "1,460,313", "Total Liabilities Net Minority Interest": "827,156", "Total Equity Gross Minority Interest": "633,157", "Total Capitalization": "917,413", "Common Stock Equity": "633,157", "Capital Lease Obligations": "6,579", "Net Tangible Assets": "196,785", "Working Capital": "474,629", "Invested Capital": "926,788", "Tangible Book Value": "196,785", "Total Debt": "300,210", "Net Debt": "265,920", "Share Issued": "29,545", "Ordinary Shares Number": "27,872", "Treasury Shares Number": "1,673"}}, "cf": {"TTM": {"Duration": "TTM", "Operating Cash Flow": "16,469", "Investing Cash Flow": "-318,722", "Financing Cash Flow": "-33,535", "Cash Flow from Discontinued Operation": "0", "End Cash Position": "136,089", "Capital Expenditure": "-17,783", "Issuance of Debt": "184,400", "Repayment of Debt": "0", "Repurchase of Capital Stock": "-14,210", "Free Cash Flow": "-1,314"}, "12/31/2020": {"Duration": "12/31/2020", "Operating Cash Flow": "16,469", "Investing Cash Flow": "-318,722", "Financing Cash Flow": "-33,535", "Cash Flow from Discontinued Operation": "0", "End Cash Position": "136,089", "Capital Expenditure": "-17,783", "Issuance of Debt": "-", "Repayment of Debt": "0", "Repurchase of Capital Stock": "-14,210", "Free Cash Flow": "-1,314"}, "12/31/2019": {"Duration": "12/31/2019", "Operating Cash Flow": "-7,800", "Investing Cash Flow": "618,478", "Financing Cash Flow": "-144,746", "Cash Flow from Discontinued Operation": "-21,834", "End Cash Position": "471,540", "Capital Expenditure": "-22,447", "Issuance of Debt": "0", "Repayment of Debt": "-115,875", "Repurchase of Capital Stock": "-30,060", "Free Cash Flow": "-30,247"}, "12/31/2018": {"Duration": "12/31/2018", "Operating Cash Flow": "162,368", "Investing Cash Flow": "-29,961", "Financing Cash Flow": "-141,362", "Cash Flow from Discontinued Operation": "-", "End Cash Position": "27,711", "Capital Expenditure": "-29,871", "Issuance of Debt": "0", "Repayment of Debt": "-105,587", "Repurchase of Capital Stock": "-19,278", "Free Cash Flow": "132,497"}}}}, {"HXL": {"quote": {"03/26/2021": {"value": "56.74", "Market Cap": "4.746B", "Beta (5Y Monthly)": "1.53", "PE Ratio (TTM)": "150.11", "EPS (TTM)": "0.38", "Earnings Date": "Apr 19, 2021 - Apr 23, 2021", "Forward Dividend & Yield": "N/A (N/A)", "Ex-Dividend Date": "Feb 13, 2020", "1y Target Est": "47.78"}}, "fin": {"TTM": {"Duration": "TTM", "Total Revenue": "1,271,700", "Cost of Revenue": "1,119,800", "Gross Profit": "151,900", "Operating Expense": "213,700", "Operating Income": "-61,800", "Net Non Operating Interest Income Expense": "-40,100", "Pretax Income": "-101,900", "Tax Provision": "-80,300", "Earnings from Equity Interest Net of Tax": "-3,100", "Net Income Common Stockholders": "-24,700", "Diluted NI Available to Com Stockholders": "-24,700", "Basic EPS": "-", "Diluted EPS": "-", "Basic Average Shares": "-", "Diluted Average Shares": "-", "Total Operating Income as Reported": "-61,800", "Total Expenses": "1,333,500", "Net Income from Continuing & Discontinued Operation": "-24,700", "Normalized Income": "-24,700", "Interest Expense": "40,100", "Net Interest Income": "-40,100", "EBIT": "-61,800", "EBITDA": "78,100", "Reconciled Cost of Revenue": "1,119,800", "Reconciled Depreciation": "139,900", "Net Income from Continuing Operation Net Minority Interest": "-24,700", "Normalized EBITDA": "78,100", "Tax Rate for Calcs": "0", "Tax Effect of Unusual Items": "0"}, "12/31/2020": {"Duration": "12/31/2020", "Total Revenue": "1,502,400", "Cost of Revenue": "1,262,700", "Gross Profit": "239,700", "Operating Expense": "225,600", "Operating Income": "14,100", "Net Non Operating Interest Income Expense": "-41,800", "Pretax Income": "-27,700", "Tax Provision": "-61,000", "Earnings from Equity Interest Net of Tax": "-1,600", "Net Income Common Stockholders": "31,700", "Diluted NI Available to Com Stockholders": "31,700", "Basic EPS": "-", "Diluted EPS": "-", "Basic Average Shares": "-", "Diluted Average Shares": "-", "Total Operating Income as Reported": "14,100", "Total Expenses": "1,488,300", "Net Income from Continuing & Discontinued Operation": "31,700", "Normalized Income": "31,700", "Interest Expense": "41,800", "Net Interest Income": "-41,800", "EBIT": "14,100", "EBITDA": "-", "Reconciled Cost of Revenue": "1,262,700", "Reconciled Depreciation": "140,900", "Net Income from Continuing Operation Net Minority Interest": "31,700", "Normalized EBITDA": "155,000", "Tax Rate for Calcs": "0", "Tax Effect of Unusual Items": "0"}, "12/31/2019": {"Duration": "12/31/2019", "Total Revenue": "2,355,700", "Cost of Revenue": "1,715,300", "Gross Profit": "640,400", "Operating Expense": "215,200", "Operating Income": "425,200", "Net Non Operating Interest Income Expense": "-45,500", "Pretax Income": "379,700", "Tax Provision": "76,800", "Earnings from Equity Interest Net of Tax": "3,700", "Net Income Common Stockholders": "306,600", "Diluted NI Available to Com Stockholders": "306,600", "Basic EPS": "3.61", "Diluted EPS": "3.57", "Basic Average Shares": "84,900", "Diluted Average Shares": "85,800", "Total Operating Income as Reported": "425,200", "Total Expenses": "1,930,500", "Net Income from Continuing & Discontinued Operation": "306,600", "Normalized Income": "306,600", "Interest Expense": "45,500", "Net Interest Income": "-45,500", "EBIT": "425,200", "EBITDA": "-", "Reconciled Cost of Revenue": "1,715,300", "Reconciled Depreciation": "141,700", "Net Income from Continuing Operation Net Minority Interest": "306,600", "Normalized EBITDA": "566,900", "Tax Rate for Calcs": "0", "Tax Effect of Unusual Items": "0"}, "12/31/2018": {"Duration": "12/31/2018", "Total Revenue": "2,189,100", "Cost of Revenue": "1,608,300", "Gross Profit": "580,800", "Operating Expense": "209,600", "Operating Income": "371,200", "Net Non Operating Interest Income Expense": "-37,700", "Pretax Income": "333,500", "Tax Provision": "62,500", "Earnings from Equity Interest Net of Tax": "5,600", "Net Income Common Stockholders": "276,600", "Diluted NI Available to Com Stockholders": "276,600", "Basic EPS": "3.15", "Diluted EPS": "3.11", "Basic Average Shares": "87,900", "Diluted Average Shares": "89,000", "Total Operating Income as Reported": "371,200", "Total Expenses": "1,817,900", "Net Income from Continuing & Discontinued Operation": "276,600", "Normalized Income": "276,600", "Interest Expense": "37,700", "Net Interest Income": "-37,700", "EBIT": "371,200", "EBITDA": "-", "Reconciled Cost of Revenue": "1,608,300", "Reconciled Depreciation": "123,100", "Net Income from Continuing Operation Net Minority Interest": "276,600", "Normalized EBITDA": "494,300", "Tax Rate for Calcs": "0", "Tax Effect of Unusual Items": "0"}}, "bs": {"12/31/2020": {"Duration": "12/31/2020", "Total Assets": "2,917,800", "Total Liabilities Net Minority Interest": "1,407,600", "Total Equity Gross Minority Interest": "1,510,200", "Total Capitalization": "2,433,200", "Common Stock Equity": "1,510,200", "Capital Lease Obligations": "3,400", "Net Tangible Assets": "1,232,400", "Working Capital": "352,800", "Invested Capital": "2,433,200", "Tangible Book Value": "1,232,400", "Total Debt": "926,400", "Net Debt": "819,700", "Share Issued": "109,700", "Ordinary Shares Number": "83,600", "Treasury Shares Number": "26,100"}, "12/31/2019": {"Duration": "12/31/2019", "Total Assets": "3,128,600", "Total Liabilities Net Minority Interest": "1,682,500", "Total Equity Gross Minority Interest": "1,446,100", "Total Capitalization": "2,494,700", "Common Stock Equity": "1,446,100", "Capital Lease Obligations": "2,600", "Net Tangible Assets": "1,165,700", "Working Capital": "382,300", "Invested Capital": "2,503,600", "Tangible Book Value": "1,165,700", "Total Debt": "1,060,100", "Net Debt": "993,100", "Share Issued": "109,300", "Ordinary Shares Number": "83,600", "Treasury Shares Number": "25,700"}, "12/31/2018": {"Duration": "12/31/2018", "Total Assets": "2,824,100", "Total Liabilities Net Minority Interest": "1,502,100", "Total Equity Gross Minority Interest": "1,322,000", "Total Capitalization": "2,268,600", "Common Stock Equity": "1,322,000", "Capital Lease Obligations": "1,100", "Net Tangible Assets": "1,179,700", "Working Capital": "349,100", "Invested Capital": "2,277,700", "Tangible Book Value": "1,179,700", "Total Debt": "956,800", "Net Debt": "923,000", "Share Issued": "108,500", "Ordinary Shares Number": "84,800", "Treasury Shares Number": "23,700"}}, "cf": {"TTM": {"Duration": "TTM", "Operating Cash Flow": "254,500", "Investing Cash Flow": "-28,300", "Financing Cash Flow": "-476,800", "End Cash Position": "78,700", "Capital Expenditure": "-28,300", "Issuance of Capital Stock": "-", "Issuance of Debt": "-", "Repayment of Debt": "-509,200", "Repurchase of Capital Stock": "0", "Free Cash Flow": "226,200"}, "12/31/2020": {"Duration": "12/31/2020", "Operating Cash Flow": "264,300", "Investing Cash Flow": "-50,600", "Financing Cash Flow": "-178,500", "End Cash Position": "103,300", "Capital Expenditure": "-50,600", "Issuance of Capital Stock": "-", "Issuance of Debt": "422,800", "Repayment of Debt": "-556,900", "Repurchase of Capital Stock": "-24,600", "Free Cash Flow": "213,700"}, "12/31/2019": {"Duration": "12/31/2019", "Operating Cash Flow": "491,100", "Investing Cash Flow": "-367,300", "Financing Cash Flow": "-91,400", "End Cash Position": "64,400", "Capital Expenditure": "-204,100", "Issuance of Capital Stock": "-", "Issuance of Debt": "926,000", "Repayment of Debt": "-824,000", "Repurchase of Capital Stock": "-143,000", "Free Cash Flow": "287,000"}, "12/31/2018": {"Duration": "12/31/2018", "Operating Cash Flow": "421,400", "Investing Cash Flow": "-187,500", "Financing Cash Flow": "-257,300", "End Cash Position": "32,700", "Capital Expenditure": "-184,100", "Issuance of Capital Stock": "0", "Issuance of Debt": "752,200", "Repayment of Debt": "-604,200", "Repurchase of Capital Stock": "-357,700", "Free Cash Flow": "237,300"}}}}, {"HEI": {"quote": {"03/26/2021": {"value": "123.46", "Market Cap": "15.92B", "Beta (5Y Monthly)": "1.26", "PE Ratio (TTM)": "64.64", "EPS (TTM)": "1.91", "Earnings Date": "May 24, 2021 - May 28, 2021", "Forward Dividend & Yield": "0.16 (0.13%)", "Ex-Dividend Date": "Jan 06, 2021", "1y Target Est": "133.17"}}, "fin": {"TTM": {"Duration": "TTM", "Total Revenue": "1,698,636", "Cost of Revenue": "1,056,122", "Gross Profit": "642,514", "Operating Expense": "296,571", "Operating Income": "345,943", "Net Non Operating Interest Income Expense": "-11,324", "Other Income Expense": "1,882", "Pretax Income": "336,501", "Tax Provision": "54,200", "Net Income Common Stockholders": "262,692", "Diluted NI Available to Com Stockholders": "262,692", "Basic EPS": "-", "Diluted EPS": "-", "Basic Average Shares": "-", "Diluted Average Shares": "-", "Total Operating Income as Reported": "345,943", "Total Expenses": "1,352,693", "Net Income from Continuing & Discontinued Operation": "262,692", "Normalized Income": "262,692", "Interest Expense": "11,324", "Net Interest Income": "-11,324", "EBIT": "347,825", "EBITDA": "437,806", "Reconciled Cost of Revenue": "1,056,122", "Reconciled Depreciation": "89,981", "Net Income from Continuing Operation Net Minority Interest": "262,692", "Normalized EBITDA": "437,806", "Tax Rate for Calcs": "0", "Tax Effect of Unusual Items": "0"}, "10/31/2020": {"Duration": "10/31/2020", "Total Revenue": "1,787,009", "Cost of Revenue": "1,104,882", "Gross Profit": "682,127", "Operating Expense": "305,479", "Operating Income": "376,648", "Net Non Operating Interest Income Expense": "-13,159", "Other Income Expense": "1,366", "Pretax Income": "364,855", "Tax Provision": "29,000", "Net Income Common Stockholders": "313,984", "Diluted NI Available to Com Stockholders": "313,984", "Basic EPS": "2.33", "Diluted EPS": "2.29", "Basic Average Shares": "134,754", "Diluted Average Shares": "137,302", "Total Operating Income as Reported": "376,648", "Total Expenses": "1,410,361", "Net Income from Continuing & Discontinued Operation": "313,984", "Normalized Income": "313,984", "Interest Expense": "13,159", "Net Interest Income": "-13,159", "EBIT": "378,014", "EBITDA": "-", "Reconciled Cost of Revenue": "1,104,882", "Reconciled Depreciation": "88,561", "Net Income from Continuing Operation Net Minority Interest": "313,984", "Normalized EBITDA": "466,575", "Tax Rate for Calcs": "0", "Tax Effect of Unusual Items": "0"}, "10/31/2019": {"Duration": "10/31/2019", "Total Revenue": "2,055,647", "Cost of Revenue": "1,241,807", "Gross Profit": "813,840", "Operating Expense": "356,743", "Operating Income": "457,097", "Net Non Operating Interest Income Expense": "-21,695", "Other Income Expense": "2,439", "Pretax Income": "437,841", "Tax Provision": "78,100", "Net Income Common Stockholders": "327,896", "Diluted NI Available to Com Stockholders": "327,896", "Basic EPS": "2.45", "Diluted EPS": "2.39", "Basic Average Shares": "133,640", "Diluted Average Shares": "137,350", "Total Operating Income as Reported": "457,097", "Total Expenses": "1,598,550", "Net Income from Continuing & Discontinued Operation": "327,896", "Normalized Income": "327,896", "Interest Expense": "21,695", "Net Interest Income": "-21,695", "EBIT": "459,536", "EBITDA": "-", "Reconciled Cost of Revenue": "1,241,807", "Reconciled Depreciation": "83,497", "Net Income from Continuing Operation Net Minority Interest": "327,896", "Normalized EBITDA": "543,033", "Tax Rate for Calcs": "0", "Tax Effect of Unusual Items": "0"}, "10/31/2018": {"Duration": "10/31/2018", "Total Revenue": "1,777,721", "Cost of Revenue": "1,087,006", "Gross Profit": "690,715", "Operating Expense": "314,470", "Operating Income": "376,245", "Net Non Operating Interest Income Expense": "-19,901", "Other Income Expense": "-58", "Pretax Income": "356,286", "Tax Provision": "70,600", "Net Income Common Stockholders": "259,233", "Diluted NI Available to Com Stockholders": "259,233", "Basic EPS": "1.96", "Diluted EPS": "1.90", "Basic Average Shares": "132,543", "Diluted Average Shares": "136,696", "Total Operating Income as Reported": "376,245", "Total Expenses": "1,401,476", "Net Income from Continuing & Discontinued Operation": "259,233", "Normalized Income": "259,233", "Interest Expense": "19,901", "Net Interest Income": "-19,901", "EBIT": "376,187", "EBITDA": "-", "Reconciled Cost of Revenue": "1,087,006", "Reconciled Depreciation": "77,191", "Net Income from Continuing Operation Net Minority Interest": "259,233", "Normalized EBITDA": "453,378", "Tax Rate for Calcs": "0", "Tax Effect of Unusual Items": "0"}}, "bs": {"10/31/2020": {"Duration": "10/31/2020", "Total Assets": "3,547,711", "Total Liabilities Net Minority Interest": "1,537,104", "Total Equity Gross Minority Interest": "2,010,607", "Total Capitalization": "2,718,963", "Common Stock Equity": "1,980,177", "Capital Lease Obligations": "14,180", "Net Tangible Assets": "17,969", "Working Capital": "924,464", "Invested Capital": "2,720,008", "Tangible Book Value": "17,969", "Total Debt": "754,011", "Net Debt": "332,979", "Share Issued": "135,118", "Ordinary Shares Number": "135,118"}, "10/31/2019": {"Duration": "10/31/2019", "Total Assets": "2,969,211", "Total Liabilities Net Minority Interest": "1,274,551", "Total Equity Gross Minority Interest": "1,694,660", "Total Capitalization": "2,227,591", "Common Stock Equity": "1,666,542", "Capital Lease Obligations": "-", "Net Tangible Assets": "-152,854", "Working Capital": "524,593", "Invested Capital": "2,228,497", "Tangible Book Value": "-152,854", "Total Debt": "561,955", "Net Debt": "504,954", "Share Issued": "134,496", "Ordinary Shares Number": "134,496"}, "10/31/2018": {"Duration": "10/31/2018", "Total Assets": "2,653,396", "Total Liabilities Net Minority Interest": "1,150,388", "Total Equity Gross Minority Interest": "1,503,008", "Total Capitalization": "1,929,862", "Common Stock Equity": "1,398,251", "Capital Lease Obligations": "-", "Net Tangible Assets": "-222,941", "Working Capital": "451,379", "Invested Capital": "1,930,721", "Tangible Book Value": "-222,941", "Total Debt": "532,470", "Net Debt": "472,871", "Share Issued": "132,931", "Ordinary Shares Number": "132,931"}}, "cf": {"TTM": {"Duration": "TTM", "Operating Cash Flow": "435,188", "Investing Cash Flow": "-160,760", "Financing Cash Flow": "56,551", "End Cash Position": "394,950", "Capital Expenditure": "-31,599", "Issuance of Debt": "200,000", "Repayment of Debt": "-100,000", "Free Cash Flow": "403,589"}, "10/31/2020": {"Duration": "10/31/2020", "Operating Cash Flow": "409,125", "Investing Cash Flow": "-199,043", "Financing Cash Flow": "137,743", "End Cash Position": "406,852", "Capital Expenditure": "-22,940", "Issuance of Debt": "245,000", "Repayment of Debt": "-68,000", "Free Cash Flow": "386,185"}, "10/31/2019": {"Duration": "10/31/2019", "Operating Cash Flow": "437,378", "Investing Cash Flow": "-280,646", "Financing Cash Flow": "-159,720", "End Cash Position": "57,001", "Capital Expenditure": "-28,938", "Issuance of Debt": "313,000", "Repayment of Debt": "-283,000", "Free Cash Flow": "408,440"}, "10/31/2018": {"Duration": "10/31/2018", "Operating Cash Flow": "328,487", "Investing Cash Flow": "-113,511", "Financing Cash Flow": "-207,535", "End Cash Position": "59,599", "Capital Expenditure": "-41,871", "Issuance of Debt": "56,000", "Repayment of Debt": "-204,000", "Free Cash Flow": "286,616"}}}}, {"DGI": {"quote": {"05/12/2021": {"value": "", "Net Assets": "N/A", "Beta (5Y Monthly)": "N/A", "Yield": "N/A", "5y Average Return": "N/A", "Holdings Turnover": "N/A", "Last Dividend": "N/A", "Average for Category": "N/A", "Inception Date": "N/A"}}, "fin": {}, "bs": {}, "cf": {}}}, {"DCO": {"quote": {"05/12/2021": {"value": "55.45", "Market Cap": "657.06M", "Beta (5Y Monthly)": "1.57", "PE Ratio (TTM)": "23.80", "EPS (TTM)": "2.33", "Earnings Date": "Jul 28, 2021 - Aug 02, 2021", "Forward Dividend & Yield": "N/A (N/A)", "Ex-Dividend Date": "Feb 16, 2011", "1y Target Est": "69.33"}}, "fin": {"TTM": {"Duration": "TTM", "Total Revenue": "628,941", "Cost of Revenue": "491,203", "Gross Profit": "137,738", "Operating Expense": "89,808", "Operating Income": "47,930", "Net Non Operating Interest Income Expense": "-13,653", "Other Income Expense": "-2,296", "Pretax Income": "31,981", "Tax Provision": "2,807", "Net Income Common Stockholders": "29,174", "Diluted NI Available to Com Stockholders": "29,174", "Basic EPS": "-", "Diluted EPS": "-", "Basic Average Shares": "-", "Diluted Average Shares": "-", "Total Operating Income as Reported": "45,506", "Total Expenses": "581,011", "Net Income from Continuing & Discontinued Operation": "29,174", "Normalized Income": "31,385", "Interest Expense": "13,653", "Net Interest Income": "-13,653", "EBIT": "45,634", "EBITDA": "74,484", "Reconciled Cost of Revenue": "491,203", "Reconciled Depreciation": "28,850", "Net Income from Continuing Operation Net Minority Interest": "29,174", "Total Unusual Items Excluding Goodwill": "-2,424", "Total Unusual Items": "-2,424", "Normalized EBITDA": "76,908", "Tax Rate for Calcs": "0", "Tax Effect of Unusual Items": "-213.312"}, "12/31/2020": {"Duration": "12/31/2020", "Total Revenue": "628,941", "Cost of Revenue": "491,203", "Gross Profit": "137,738", "Operating Expense": "89,808", "Operating Income": "47,930", "Net Non Operating Interest Income Expense": "-13,653", "Other Income Expense": "-2,296", "Pretax Income": "31,981", "Tax Provision": "2,807", "Net Income Common Stockholders": "29,174", "Diluted NI Available to Com Stockholders": "29,174", "Basic EPS": "-", "Diluted EPS": "-", "Basic Average Shares": "-", "Diluted Average Shares": "-", "Total Operating Income as Reported": "45,506", "Total Expenses": "581,011", "Net Income from Continuing & Discontinued Operation": "29,174", "Normalized Income": "31,385", "Interest Expense": "13,653", "Net Interest Income": "-13,653", "EBIT": "45,634", "EBITDA": "-", "Reconciled Cost of Revenue": "491,203", "Reconciled Depreciation": "28,850", "Net Income from Continuing Operation Net Minority Interest": "29,174", "Total Unusual Items Excluding Goodwill": "-2,424", "Total Unusual Items": "-2,424", "Normalized EBITDA": "76,908", "Tax Rate for Calcs": "0", "Tax Effect of Unusual Items": "-213.312"}, "12/31/2019": {"Duration": "12/31/2019", "Total Revenue": "721,088", "Cost of Revenue": "568,891", "Gross Profit": "152,197", "Operating Expense": "95,964", "Operating Income": "56,233", "Net Non Operating Interest Income Expense": "-18,290", "Other Income Expense": "-180", "Pretax Income": "37,763", "Tax Provision": "5,302", "Net Income Common Stockholders": "32,461", "Diluted NI Available to Com Stockholders": "32,461", "Basic EPS": "2.82", "Diluted EPS": "2.75", "Basic Average Shares": "11,518", "Diluted Average Shares": "11,792", "Total Operating Income as Reported": "56,233", "Total Expenses": "664,855", "Net Income from Continuing & Discontinued Operation": "32,461", "Normalized Income": "32,616", "Interest Expense": "18,290", "Net Interest Income": "-18,290", "EBIT": "56,053", "EBITDA": "-", "Reconciled Cost of Revenue": "568,891", "Reconciled Depreciation": "28,305", "Net Income from Continuing Operation Net Minority Interest": "32,461", "Total Unusual Items Excluding Goodwill": "-180", "Total Unusual Items": "-180", "Normalized EBITDA": "84,538", "Tax Rate for Calcs": "0", "Tax Effect of Unusual Items": "-25.2"}, "12/31/2018": {"Duration": "12/31/2018", "Total Revenue": "629,307", "Cost of Revenue": "506,711", "Gross Profit": "122,596", "Operating Expense": "84,007", "Operating Income": "38,589", "Net Non Operating Interest Income Expense": "-13,024", "Other Income Expense": "-15,294", "Pretax Income": "10,271", "Tax Provision": "1,236", "Net Income Common Stockholders": "9,035", "Diluted NI Available to Com Stockholders": "9,035", "Basic EPS": "0.79", "Diluted EPS": "0.77", "Basic Average Shares": "11,390", "Diluted Average Shares": "11,659", "Total Operating Income as Reported": "23,918", "Total Expenses": "590,718", "Net Income from Continuing & Discontinued Operation": "9,035", "Normalized Income": "22,760", "Interest Expense": "13,024", "Net Interest Income": "-13,024", "EBIT": "23,295", "EBITDA": "-", "Reconciled Cost of Revenue": "506,711", "Reconciled Depreciation": "25,296", "Net Income from Continuing Operation Net Minority Interest": "9,035", "Total Unusual Items Excluding Goodwill": "-15,597", "Total Unusual Items": "-15,597", "Normalized EBITDA": "64,188", "Tax Rate for Calcs": "0", "Tax Effect of Unusual Items": "-1,872"}}, "bs": {"12/31/2020": {"Duration": "12/31/2020", "Total Assets": "837,347", "Total Liabilities Net Minority Interest": "508,013", "Total Equity Gross Minority Interest": "329,334", "Total Capitalization": "641,256", "Common Stock Equity": "329,334", "Capital Lease Obligations": "17,687", "Net Tangible Assets": "33,760", "Working Capital": "267,382", "Invested Capital": "648,256", "Tangible Book Value": "33,760", "Total Debt": "336,609", "Net Debt": "262,456", "Share Issued": "11,728", "Ordinary Shares Number": "11,728"}, "12/31/2019": {"Duration": "12/31/2019", "Total Assets": "790,429", "Total Liabilities Net Minority Interest": "497,629", "Total Equity Gross Minority Interest": "292,800", "Total Capitalization": "593,687", "Common Stock Equity": "292,800", "Capital Lease Obligations": "20,521", "Net Tangible Assets": "-16,479", "Working Capital": "196,078", "Invested Capital": "600,687", "Tangible Book Value": "-16,479", "Total Debt": "328,408", "Net Debt": "268,303", "Share Issued": "11,573", "Ordinary Shares Number": "11,573"}, "12/31/2018": {"Duration": "12/31/2018", "Total Assets": "648,143", "Total Liabilities Net Minority Interest": "391,318", "Total Equity Gross Minority Interest": "256,825", "Total Capitalization": "483,786", "Common Stock Equity": "256,825", "Capital Lease Obligations": "-", "Net Tangible Assets": "8,676", "Working Capital": "160,855", "Invested Capital": "486,116", "Tangible Book Value": "8,676", "Total Debt": "229,291", "Net Debt": "219,028", "Share Issued": "11,418", "Ordinary Shares Number": "11,418"}}, "cf": {"TTM": {"Duration": "TTM", "Operating Cash Flow": "12,611", "Investing Cash Flow": "-5,472", "Financing Cash Flow": "9,743", "End Cash Position": "56,466", "Income Tax Paid Supplemental Data": "-", "Interest Paid Supplemental Data": "-", "Capital Expenditure": "-12,510", "Issuance of Debt": "65,900", "Repayment of Debt": "-55,550", "Free Cash Flow": "101"}, "12/31/2020": {"Duration": "12/31/2020", "Operating Cash Flow": "12,611", "Investing Cash Flow": "-5,472", "Financing Cash Flow": "9,743", "End Cash Position": "56,466", "Income Tax Paid Supplemental Data": "-", "Interest Paid Supplemental Data": "-", "Capital Expenditure": "-12,510", "Issuance of Debt": "65,900", "Repayment of Debt": "-55,550", "Free Cash Flow": "101"}, "12/31/2019": {"Duration": "12/31/2019", "Operating Cash Flow": "51,031", "Investing Cash Flow": "-94,934", "Financing Cash Flow": "73,224", "End Cash Position": "39,584", "Income Tax Paid Supplemental Data": "5,699", "Interest Paid Supplemental Data": "16,474", "Capital Expenditure": "-18,290", "Issuance of Debt": "438,400", "Repayment of Debt": "-361,569", "Free Cash Flow": "32,741"}, "12/31/2018": {"Duration": "12/31/2018", "Operating Cash Flow": "46,237", "Investing Cash Flow": "-47,933", "Financing Cash Flow": "9,809", "End Cash Position": "10,263", "Income Tax Paid Supplemental Data": "316", "Interest Paid Supplemental Data": "11,573", "Capital Expenditure": "-17,617", "Issuance of Debt": "536,400", "Repayment of Debt": "-521,500", "Free Cash Flow": "28,620"}}}}, {"ERJ": {"quote": {"05/12/2021": {"value": "12.55", "Market Cap": "2.313B", "Beta (5Y Monthly)": "0.82", "PE Ratio (TTM)": "N/A", "EPS (TTM)": "-2.38", "Earnings Date": "N/A", "Forward Dividend & Yield": "N/A (N/A)", "Ex-Dividend Date": "Dec 28, 2018", "1y Target Est": "8.89"}}, "fin": {"TTM": {"Duration": "TTM", "Total Revenue": "3,771,100", "Cost of Revenue": "3,293,500", "Gross Profit": "477,600", "Operating Expense": "625,300", "Operating Income": "-147,700", "Net Non Operating Interest Income Expense": "-219,700", "Other Income Expense": "-267,800", "Pretax Income": "-635,200", "Tax Provision": "93,100", "Net Income Common Stockholders": "-731,900", "Diluted NI Available to Com Stockholders": "-731,900", "Basic EPS": "-", "Diluted EPS": "-", "Basic Average Shares": "-", "Diluted Average Shares": "-", "Total Operating Income as Reported": "-", "Total Expenses": "3,918,800", "Net Income from Continuing & Discontinued Operation": "-731,900", "Normalized Income": "-553,370", "Interest Income": "28,900", "Interest Expense": "219,800", "Net Interest Income": "-219,700", "EBIT": "-415,400", "EBITDA": "-123,300", "Reconciled Cost of Revenue": "3,102,600", "Reconciled Depreciation": "292,100", "Net Income from Continuing Operation Net Minority Interest": "-731,900", "Total Unusual Items Excluding Goodwill": "-270,500", "Total Unusual Items": "-270,500", "Normalized EBITDA": "147,200", "Tax Rate for Calcs": "0", "Tax Effect of Unusual Items": "-91,970"}, "12/31/2020": {"Duration": "12/31/2020", "Total Revenue": "3,771,100", "Cost of Revenue": "3,293,500", "Gross Profit": "477,600", "Operating Expense": "625,300", "Operating Income": "-147,700", "Net Non Operating Interest Income Expense": "-219,700", "Other Income Expense": "-267,800", "Pretax Income": "-635,200", "Tax Provision": "93,100", "Net Income Common Stockholders": "-731,900", "Diluted NI Available to Com Stockholders": "-731,900", "Basic EPS": "-3.96", "Diluted EPS": "-3.96", "Basic Average Shares": "184,041", "Diluted Average Shares": "184,041", "Total Operating Income as Reported": "-", "Total Expenses": "3,918,800", "Net Income from Continuing & Discontinued Operation": "-731,900", "Normalized Income": "-553,370", "Interest Income": "28,900", "Interest Expense": "219,800", "Net Interest Income": "-219,700", "EBIT": "-415,400", "EBITDA": "-", "Reconciled Cost of Revenue": "3,102,600", "Reconciled Depreciation": "292,100", "Net Income from Continuing Operation Net Minority Interest": "-731,900", "Total Unusual Items Excluding Goodwill": "-270,500", "Total Unusual Items": "-270,500", "Normalized EBITDA": "147,200", "Tax Rate for Calcs": "0", "Tax Effect of Unusual Items": "-91,970"}, "12/31/2019": {"Duration": "12/31/2019", "Total Revenue": "2,618,100", "Cost of Revenue": "2,259,900", "Gross Profit": "358,200", "Operating Expense": "463,000", "Operating Income": "-104,800", "Net Non Operating Interest Income Expense": "63,700", "Other Income Expense": "-60,100", "Pretax Income": "-101,200", "Tax Provision": "103,500", "Net Income Common Stockholders": "-322,300", "Diluted NI Available to Com Stockholders": "-322,300", "Basic EPS": "-1.76", "Diluted EPS": "-1.76", "Basic Average Shares": "183,963", "Diluted Average Shares": "183,963", "Total Operating Income as Reported": "-162,400", "Total Expenses": "2,722,900", "Net Income from Continuing & Discontinued Operation": "-322,300", "Normalized Income": "-170,966", "Interest Income": "91,400", "Interest Expense": "15,500", "Net Interest Income": "63,700", "EBIT": "-85,700", "EBITDA": "-", "Reconciled Cost of Revenue": "2,259,900", "Reconciled Depreciation": "209,700", "Net Income from Continuing Operation Net Minority Interest": "-210,500", "Total Unusual Items Excluding Goodwill": "-59,900", "Total Unusual Items": "-59,900", "Normalized EBITDA": "183,900", "Tax Rate for Calcs": "0", "Tax Effect of Unusual Items": "-20,366"}, "12/31/2018": {"Duration": "12/31/2018", "Total Revenue": "5,071,100", "Cost of Revenue": "4,303,100", "Gross Profit": "768,000", "Operating Expense": "675,700", "Operating Income": "92,300", "Net Non Operating Interest Income Expense": "-145,700", "Other Income Expense": "-82,800", "Pretax Income": "-136,200", "Tax Provision": "35,000", "Net Income Common Stockholders": "-178,200", "Diluted NI Available to Com Stockholders": "-178,200", "Basic EPS": "-0.96", "Diluted EPS": "-0.96", "Basic Average Shares": "183,516", "Diluted Average Shares": "183,516", "Total Operating Income as Reported": "35,300", "Total Expenses": "4,978,800", "Net Income from Continuing & Discontinued Operation": "-178,200", "Normalized Income": "-123,816", "Interest Income": "126,100", "Interest Expense": "230,000", "Net Interest Income": "-145,700", "EBIT": "93,800", "EBITDA": "-", "Reconciled Cost of Revenue": "4,303,100", "Reconciled Depreciation": "272,000", "Net Income from Continuing Operation Net Minority Interest": "-178,200", "Total Unusual Items Excluding Goodwill": "-82,400", "Total Unusual Items": "-82,400", "Normalized EBITDA": "448,200", "Tax Rate for Calcs": "0", "Tax Effect of Unusual Items": "-28,016"}}, "bs": {"12/31/2020": {"Duration": "12/31/2020", "Total Assets": "10,547,600", "Total Liabilities Net Minority Interest": "7,608,500", "Total Equity Gross Minority Interest": "2,939,100", "Total Capitalization": "6,908,700", "Common Stock Equity": "2,826,500", "Capital Lease Obligations": "64,700", "Net Tangible Assets": "750,900", "Working Capital": "3,718,600", "Invested Capital": "7,288,400", "Tangible Book Value": "750,900", "Total Debt": "4,526,600", "Net Debt": "2,578,800", "Share Issued": "740,435", "Ordinary Shares Number": "736,143", "Treasury Shares Number": "4,292"}, "12/31/2019": {"Duration": "12/31/2019", "Total Assets": "10,572,500", "Total Liabilities Net Minority Interest": "6,957,900", "Total Equity Gross Minority Interest": "3,614,600", "Total Capitalization": "3,607,400", "Common Stock Equity": "3,517,700", "Capital Lease Obligations": "38,600", "Net Tangible Assets": "2,623,600", "Working Capital": "2,185,400", "Invested Capital": "3,626,300", "Tangible Book Value": "2,623,600", "Total Debt": "147,200", "Net Debt": "1,102,200", "Share Issued": "740,464", "Ordinary Shares Number": "736,079", "Treasury Shares Number": "4,385"}, "12/31/2018": {"Duration": "12/31/2018", "Total Assets": "11,293,300", "Total Liabilities Net Minority Interest": "7,353,200", "Total Equity Gross Minority Interest": "3,940,100", "Total Capitalization": "7,331,500", "Common Stock Equity": "3,845,700", "Capital Lease Obligations": "-", "Net Tangible Assets": "1,946,900", "Working Capital": "4,042,400", "Invested Capital": "7,834,800", "Tangible Book Value": "1,946,900", "Total Debt": "3,989,100", "Net Debt": "2,708,200", "Share Issued": "740,460", "Ordinary Shares Number": "735,482", "Treasury Shares Number": "4,978"}}, "cf": {"TTM": {"Duration": "TTM", "Operating Cash Flow": "-1,290,200", "Investing Cash Flow": "-105,300", "Financing Cash Flow": "1,008,700", "End Cash Position": "1,883,100", "Capital Expenditure": "-223,700", "Issuance of Debt": "2,079,100", "Repayment of Debt": "-1,070,800", "Repurchase of Capital Stock": "-", "Free Cash Flow": "-1,513,900"}, "12/31/2020": {"Duration": "12/31/2020", "Operating Cash Flow": "-1,290,200", "Investing Cash Flow": "-105,300", "Financing Cash Flow": "1,008,700", "End Cash Position": "1,883,100", "Capital Expenditure": "-223,700", "Issuance of Debt": "2,079,100", "Repayment of Debt": "-1,070,800", "Repurchase of Capital Stock": "-", "Free Cash Flow": "-1,513,900"}, "12/31/2019": {"Duration": "12/31/2019", "Operating Cash Flow": "893,800", "Investing Cash Flow": "407,700", "Financing Cash Flow": "-257,000", "End Cash Position": "2,307,700", "Capital Expenditure": "-567,700", "Issuance of Debt": "400,500", "Repayment of Debt": "-657,700", "Repurchase of Capital Stock": "0", "Free Cash Flow": "326,100"}, "12/31/2018": {"Duration": "12/31/2018", "Operating Cash Flow": "1,107,600", "Investing Cash Flow": "-523,100", "Financing Cash Flow": "-503,400", "End Cash Position": "1,280,900", "Capital Expenditure": "-444,300", "Issuance of Debt": "124,000", "Repayment of Debt": "-596,300", "Repurchase of Capital Stock": "0", "Free Cash Flow": "663,300"}}}}, {"TGI": {"quote": {"05/12/2021": {"value": "15.81", "Market Cap": "869.207M", "Beta (5Y Monthly)": "3.27", "PE Ratio (TTM)": "N/A", "EPS (TTM)": "-8.68", "Earnings Date": "May 20, 2021", "Forward Dividend & Yield": "N/A (N/A)", "Ex-Dividend Date": "Feb 28, 2020", "1y Target Est": "17.20"}}, "fin": {"TTM": {"Duration": "TTM", "Total Revenue": "2,095,996", "Cost of Revenue": "1,673,310", "Gross Profit": "422,686", "Operating Expense": "332,081", "Operating Income": "90,605", "Net Non Operating Interest Income Expense": "-158,404", "Other Income Expense": "-387,702", "Pretax Income": "-455,501", "Tax Provision": "-4,032", "Net Income Common Stockholders": "-451,469", "Diluted NI Available to Com Stockholders": "-451,469", "Basic EPS": "-", "Diluted EPS": "-", "Basic Average Shares": "-", "Diluted Average Shares": "-", "Total Operating Income as Reported": "-320,241", "Total Expenses": "2,005,391", "Net Income from Continuing & Discontinued Operation": "-451,469", "Normalized Income": "-44,260", "Interest Expense": "158,404", "Net Interest Income": "-158,404", "EBIT": "-297,097", "EBITDA": "-190,222", "Reconciled Cost of Revenue": "1,673,310", "Reconciled Depreciation": "106,875", "Net Income from Continuing Operation Net Minority Interest": "-451,469", "Total Unusual Items Excluding Goodwill": "-410,846", "Total Unusual Items": "-410,846", "Normalized EBITDA": "220,624", "Tax Rate for Calcs": "0", "Tax Effect of Unusual Items": "-3,637"}, "3/31/2020": {"Duration": "3/31/2020", "Total Revenue": "2,900,117", "Cost of Revenue": "2,307,393", "Gross Profit": "592,724", "Operating Expense": "395,697", "Operating Income": "197,027", "Net Non Operating Interest Income Expense": "-122,129", "Other Income Expense": "-97,226", "Pretax Income": "-22,328", "Tax Provision": "5,798", "Net Income Common Stockholders": "-28,126", "Diluted NI Available to Com Stockholders": "-28,126", "Basic EPS": "-0.58", "Diluted EPS": "-0.58", "Basic Average Shares": "50,494", "Diluted Average Shares": "50,494", "Total Operating Income as Reported": "57,907", "Total Expenses": "2,703,090", "Net Income from Continuing & Discontinued Operation": "-28,126", "Normalized Income": "73,432", "Interest Expense": "122,129", "Net Interest Income": "-122,129", "EBIT": "99,801", "EBITDA": "-", "Reconciled Cost of Revenue": "2,307,393", "Reconciled Depreciation": "138,168", "Net Income from Continuing Operation Net Minority Interest": "-28,126", "Total Unusual Items Excluding Goodwill": "-139,120", "Total Unusual Items": "-139,120", "Normalized EBITDA": "377,089", "Tax Rate for Calcs": "0", "Tax Effect of Unusual Items": "-37,562"}, "3/31/2019": {"Duration": "3/31/2019", "Total Revenue": "3,364,930", "Cost of Revenue": "2,924,920", "Gross Profit": "440,010", "Operating Expense": "448,290", "Operating Income": "-8,280", "Net Non Operating Interest Income Expense": "-114,619", "Other Income Expense": "-204,294", "Pretax Income": "-327,193", "Tax Provision": "-5,426", "Net Income Common Stockholders": "-321,767", "Diluted NI Available to Com Stockholders": "-321,767", "Basic EPS": "-6.47", "Diluted EPS": "-6.47", "Basic Average Shares": "49,698", "Diluted Average Shares": "49,698", "Total Operating Income as Reported": "-274,679", "Total Expenses": "3,373,210", "Net Income from Continuing & Discontinued Operation": "-321,767", "Normalized Income": "-59,897", "Interest Expense": "114,619", "Net Interest Income": "-114,619", "EBIT": "-212,574", "EBITDA": "-", "Reconciled Cost of Revenue": "2,924,920", "Reconciled Depreciation": "149,904", "Net Income from Continuing Operation Net Minority Interest": "-321,767", "Total Unusual Items Excluding Goodwill": "-266,399", "Total Unusual Items": "-266,399", "Normalized EBITDA": "203,729", "Tax Rate for Calcs": "0", "Tax Effect of Unusual Items": "-4,529"}}, "bs": {"3/31/2020": {"Duration": "3/31/2020", "Total Assets": "2,980,333", "Total Liabilities Net Minority Interest": "3,761,597", "Total Equity Gross Minority Interest": "-781,264", "Total Capitalization": "1,018,907", "Common Stock Equity": "-781,264", "Capital Lease Obligations": "67,826", "Net Tangible Assets": "-1,676,759", "Working Capital": "573,879", "Invested Capital": "1,026,243", "Tangible Book Value": "-1,676,759", "Total Debt": "1,875,333", "Net Debt": "1,322,044", "Share Issued": "52,461", "Ordinary Shares Number": "51,858", "Treasury Shares Number": "602.831"}, "3/31/2019": {"Duration": "3/31/2019", "Total Assets": "2,854,574", "Total Liabilities Net Minority Interest": "3,427,887", "Total Equity Gross Minority Interest": "-573,313", "Total Capitalization": "907,307", "Common Stock Equity": "-573,313", "Capital Lease Obligations": "-", "Net Tangible Assets": "-1,587,492", "Working Capital": "265,795", "Invested Capital": "915,508", "Tangible Book Value": "-1,587,492", "Total Debt": "1,488,821", "Net Debt": "1,396,014", "Share Issued": "52,461", "Ordinary Shares Number": "49,887", "Treasury Shares Number": "2,574"}}, "cf": {"TTM": {"Duration": "TTM", "Operating Cash Flow": "-138,493", "Investing Cash Flow": "-31,919", "Financing Cash Flow": "593,332", "End Cash Position": "476,514", "Income Tax Paid Supplemental Data": "-", "Interest Paid Supplemental Data": "-", "Capital Expenditure": "-31,572", "Issuance of Debt": "913,500", "Repayment of Debt": "-296,892", "Repurchase of Capital Stock": "-815", "Free Cash Flow": "-170,065"}, "3/31/2020": {"Duration": "3/31/2020", "Operating Cash Flow": "96,666", "Investing Cash Flow": "7,395", "Financing Cash Flow": "293,692", "End Cash Position": "485,463", "Income Tax Paid Supplemental Data": "-", "Interest Paid Supplemental Data": "-", "Capital Expenditure": "-39,834", "Issuance of Debt": "770,580", "Repayment of Debt": "-449,650", "Repurchase of Capital Stock": "-1,442", "Free Cash Flow": "56,832"}, "3/31/2019": {"Duration": "3/31/2019", "Operating Cash Flow": "-174,420", "Investing Cash Flow": "200,548", "Financing Cash Flow": "32,475", "End Cash Position": "92,807", "Income Tax Paid Supplemental Data": "-", "Interest Paid Supplemental Data": "-", "Capital Expenditure": "-47,099", "Issuance of Debt": "156,713", "Repayment of Debt": "-113,425", "Repurchase of Capital Stock": "-860", "Free Cash Flow": "-221,519"}}}}, {"TDG": {"quote": {"05/12/2021": {"value": "600.06", "Market Cap": "32.817B", "Beta (5Y Monthly)": "1.68", "PE Ratio (TTM)": "91.33", "EPS (TTM)": "6.57", "Earnings Date": "Aug 02, 2021 - Aug 06, 2021", "Forward Dividend & Yield": "N/A (N/A)", "Ex-Dividend Date": "Dec 27, 2019", "1y Target Est": "678.40"}}, "fin": {"TTM": {"Duration": "TTM", "Total Revenue": "4,746,000", "Cost of Revenue": "2,359,000", "Gross Profit": "2,387,000", "Operating Expense": "817,000", "Operating Income": "1,570,000", "Net Non Operating Interest Income Expense": "-1,054,000", "Other Income Expense": "-16,000", "Pretax Income": "500,000", "Tax Provision": "31,000", "Net Income Common Stockholders": "372,000", "Diluted NI Available to Com Stockholders": "372,000", "Basic EPS": "-", "Diluted EPS": "-", "Basic Average Shares": "-", "Diluted Average Shares": "-", "Total Operating Income as Reported": "1,506,000", "Total Expenses": "3,176,000", "Net Income from Continuing & Discontinued Operation": "445,000", "Normalized Income": "529,032", "Interest Expense": "1,048,000", "Net Interest Income": "-1,054,000", "EBIT": "1,548,000", "EBITDA": "1,820,000", "Reconciled Cost of Revenue": "2,245,000", "Reconciled Depreciation": "272,000", "Net Income from Continuing Operation Net Minority Interest": "469,000", "Total Unusual Items Excluding Goodwill": "-64,000", "Total Unusual Items": "-64,000", "Normalized EBITDA": "1,884,000", "Tax Rate for Calcs": "0", "Tax Effect of Unusual Items": "-3,968"}, "9/30/2020": {"Duration": "9/30/2020", "Total Revenue": "5,103,000", "Cost of Revenue": "2,456,000", "Gross Profit": "2,647,000", "Operating Expense": "845,000", "Operating Income": "1,802,000", "Net Non Operating Interest Income Expense": "-1,057,000", "Other Income Expense": "-5,000", "Pretax Income": "740,000", "Tax Provision": "87,000", "Net Income Common Stockholders": "514,000", "Diluted NI Available to Com Stockholders": "514,000", "Basic EPS": "8.96", "Diluted EPS": "8.96", "Basic Average Shares": "57,300", "Diluted Average Shares": "57,300", "Total Operating Income as Reported": "1,751,000", "Total Expenses": "3,301,000", "Net Income from Continuing & Discontinued Operation": "699,000", "Normalized Income": "697,033", "Interest Expense": "1,029,000", "Net Interest Income": "-1,057,000", "EBIT": "1,769,000", "EBITDA": "-", "Reconciled Cost of Revenue": "2,342,000", "Reconciled Depreciation": "283,000", "Net Income from Continuing Operation Net Minority Interest": "652,000", "Total Unusual Items Excluding Goodwill": "-51,000", "Total Unusual Items": "-51,000", "Normalized EBITDA": "2,103,000", "Tax Rate for Calcs": "0", "Tax Effect of Unusual Items": "-5,967"}, "9/30/2019": {"Duration": "9/30/2019", "Total Revenue": "5,223,203", "Cost of Revenue": "2,413,900", "Gross Profit": "2,809,271", "Operating Expense": "804,852", "Operating Income": "2,004,419", "Net Non Operating Interest Income Expense": "-862,766", "Other Income Expense": "-79,715", "Pretax Income": "1,062,865", "Tax Provision": "221,986", "Net Income Common Stockholders": "778,749", "Diluted NI Available to Com Stockholders": "778,749", "Basic EPS": "13.84", "Diluted EPS": "13.84", "Basic Average Shares": "56,265", "Diluted Average Shares": "56,265", "Total Operating Income as Reported": "1,926,546", "Total Expenses": "3,218,752", "Net Income from Continuing & Discontinued Operation": "889,770", "Normalized Income": "901,669", "Interest Expense": "859,753", "Net Interest Income": "-862,766", "EBIT": "1,922,618", "EBITDA": "-", "Reconciled Cost of Revenue": "2,323,152", "Reconciled Depreciation": "225,700", "Net Income from Continuing Operation Net Minority Interest": "839,338", "Total Unusual Items Excluding Goodwill": "-78,800", "Total Unusual Items": "-78,800", "Normalized EBITDA": "2,227,118", "Tax Rate for Calcs": "0", "Tax Effect of Unusual Items": "-16,469"}, "9/30/2018": {"Duration": "9/30/2018", "Total Revenue": "3,811,126", "Cost of Revenue": "1,633,600", "Gross Profit": "2,177,510", "Operating Expense": "514,954", "Operating Income": "1,662,556", "Net Non Operating Interest Income Expense": "-669,404", "Other Income Expense": "-7,600", "Pretax Income": "985,557", "Tax Provision": "24,021", "Net Income Common Stockholders": "900,914", "Diluted NI Available to Com Stockholders": "900,914", "Basic EPS": "16.20", "Diluted EPS": "16.20", "Basic Average Shares": "55,597", "Diluted Average Shares": "55,597", "Total Operating Income as Reported": "1,654,961", "Total Expenses": "2,148,554", "Net Income from Continuing & Discontinued Operation": "957,062", "Normalized Income": "968,954", "Interest Expense": "663,008", "Net Interest Income": "-669,404", "EBIT": "1,648,565", "EBITDA": "-", "Reconciled Cost of Revenue": "1,576,210", "Reconciled Depreciation": "129,844", "Net Income from Continuing Operation Net Minority Interest": "961,536", "Total Unusual Items Excluding Goodwill": "-7,600", "Total Unusual Items": "-7,600", "Normalized EBITDA": "1,786,009", "Tax Rate for Calcs": "0", "Tax Effect of Unusual Items": "-182.4"}}, "bs": {"9/30/2020": {"Duration": "9/30/2020", "Total Assets": "18,395,000", "Total Liabilities Net Minority Interest": "22,363,000", "Total Equity Gross Minority Interest": "-3,968,000", "Total Capitalization": "15,412,000", "Common Stock Equity": "-3,972,000", "Net Tangible Assets": "-14,471,000", "Working Capital": "5,344,000", "Invested Capital": "16,037,000", "Tangible Book Value": "-14,471,000", "Total Debt": "20,009,000", "Net Debt": "15,292,000", "Share Issued": "58,612", "Ordinary Shares Number": "54,414", "Treasury Shares Number": "4,198"}, "9/30/2019": {"Duration": "9/30/2019", "Total Assets": "16,254,731", "Total Liabilities Net Minority Interest": "19,139,814", "Total Equity Gross Minority Interest": "-2,885,083", "Total Capitalization": "13,574,316", "Common Stock Equity": "-2,894,905", "Net Tangible Assets": "-13,458,828", "Working Capital": "3,326,491", "Invested Capital": "14,004,048", "Tangible Book Value": "-13,458,828", "Total Debt": "16,898,953", "Net Debt": "15,431,467", "Share Issued": "57,623", "Ordinary Shares Number": "53,462", "Treasury Shares Number": "4,161"}, "9/30/2018": {"Duration": "9/30/2018", "Total Assets": "12,197,467", "Total Liabilities Net Minority Interest": "14,005,938", "Total Equity Gross Minority Interest": "-1,808,471", "Total Capitalization": "10,693,475", "Common Stock Equity": "-1,808,471", "Net Tangible Assets": "-9,820,165", "Working Capital": "2,756,905", "Invested Capital": "11,068,811", "Tangible Book Value": "-9,820,165", "Total Debt": "12,877,282", "Net Debt": "10,804,265", "Share Issued": "56,896", "Ordinary Shares Number": "52,734", "Treasury Shares Number": "4,161"}}, "cf": {"TTM": {"Duration": "TTM", "Operating Cash Flow": "1,054,000", "Investing Cash Flow": "-107,000", "Financing Cash Flow": "-244,000", "End Cash Position": "4,897,000", "Income Tax Paid Supplemental Data": "277,154", "Interest Paid Supplemental Data": "1,020,000", "Capital Expenditure": "-109,000", "Issuance of Debt": "2,872,238", "Repayment of Debt": "-93,000", "Repurchase of Capital Stock": "-19,000", "Free Cash Flow": "945,000"}, "9/30/2020": {"Duration": "9/30/2020", "Operating Cash Flow": "1,213,000", "Investing Cash Flow": "799,000", "Financing Cash Flow": "1,230,000", "End Cash Position": "4,717,000", "Income Tax Paid Supplemental Data": "223,000", "Interest Paid Supplemental Data": "923,000", "Capital Expenditure": "-105,000", "Issuance of Debt": "4,314,000", "Repayment of Debt": "-1,242,000", "Repurchase of Capital Stock": "-19,000", "Free Cash Flow": "1,108,000"}, "9/30/2019": {"Duration": "9/30/2019", "Operating Cash Flow": "1,015,472", "Investing Cash Flow": "-3,888,980", "Financing Cash Flow": "2,271,353", "End Cash Position": "1,467,486", "Income Tax Paid Supplemental Data": "215,154", "Interest Paid Supplemental Data": "877,531", "Capital Expenditure": "-101,591", "Issuance of Debt": "4,529,238", "Repayment of Debt": "-626,428", "Repurchase of Capital Stock": "0", "Free Cash Flow": "913,881"}, "9/30/2018": {"Duration": "9/30/2018", "Operating Cash Flow": "1,022,173", "Investing Cash Flow": "-683,577", "Financing Cash Flow": "1,085,600", "End Cash Position": "2,073,017", "Income Tax Paid Supplemental Data": "129,246", "Interest Paid Supplemental Data": "634,980", "Capital Expenditure": "-73,341", "Issuance of Debt": "13,269,302", "Repayment of Debt": "-12,174,305", "Repurchase of Capital Stock": "0", "Free Cash Flow": "948,832"}}}}, {"HII": {"quote": {"05/12/2021": {"value": "214.70", "Market Cap": "8.638B", "Beta (5Y Monthly)": "1.01", "PE Ratio (TTM)": "12.94", "EPS (TTM)": "16.59", "Earnings Date": "Aug 04, 2021 - Aug 09, 2021", "Forward Dividend & Yield": "4.56 (2.12%)", "Ex-Dividend Date": "May 27, 2021", "1y Target Est": "222.27"}}, "fin": {"TTM": {"Duration": "TTM", "Total Revenue": "9,361,000", "Cost of Revenue": "7,691,000", "Gross Profit": "1,670,000", "Operating Expense": "903,000", "Operating Income": "767,000", "Net Non Operating Interest Income Expense": "-114,000", "Other Income Expense": "157,000", "Pretax Income": "810,000", "Tax Provision": "114,000", "Net Income Common Stockholders": "696,000", "Diluted NI Available to Com Stockholders": "696,000", "Basic EPS": "-", "Diluted EPS": "-", "Basic Average Shares": "-", "Diluted Average Shares": "-", "Total Operating Income as Reported": "799,000", "Total Expenses": "8,594,000", "Interest Expense": "114,000", "Net Interest Income": "-114,000", "Net Income from Continuing & Discontinued Operation": "696,000", "Normalized Income": "696,000", "EBIT": "924,000", "EBITDA": "1,171,000", "Reconciled Cost of Revenue": "7,691,000", "Reconciled Depreciation": "247,000", "Net Income from Continuing Operation Net Minority Interest": "696,000", "Total Unusual Items Excluding Goodwill": "0", "Total Unusual Items": "0", "Normalized EBITDA": "1,171,000", "Tax Rate for Calcs": "0", "Tax Effect of Unusual Items": "0"}, "12/31/2020": {"Duration": "12/31/2020", "Total Revenue": "9,361,000", "Cost of Revenue": "7,691,000", "Gross Profit": "1,670,000", "Operating Expense": "903,000", "Operating Income": "767,000", "Net Non Operating Interest Income Expense": "-114,000", "Other Income Expense": "157,000", "Pretax Income": "810,000", "Tax Provision": "114,000", "Net Income Common Stockholders": "696,000", "Diluted NI Available to Com Stockholders": "696,000", "Basic EPS": "-", "Diluted EPS": "-", "Basic Average Shares": "-", "Diluted Average Shares": "-", "Total Operating Income as Reported": "799,000", "Total Expenses": "8,594,000", "Interest Expense": "114,000", "Net Interest Income": "-114,000", "Net Income from Continuing & Discontinued Operation": "696,000", "Normalized Income": "696,000", "EBIT": "924,000", "EBITDA": "-", "Reconciled Cost of Revenue": "7,691,000", "Reconciled Depreciation": "247,000", "Net Income from Continuing Operation Net Minority Interest": "696,000", "Total Unusual Items Excluding Goodwill": "0", "Total Unusual Items": "0", "Normalized EBITDA": "1,171,000", "Tax Rate for Calcs": "0", "Tax Effect of Unusual Items": "0"}, "12/31/2019": {"Duration": "12/31/2019", "Total Revenue": "8,899,000", "Cost of Revenue": "7,368,000", "Gross Profit": "1,531,000", "Operating Expense": "788,000", "Operating Income": "743,000", "Net Non Operating Interest Income Expense": "-70,000", "Other Income Expense": "10,000", "Pretax Income": "683,000", "Tax Provision": "134,000", "Net Income Common Stockholders": "549,000", "Diluted NI Available to Com Stockholders": "549,000", "Basic EPS": "13.26", "Diluted EPS": "13.26", "Basic Average Shares": "41,400", "Diluted Average Shares": "41,400", "Total Operating Income as Reported": "736,000", "Total Expenses": "8,156,000", "Interest Expense": "70,000", "Net Interest Income": "-70,000", "Net Income from Continuing & Discontinued Operation": "549,000", "Normalized Income": "572,316", "EBIT": "753,000", "EBITDA": "-", "Reconciled Cost of Revenue": "7,368,000", "Reconciled Depreciation": "227,000", "Net Income from Continuing Operation Net Minority Interest": "549,000", "Total Unusual Items Excluding Goodwill": "-29,000", "Total Unusual Items": "-29,000", "Normalized EBITDA": "1,009,000", "Tax Rate for Calcs": "0", "Tax Effect of Unusual Items": "-5,684"}, "12/31/2018": {"Duration": "12/31/2018", "Total Revenue": "8,176,000", "Cost of Revenue": "6,385,000", "Gross Profit": "1,791,000", "Operating Expense": "857,000", "Operating Income": "934,000", "Net Non Operating Interest Income Expense": "-58,000", "Other Income Expense": "95,000", "Pretax Income": "971,000", "Tax Provision": "135,000", "Net Income Common Stockholders": "836,000", "Diluted NI Available to Com Stockholders": "836,000", "Basic EPS": "19.09", "Diluted EPS": "19.09", "Basic Average Shares": "43,800", "Diluted Average Shares": "43,800", "Total Operating Income as Reported": "951,000", "Total Expenses": "7,242,000", "Interest Expense": "58,000", "Net Interest Income": "-58,000", "Net Income from Continuing & Discontinued Operation": "836,000", "Normalized Income": "821,363", "EBIT": "1,029,000", "EBITDA": "-", "Reconciled Cost of Revenue": "6,385,000", "Reconciled Depreciation": "203,000", "Net Income from Continuing Operation Net Minority Interest": "836,000", "Total Unusual Items Excluding Goodwill": "17,000", "Total Unusual Items": "17,000", "Normalized EBITDA": "1,215,000", "Tax Rate for Calcs": "0", "Tax Effect of Unusual Items": "2,363"}}, "bs": {"12/31/2020": {"Duration": "12/31/2020", "Total Assets": "8,157,000", "Total Liabilities Net Minority Interest": "6,256,000", "Total Equity Gross Minority Interest": "1,901,000", "Total Capitalization": "3,587,000", "Common Stock Equity": "1,901,000", "Capital Lease Obligations": "157,000", "Net Tangible Assets": "-228,000", "Working Capital": "218,000", "Invested Capital": "3,587,000", "Tangible Book Value": "-228,000", "Total Debt": "1,843,000", "Net Debt": "1,174,000", "Share Issued": "53,300", "Ordinary Shares Number": "40,500", "Treasury Shares Number": "12,800"}, "12/31/2019": {"Duration": "12/31/2019", "Total Assets": "7,031,000", "Total Liabilities Net Minority Interest": "5,443,000", "Total Equity Gross Minority Interest": "1,588,000", "Total Capitalization": "2,874,000", "Common Stock Equity": "1,588,000", "Capital Lease Obligations": "164,000", "Net Tangible Assets": "-277,000", "Working Capital": "-105,000", "Invested Capital": "2,874,000", "Tangible Book Value": "-277,000", "Total Debt": "1,450,000", "Net Debt": "1,211,000", "Share Issued": "53,200", "Ordinary Shares Number": "40,800", "Treasury Shares Number": "12,400"}, "12/31/2018": {"Duration": "12/31/2018", "Total Assets": "6,383,000", "Total Liabilities Net Minority Interest": "4,867,000", "Total Equity Gross Minority Interest": "1,516,000", "Total Capitalization": "2,799,000", "Common Stock Equity": "1,516,000", "Capital Lease Obligations": "-", "Net Tangible Assets": "-239,000", "Working Capital": "-84,000", "Invested Capital": "2,799,000", "Tangible Book Value": "-239,000", "Total Debt": "1,283,000", "Net Debt": "1,043,000", "Share Issued": "53,100", "Ordinary Shares Number": "41,900", "Treasury Shares Number": "11,200"}}, "cf": {"TTM": {"Duration": "TTM", "Operating Cash Flow": "1,093,000", "Investing Cash Flow": "-759,000", "Financing Cash Flow": "103,000", "End Cash Position": "512,000", "Income Tax Paid Supplemental Data": "155,000", "Interest Paid Supplemental Data": "89,000", "Capital Expenditure": "-353,000", "Issuance of Debt": "1,385,000", "Repayment of Debt": "-1,000,000", "Repurchase of Capital Stock": "-84,000", "Free Cash Flow": "740,000"}, "12/31/2020": {"Duration": "12/31/2020", "Operating Cash Flow": "1,093,000", "Investing Cash Flow": "-759,000", "Financing Cash Flow": "103,000", "End Cash Position": "512,000", "Income Tax Paid Supplemental Data": "155,000", "Interest Paid Supplemental Data": "89,000", "Capital Expenditure": "-353,000", "Issuance of Debt": "1,385,000", "Repayment of Debt": "-1,000,000", "Repurchase of Capital Stock": "-84,000", "Free Cash Flow": "740,000"}, "12/31/2019": {"Duration": "12/31/2019", "Operating Cash Flow": "896,000", "Investing Cash Flow": "-627,000", "Financing Cash Flow": "-434,000", "End Cash Position": "75,000", "Income Tax Paid Supplemental Data": "137,000", "Interest Paid Supplemental Data": "75,000", "Capital Expenditure": "-530,000", "Issuance of Debt": "5,119,000", "Repayment of Debt": "-5,119,000", "Repurchase of Capital Stock": "-262,000", "Free Cash Flow": "366,000"}, "12/31/2018": {"Duration": "12/31/2018", "Operating Cash Flow": "914,000", "Investing Cash Flow": "-476,000", "Financing Cash Flow": "-899,000", "End Cash Position": "240,000", "Income Tax Paid Supplemental Data": "142,000", "Interest Paid Supplemental Data": "62,000", "Capital Expenditure": "-463,000", "Issuance of Debt": "95,000", "Repayment of Debt": "-95,000", "Repurchase of Capital Stock": "-742,000", "Free Cash Flow": "451,000"}}}}, {"HEI-A": {"quote": {"05/12/2021": {"value": "129.35", "Market Cap": "17.975B", "Beta (5Y Monthly)": "1.28", "PE Ratio (TTM)": "67.72", "EPS (TTM)": "1.91", "Earnings Date": "N/A", "Forward Dividend & Yield": "0.16 (0.12%)", "Ex-Dividend Date": "Jan 06, 2021", "1y Target Est": "125.00"}}, "fin": {"TTM": {"Duration": "TTM", "Total Revenue": "1,698,636", "Cost of Revenue": "1,056,122", "Gross Profit": "642,514", "Operating Expense": "296,571", "Operating Income": "345,943", "Net Non Operating Interest Income Expense": "-11,324", "Other Income Expense": "1,882", "Pretax Income": "336,501", "Tax Provision": "54,200", "Net Income Common Stockholders": "262,692", "Diluted NI Available to Com Stockholders": "262,692", "Basic EPS": "-", "Diluted EPS": "-", "Basic Average Shares": "-", "Diluted Average Shares": "-", "Total Operating Income as Reported": "345,943", "Total Expenses": "1,352,693", "Net Income from Continuing & Discontinued Operation": "262,692", "Normalized Income": "262,692", "Interest Expense": "11,324", "Net Interest Income": "-11,324", "EBIT": "347,825", "EBITDA": "437,806", "Reconciled Cost of Revenue": "1,056,122", "Reconciled Depreciation": "89,981", "Net Income from Continuing Operation Net Minority Interest": "262,692", "Normalized EBITDA": "437,806", "Tax Rate for Calcs": "0", "Tax Effect of Unusual Items": "0"}, "10/31/2020": {"Duration": "10/31/2020", "Total Revenue": "1,787,009", "Cost of Revenue": "1,104,882", "Gross Profit": "682,127", "Operating Expense": "305,479", "Operating Income": "376,648", "Net Non Operating Interest Income Expense": "-13,159", "Other Income Expense": "1,366", "Pretax Income": "364,855", "Tax Provision": "29,000", "Net Income Common Stockholders": "313,984", "Diluted NI Available to Com Stockholders": "313,984", "Basic EPS": "2.33", "Diluted EPS": "2.29", "Basic Average Shares": "134,754", "Diluted Average Shares": "137,302", "Total Operating Income as Reported": "376,648", "Total Expenses": "1,410,361", "Net Income from Continuing & Discontinued Operation": "313,984", "Normalized Income": "313,984", "Interest Expense": "13,159", "Net Interest Income": "-13,159", "EBIT": "378,014", "EBITDA": "-", "Reconciled Cost of Revenue": "1,104,882", "Reconciled Depreciation": "88,561", "Net Income from Continuing Operation Net Minority Interest": "313,984", "Normalized EBITDA": "466,575", "Tax Rate for Calcs": "0", "Tax Effect of Unusual Items": "0"}, "10/31/2019": {"Duration": "10/31/2019", "Total Revenue": "2,055,647", "Cost of Revenue": "1,241,807", "Gross Profit": "813,840", "Operating Expense": "356,743", "Operating Income": "457,097", "Net Non Operating Interest Income Expense": "-21,695", "Other Income Expense": "2,439", "Pretax Income": "437,841", "Tax Provision": "78,100", "Net Income Common Stockholders": "327,896", "Diluted NI Available to Com Stockholders": "327,896", "Basic EPS": "2.45", "Diluted EPS": "2.39", "Basic Average Shares": "133,640", "Diluted Average Shares": "137,350", "Total Operating Income as Reported": "457,097", "Total Expenses": "1,598,550", "Net Income from Continuing & Discontinued Operation": "327,896", "Normalized Income": "327,896", "Interest Expense": "21,695", "Net Interest Income": "-21,695", "EBIT": "459,536", "EBITDA": "-", "Reconciled Cost of Revenue": "1,241,807", "Reconciled Depreciation": "83,497", "Net Income from Continuing Operation Net Minority Interest": "327,896", "Normalized EBITDA": "543,033", "Tax Rate for Calcs": "0", "Tax Effect of Unusual Items": "0"}, "10/31/2018": {"Duration": "10/31/2018", "Total Revenue": "1,777,721", "Cost of Revenue": "1,087,006", "Gross Profit": "690,715", "Operating Expense": "314,470", "Operating Income": "376,245", "Net Non Operating Interest Income Expense": "-19,901", "Other Income Expense": "-58", "Pretax Income": "356,286", "Tax Provision": "70,600", "Net Income Common Stockholders": "259,233", "Diluted NI Available to Com Stockholders": "259,233", "Basic EPS": "1.96", "Diluted EPS": "1.90", "Basic Average Shares": "132,543", "Diluted Average Shares": "136,696", "Total Operating Income as Reported": "376,245", "Total Expenses": "1,401,476", "Net Income from Continuing & Discontinued Operation": "259,233", "Normalized Income": "259,233", "Interest Expense": "19,901", "Net Interest Income": "-19,901", "EBIT": "376,187", "EBITDA": "-", "Reconciled Cost of Revenue": "1,087,006", "Reconciled Depreciation": "77,191", "Net Income from Continuing Operation Net Minority Interest": "259,233", "Normalized EBITDA": "453,378", "Tax Rate for Calcs": "0", "Tax Effect of Unusual Items": "0"}}, "bs": {"10/31/2020": {"Duration": "10/31/2020", "Total Assets": "3,547,711", "Total Liabilities Net Minority Interest": "1,537,104", "Total Equity Gross Minority Interest": "2,010,607", "Total Capitalization": "2,718,963", "Common Stock Equity": "1,980,177", "Capital Lease Obligations": "14,180", "Net Tangible Assets": "17,969", "Working Capital": "924,464", "Invested Capital": "2,720,008", "Tangible Book Value": "17,969", "Total Debt": "754,011", "Net Debt": "332,979", "Share Issued": "135,118", "Ordinary Shares Number": "135,118"}, "10/31/2019": {"Duration": "10/31/2019", "Total Assets": "2,969,211", "Total Liabilities Net Minority Interest": "1,274,551", "Total Equity Gross Minority Interest": "1,694,660", "Total Capitalization": "2,227,591", "Common Stock Equity": "1,666,542", "Capital Lease Obligations": "-", "Net Tangible Assets": "-152,854", "Working Capital": "524,593", "Invested Capital": "2,228,497", "Tangible Book Value": "-152,854", "Total Debt": "561,955", "Net Debt": "504,954", "Share Issued": "134,496", "Ordinary Shares Number": "134,496"}, "10/31/2018": {"Duration": "10/31/2018", "Total Assets": "2,653,396", "Total Liabilities Net Minority Interest": "1,150,388", "Total Equity Gross Minority Interest": "1,503,008", "Total Capitalization": "1,929,862", "Common Stock Equity": "1,398,251", "Capital Lease Obligations": "-", "Net Tangible Assets": "-222,941", "Working Capital": "451,379", "Invested Capital": "1,930,721", "Tangible Book Value": "-222,941", "Total Debt": "532,470", "Net Debt": "472,871", "Share Issued": "132,931", "Ordinary Shares Number": "132,931"}}, "cf": {"TTM": {"Duration": "TTM", "Operating Cash Flow": "435,188", "Investing Cash Flow": "-160,760", "Financing Cash Flow": "56,551", "End Cash Position": "394,950", "Capital Expenditure": "-31,599", "Issuance of Debt": "200,000", "Repayment of Debt": "-100,000", "Free Cash Flow": "403,589"}, "10/31/2020": {"Duration": "10/31/2020", "Operating Cash Flow": "409,125", "Investing Cash Flow": "-199,043", "Financing Cash Flow": "137,743", "End Cash Position": "406,852", "Capital Expenditure": "-22,940", "Issuance of Debt": "245,000", "Repayment of Debt": "-68,000", "Free Cash Flow": "386,185"}, "10/31/2019": {"Duration": "10/31/2019", "Operating Cash Flow": "437,378", "Investing Cash Flow": "-280,646", "Financing Cash Flow": "-159,720", "End Cash Position": "57,001", "Capital Expenditure": "-28,938", "Issuance of Debt": "313,000", "Repayment of Debt": "-283,000", "Free Cash Flow": "408,440"}, "10/31/2018": {"Duration": "10/31/2018", "Operating Cash Flow": "328,487", "Investing Cash Flow": "-113,511", "Financing Cash Flow": "-207,535", "End Cash Position": "59,599", "Capital Expenditure": "-41,871", "Issuance of Debt": "56,000", "Repayment of Debt": "-204,000", "Free Cash Flow": "286,616"}}}}, {"WWD": {"quote": {"05/12/2021": {"value": "124.79", "Market Cap": "7.927B", "Beta (5Y Monthly)": "1.72", "PE Ratio (TTM)": "39.28", "EPS (TTM)": "3.18", "Earnings Date": "Aug 04, 2021 - Aug 09, 2021", "Forward Dividend & Yield": "0.65 (0.52%)", "Ex-Dividend Date": "May 17, 2021", "1y Target Est": "131.43"}}, "fin": {"TTM": {"Duration": "TTM", "Total Revenue": "2,312,929", "Cost of Revenue": "1,722,145", "Gross Profit": "590,784", "Operating Expense": "340,060", "Operating Income": "250,724", "Net Non Operating Interest Income Expense": "-33,936", "Other Income Expense": "51,129", "Pretax Income": "267,917", "Tax Provision": "39,325", "Net Income Common Stockholders": "228,592", "Diluted NI Available to Com Stockholders": "228,592", "Basic EPS": "-", "Diluted EPS": "-", "Basic Average Shares": "-", "Diluted Average Shares": "-", "Total Expenses": "2,062,205", "Net Income from Continuing & Discontinued Operation": "228,592", "Normalized Income": "209,805", "Interest Income": "1,772", "Interest Expense": "35,708", "Net Interest Income": "-33,936", "EBIT": "303,625", "EBITDA": "435,409", "Reconciled Cost of Revenue": "1,722,145", "Reconciled Depreciation": "131,784", "Net Income from Continuing Operation Net Minority Interest": "228,592", "Total Unusual Items Excluding Goodwill": "22,019", "Total Unusual Items": "22,019", "Normalized EBITDA": "413,390", "Tax Rate for Calcs": "0", "Tax Effect of Unusual Items": "3,232"}, "9/30/2020": {"Duration": "9/30/2020", "Total Revenue": "2,495,665", "Cost of Revenue": "1,855,422", "Gross Profit": "640,243", "Operating Expense": "350,844", "Operating Income": "289,399", "Net Non Operating Interest Income Expense": "-34,047", "Other Income Expense": "26,529", "Pretax Income": "281,881", "Tax Provision": "41,486", "Net Income Common Stockholders": "240,395", "Diluted NI Available to Com Stockholders": "240,395", "Basic EPS": "3.86", "Diluted EPS": "3.74", "Basic Average Shares": "62,267", "Diluted Average Shares": "64,209", "Total Expenses": "2,206,266", "Net Income from Continuing & Discontinued Operation": "240,395", "Normalized Income": "242,667", "Interest Income": "1,764", "Interest Expense": "35,811", "Net Interest Income": "-34,047", "EBIT": "317,692", "EBITDA": "-", "Reconciled Cost of Revenue": "1,855,422", "Reconciled Depreciation": "131,158", "Net Income from Continuing Operation Net Minority Interest": "240,395", "Total Unusual Items Excluding Goodwill": "-2,663", "Total Unusual Items": "-2,663", "Normalized EBITDA": "451,513", "Tax Rate for Calcs": "0", "Tax Effect of Unusual Items": "-391.461"}, "9/30/2019": {"Duration": "9/30/2019", "Total Revenue": "2,900,197", "Cost of Revenue": "2,192,654", "Gross Profit": "707,543", "Operating Expense": "370,312", "Operating Income": "337,231", "Net Non Operating Interest Income Expense": "-42,588", "Other Income Expense": "25,969", "Pretax Income": "320,612", "Tax Provision": "61,010", "Net Income Common Stockholders": "259,602", "Diluted NI Available to Com Stockholders": "259,602", "Basic EPS": "4.19", "Diluted EPS": "4.02", "Basic Average Shares": "61,950", "Diluted Average Shares": "64,498", "Total Expenses": "2,562,966", "Net Income from Continuing & Discontinued Operation": "259,602", "Normalized Income": "260,398", "Interest Income": "1,413", "Interest Expense": "44,001", "Net Interest Income": "-42,588", "EBIT": "364,613", "EBITDA": "-", "Reconciled Cost of Revenue": "2,192,654", "Reconciled Depreciation": "142,004", "Net Income from Continuing Operation Net Minority Interest": "259,602", "Total Unusual Items Excluding Goodwill": "-983", "Total Unusual Items": "-983", "Normalized EBITDA": "507,600", "Tax Rate for Calcs": "0", "Tax Effect of Unusual Items": "-186.77"}, "9/30/2018": {"Duration": "9/30/2018", "Total Revenue": "2,325,873", "Cost of Revenue": "1,719,675", "Gross Profit": "606,198", "Operating Expense": "341,036", "Operating Income": "265,162", "Net Non Operating Interest Income Expense": "-30,096", "Other Income Expense": "-15,488", "Pretax Income": "219,578", "Tax Provision": "39,200", "Net Income Common Stockholders": "180,378", "Diluted NI Available to Com Stockholders": "180,378", "Basic EPS": "2.93", "Diluted EPS": "2.82", "Basic Average Shares": "61,493", "Diluted Average Shares": "63,876", "Total Expenses": "2,060,711", "Net Income from Continuing & Discontinued Operation": "180,378", "Normalized Income": "196,625", "Interest Income": "1,674", "Interest Expense": "31,770", "Net Interest Income": "-30,096", "EBIT": "251,348", "EBITDA": "-", "Reconciled Cost of Revenue": "1,719,675", "Reconciled Depreciation": "116,131", "Net Income from Continuing Operation Net Minority Interest": "180,378", "Total Unusual Items Excluding Goodwill": "-19,789", "Total Unusual Items": "-19,789", "Normalized EBITDA": "387,268", "Tax Rate for Calcs": "0", "Tax Effect of Unusual Items": "-3,542"}}, "bs": {"9/30/2020": {"Duration": "9/30/2020", "Total Assets": "3,903,336", "Total Liabilities Net Minority Interest": "1,910,659", "Total Equity Gross Minority Interest": "1,992,677", "Total Capitalization": "2,729,526", "Common Stock Equity": "1,992,677", "Capital Lease Obligations": "14,569", "Net Tangible Assets": "577,714", "Working Capital": "818,533", "Invested Capital": "2,831,160", "Tangible Book Value": "577,714", "Total Debt": "853,052", "Net Debt": "688,710", "Share Issued": "72,960", "Ordinary Shares Number": "62,484", "Treasury Shares Number": "10,476"}, "9/30/2019": {"Duration": "9/30/2019", "Total Assets": "3,956,526", "Total Liabilities Net Minority Interest": "2,229,785", "Total Equity Gross Minority Interest": "1,726,741", "Total Capitalization": "2,591,640", "Common Stock Equity": "1,726,741", "Capital Lease Obligations": "-", "Net Tangible Assets": "316,896", "Working Capital": "563,792", "Invested Capital": "2,811,640", "Tangible Book Value": "316,896", "Total Debt": "1,084,899", "Net Debt": "987,326", "Share Issued": "72,960", "Ordinary Shares Number": "61,709", "Treasury Shares Number": "11,251"}, "9/30/2018": {"Duration": "9/30/2018", "Total Assets": "3,790,649", "Total Liabilities Net Minority Interest": "2,252,545", "Total Equity Gross Minority Interest": "1,538,104", "Total Capitalization": "2,630,501", "Common Stock Equity": "1,538,104", "Capital Lease Obligations": "-", "Net Tangible Assets": "23,971", "Working Capital": "523,619", "Invested Capital": "2,784,136", "Tangible Book Value": "23,971", "Total Debt": "1,246,032", "Net Debt": "1,166,073", "Share Issued": "72,960", "Ordinary Shares Number": "61,555", "Treasury Shares Number": "11,405"}}, "cf": {"TTM": {"Duration": "TTM", "Operating Cash Flow": "468,771", "Investing Cash Flow": "-18,410", "Financing Cash Flow": "-402,072", "End Cash Position": "196,297", "Capital Expenditure": "-37,118", "Issuance of Capital Stock": "28,266", "Issuance of Debt": "860,902", "Repayment of Debt": "-1,245,192", "Repurchase of Capital Stock": "-", "Free Cash Flow": "431,653"}, "9/30/2020": {"Duration": "9/30/2020", "Operating Cash Flow": "349,491", "Investing Cash Flow": "-6,880", "Financing Cash Flow": "-290,242", "End Cash Position": "153,270", "Capital Expenditure": "-47,087", "Issuance of Capital Stock": "24,969", "Issuance of Debt": "1,248,135", "Repayment of Debt": "-1,512,336", "Repurchase of Capital Stock": "-13,346", "Free Cash Flow": "302,404"}, "9/30/2019": {"Duration": "9/30/2019", "Operating Cash Flow": "390,608", "Investing Cash Flow": "-102,527", "Financing Cash Flow": "-265,599", "End Cash Position": "99,073", "Capital Expenditure": "-99,066", "Issuance of Capital Stock": "36,044", "Issuance of Debt": "1,683,542", "Repayment of Debt": "-1,833,570", "Repurchase of Capital Stock": "-110,311", "Free Cash Flow": "291,542"}, "9/30/2018": {"Duration": "9/30/2018", "Operating Cash Flow": "299,292", "Investing Cash Flow": "-896,567", "Financing Cash Flow": "605,998", "End Cash Position": "83,594", "Capital Expenditure": "-127,140", "Issuance of Capital Stock": "9,132", "Issuance of Debt": "2,330,261", "Repayment of Debt": "-1,692,355", "Repurchase of Capital Stock": "0", "Free Cash Flow": "172,152"}}}}, {"NPK": {"quote": {"05/12/2021": {"value": "105.01", "Market Cap": "741.239M", "Beta (5Y Monthly)": "0.73", "PE Ratio (TTM)": "15.74", "EPS (TTM)": "6.67", "Earnings Date": "Jul 26, 2021 - Jul 30, 2021", "Forward Dividend & Yield": "1.00 (0.95%)", "Ex-Dividend Date": "Feb 26, 2021", "1y Target Est": "N/A"}}, "fin": {"TTM": {"Duration": "TTM", "Total Revenue": "352,627", "Cost of Revenue": "267,705", "Gross Profit": "84,922", "Operating Expense": "28,726", "Operating Income": "56,196", "Other Income Expense": "3,792", "Pretax Income": "59,988", "Tax Provision": "13,030", "Net Income Common Stockholders": "46,958", "Diluted NI Available to Com Stockholders": "46,958", "Basic EPS": "-", "Diluted EPS": "-", "Basic Average Shares": "-", "Diluted Average Shares": "-", "Total Operating Income as Reported": "56,196", "Total Expenses": "296,431", "Net Income from Continuing & Discontinued Operation": "46,958", "Normalized Income": "46,958", "EBIT": "56,196", "EBITDA": "59,201", "Reconciled Cost of Revenue": "264,921", "Reconciled Depreciation": "3,005", "Net Income from Continuing Operation Net Minority Interest": "46,958", "Total Unusual Items Excluding Goodwill": "0", "Total Unusual Items": "0", "Normalized EBITDA": "59,201", "Tax Rate for Calcs": "0", "Tax Effect of Unusual Items": "0"}, "12/31/2020": {"Duration": "12/31/2020", "Total Revenue": "352,627", "Cost of Revenue": "267,705", "Gross Profit": "84,922", "Operating Expense": "28,726", "Operating Income": "56,196", "Other Income Expense": "3,792", "Pretax Income": "59,988", "Tax Provision": "13,030", "Net Income Common Stockholders": "46,958", "Diluted NI Available to Com Stockholders": "46,958", "Basic EPS": "-", "Diluted EPS": "-", "Basic Average Shares": "-", "Diluted Average Shares": "-", "Total Operating Income as Reported": "56,196", "Total Expenses": "296,431", "Net Income from Continuing & Discontinued Operation": "46,958", "Normalized Income": "46,958", "EBIT": "56,196", "EBITDA": "-", "Reconciled Cost of Revenue": "264,921", "Reconciled Depreciation": "3,005", "Net Income from Continuing Operation Net Minority Interest": "46,958", "Total Unusual Items Excluding Goodwill": "0", "Total Unusual Items": "0", "Normalized EBITDA": "59,201", "Tax Rate for Calcs": "0", "Tax Effect of Unusual Items": "0"}, "12/31/2019": {"Duration": "12/31/2019", "Total Revenue": "308,510", "Cost of Revenue": "236,585", "Gross Profit": "71,925", "Operating Expense": "25,545", "Operating Income": "46,380", "Other Income Expense": "5,926", "Pretax Income": "52,306", "Tax Provision": "11,766", "Net Income Common Stockholders": "42,220", "Diluted NI Available to Com Stockholders": "42,220", "Basic EPS": "6.01", "Diluted EPS": "6.01", "Basic Average Shares": "7,027", "Diluted Average Shares": "7,027", "Total Operating Income as Reported": "46,380", "Total Expenses": "262,130", "Net Income from Continuing & Discontinued Operation": "42,220", "Normalized Income": "40,540", "EBIT": "46,380", "EBITDA": "-", "Reconciled Cost of Revenue": "232,979", "Reconciled Depreciation": "3,689", "Net Income from Continuing Operation Net Minority Interest": "40,540", "Total Unusual Items Excluding Goodwill": "0", "Total Unusual Items": "0", "Normalized EBITDA": "50,069", "Tax Rate for Calcs": "0", "Tax Effect of Unusual Items": "0"}, "12/31/2018": {"Duration": "12/31/2018", "Total Revenue": "323,317", "Cost of Revenue": "247,434", "Gross Profit": "75,883", "Operating Expense": "25,453", "Operating Income": "50,430", "Other Income Expense": "1,909", "Pretax Income": "52,339", "Tax Provision": "12,450", "Net Income Common Stockholders": "39,940", "Diluted NI Available to Com Stockholders": "39,940", "Basic EPS": "5.70", "Diluted EPS": "5.70", "Basic Average Shares": "7,005", "Diluted Average Shares": "7,005", "Total Operating Income as Reported": "47,902", "Total Expenses": "272,887", "Net Income from Continuing & Discontinued Operation": "39,940", "Normalized Income": "41,815", "EBIT": "50,430", "EBITDA": "-", "Reconciled Cost of Revenue": "243,382", "Reconciled Depreciation": "6,219", "Net Income from Continuing Operation Net Minority Interest": "39,889", "Total Unusual Items Excluding Goodwill": "-2,528", "Total Unusual Items": "-2,528", "Normalized EBITDA": "59,177", "Tax Rate for Calcs": "0", "Tax Effect of Unusual Items": "-601.664"}}, "bs": {"12/31/2020": {"Duration": "12/31/2020", "Total Assets": "433,170", "Total Liabilities Net Minority Interest": "58,822", "Total Equity Gross Minority Interest": "374,348", "Total Capitalization": "374,348", "Common Stock Equity": "374,348", "Capital Lease Obligations": "3,363", "Net Tangible Assets": "356,193", "Working Capital": "302,148", "Invested Capital": "374,348", "Tangible Book Value": "356,193", "Total Debt": "3,363", "Share Issued": "7,441", "Ordinary Shares Number": "7,025", "Treasury Shares Number": "415.085"}, "12/31/2019": {"Duration": "12/31/2019", "Total Assets": "410,253", "Total Liabilities Net Minority Interest": "42,296", "Total Equity Gross Minority Interest": "367,957", "Total Capitalization": "367,957", "Common Stock Equity": "367,957", "Capital Lease Obligations": "3,521", "Net Tangible Assets": "349,581", "Working Capital": "298,538", "Invested Capital": "367,957", "Tangible Book Value": "349,581", "Total Debt": "3,521", "Share Issued": "7,441", "Ordinary Shares Number": "7,006", "Treasury Shares Number": "434.195"}, "12/31/2018": {"Duration": "12/31/2018", "Total Assets": "413,618", "Total Liabilities Net Minority Interest": "47,495", "Total Equity Gross Minority Interest": "366,123", "Total Capitalization": "366,123", "Common Stock Equity": "366,123", "Capital Lease Obligations": "-", "Net Tangible Assets": "353,638", "Working Capital": "304,767", "Invested Capital": "366,123", "Tangible Book Value": "353,638", "Total Debt": "-", "Share Issued": "7,441", "Ordinary Shares Number": "6,981", "Treasury Shares Number": "459.438"}}, "cf": {"TTM": {"Duration": "TTM", "Operating Cash Flow": "40,973", "Investing Cash Flow": "7,155", "Financing Cash Flow": "-41,671", "End Cash Position": "86,036", "Income Tax Paid Supplemental Data": "13,803", "Capital Expenditure": "-2,621", "Issuance of Capital Stock": "528", "Free Cash Flow": "38,352"}, "12/31/2020": {"Duration": "12/31/2020", "Operating Cash Flow": "40,973", "Investing Cash Flow": "7,155", "Financing Cash Flow": "-41,671", "End Cash Position": "86,036", "Income Tax Paid Supplemental Data": "13,803", "Capital Expenditure": "-2,621", "Issuance of Capital Stock": "528", "Free Cash Flow": "38,352"}, "12/31/2019": {"Duration": "12/31/2019", "Operating Cash Flow": "9,583", "Investing Cash Flow": "55,160", "Financing Cash Flow": "-42,011", "End Cash Position": "79,579", "Income Tax Paid Supplemental Data": "10,187", "Capital Expenditure": "-3,138", "Issuance of Capital Stock": "518", "Free Cash Flow": "6,445"}, "12/31/2018": {"Duration": "12/31/2018", "Operating Cash Flow": "76,248", "Investing Cash Flow": "10,844", "Financing Cash Flow": "-41,467", "End Cash Position": "56,847", "Income Tax Paid Supplemental Data": "14,968", "Capital Expenditure": "-8,686", "Issuance of Capital Stock": "528", "Free Cash Flow": "67,562"}}}}, {"KLXI": {"quote": {"05/12/2021": {"value": "", "Net Assets": "N/A", "Beta (5Y Monthly)": "N/A", "Yield": "N/A", "5y Average Return": "N/A", "Holdings Turnover": "N/A", "Last Dividend": "N/A", "Average for Category": "N/A", "Inception Date": "N/A"}}, "fin": {}, "bs": {}, "cf": {}}}, {"TATT": {"quote": {"05/12/2021": {"value": "5.14", "Market Cap": "46.514M", "Beta (5Y Monthly)": "0.76", "PE Ratio (TTM)": "N/A", "EPS (TTM)": "-0.60", "Earnings Date": "May 25, 2021 - May 31, 2021", "Forward Dividend & Yield": "N/A (N/A)", "Ex-Dividend Date": "Jun 05, 2017", "1y Target Est": "N/A"}}, "fin": {"TTM": {"Duration": "TTM", "Total Revenue": "75,359", "Cost of Revenue": "66,924", "Gross Profit": "8,435", "Operating Expense": "12,481", "Operating Income": "-4,046", "Net Non Operating Interest Income Expense": "-770", "Other Income Expense": "-", "Pretax Income": "-4,816", "Tax Provision": "-1,517", "Earnings from Equity Interest Net of Tax": "-185", "Net Income Common Stockholders": "-5,329", "Diluted NI Available to Com Stockholders": "-5,329", "Basic EPS": "-", "Diluted EPS": "-", "Basic Average Shares": "-", "Diluted Average Shares": "-", "Total Operating Income as Reported": "-4,046", "Total Expenses": "79,405", "Net Income from Continuing & Discontinued Operation": "-5,329", "Normalized Income": "-3,484", "Interest Income": "229", "Interest Expense": "999", "Net Interest Income": "-770", "EBIT": "-3,817", "EBITDA": "248", "Reconciled Cost of Revenue": "66,924", "Reconciled Depreciation": "4,065", "Net Income from Continuing Operation Net Minority Interest": "-3,484", "Total Unusual Items Excluding Goodwill": "-", "Total Unusual Items": "-", "Normalized EBITDA": "248", "Tax Rate for Calcs": "0", "Tax Effect of Unusual Items": "0"}, "12/31/2020": {"Duration": "12/31/2020", "Total Revenue": "75,359", "Cost of Revenue": "66,924", "Gross Profit": "8,435", "Operating Expense": "12,481", "Operating Income": "-4,046", "Net Non Operating Interest Income Expense": "-770", "Other Income Expense": "-", "Pretax Income": "-4,816", "Tax Provision": "-1,517", "Earnings from Equity Interest Net of Tax": "-185", "Net Income Common Stockholders": "-5,329", "Diluted NI Available to Com Stockholders": "-5,329", "Basic EPS": "-", "Diluted EPS": "-", "Basic Average Shares": "-", "Diluted Average Shares": "-", "Total Operating Income as Reported": "-4,046", "Total Expenses": "79,405", "Net Income from Continuing & Discontinued Operation": "-5,329", "Normalized Income": "-3,484", "Interest Income": "229", "Interest Expense": "999", "Net Interest Income": "-770", "EBIT": "-3,817", "EBITDA": "-", "Reconciled Cost of Revenue": "66,924", "Reconciled Depreciation": "4,065", "Net Income from Continuing Operation Net Minority Interest": "-3,484", "Total Unusual Items Excluding Goodwill": "-", "Total Unusual Items": "-", "Normalized EBITDA": "248", "Tax Rate for Calcs": "0", "Tax Effect of Unusual Items": "0"}, "12/31/2019": {"Duration": "12/31/2019", "Total Revenue": "102,032", "Cost of Revenue": "86,470", "Gross Profit": "15,562", "Operating Expense": "13,584", "Operating Income": "1,978", "Net Non Operating Interest Income Expense": "-451", "Other Income Expense": "-", "Pretax Income": "1,527", "Tax Provision": "589", "Earnings from Equity Interest Net of Tax": "-132", "Net Income Common Stockholders": "806", "Diluted NI Available to Com Stockholders": "806", "Basic EPS": "0.10", "Diluted EPS": "0.10", "Basic Average Shares": "8,875", "Diluted Average Shares": "8,875", "Total Operating Income as Reported": "1,978", "Total Expenses": "100,054", "Net Income from Continuing & Discontinued Operation": "806", "Normalized Income": "806", "Interest Income": "848", "Interest Expense": "1,299", "Net Interest Income": "-451", "EBIT": "2,826", "EBITDA": "-", "Reconciled Cost of Revenue": "86,470", "Reconciled Depreciation": "4,372", "Net Income from Continuing Operation Net Minority Interest": "806", "Total Unusual Items Excluding Goodwill": "-", "Total Unusual Items": "-", "Normalized EBITDA": "7,198", "Tax Rate for Calcs": "0", "Tax Effect of Unusual Items": "0"}, "12/31/2018": {"Duration": "12/31/2018", "Total Revenue": "93,178", "Cost of Revenue": "84,787", "Gross Profit": "8,391", "Operating Expense": "14,021", "Operating Income": "-5,630", "Net Non Operating Interest Income Expense": "-102", "Other Income Expense": "-", "Pretax Income": "-5,732", "Tax Provision": "-1,464", "Earnings from Equity Interest Net of Tax": "-140", "Net Income Common Stockholders": "-4,408", "Diluted NI Available to Com Stockholders": "-4,408", "Basic EPS": "-0.50", "Diluted EPS": "-0.50", "Basic Average Shares": "8,865", "Diluted Average Shares": "8,865", "Total Operating Income as Reported": "-5,630", "Total Expenses": "98,808", "Net Income from Continuing & Discontinued Operation": "-4,408", "Normalized Income": "-4,408", "Interest Income": "1,467", "Interest Expense": "1,569", "Net Interest Income": "-102", "EBIT": "-4,163", "EBITDA": "-", "Reconciled Cost of Revenue": "84,787", "Reconciled Depreciation": "4,185", "Net Income from Continuing Operation Net Minority Interest": "-4,408", "Total Unusual Items Excluding Goodwill": "-", "Total Unusual Items": "-", "Normalized EBITDA": "22", "Tax Rate for Calcs": "0", "Tax Effect of Unusual Items": "0"}}, "bs": {"12/31/2020": {"Duration": "12/31/2020", "Total Assets": "116,121", "Total Liabilities Net Minority Interest": "35,840", "Total Equity Gross Minority Interest": "80,281", "Total Capitalization": "83,770", "Common Stock Equity": "80,281", "Capital Lease Obligations": "7,372", "Net Tangible Assets": "78,806", "Working Capital": "54,260", "Invested Capital": "88,247", "Tangible Book Value": "78,806", "Total Debt": "15,338", "Share Issued": "9,149", "Ordinary Shares Number": "8,875", "Treasury Shares Number": "274.473"}, "12/31/2019": {"Duration": "12/31/2019", "Total Assets": "114,675", "Total Liabilities Net Minority Interest": "29,305", "Total Equity Gross Minority Interest": "85,370", "Total Capitalization": "85,370", "Common Stock Equity": "85,370", "Capital Lease Obligations": "7,018", "Net Tangible Assets": "84,593", "Working Capital": "62,934", "Invested Capital": "85,370", "Tangible Book Value": "84,593", "Total Debt": "7,018", "Share Issued": "9,149", "Ordinary Shares Number": "8,875", "Treasury Shares Number": "274.473"}, "12/31/2018": {"Duration": "12/31/2018", "Total Assets": "103,287", "Total Liabilities Net Minority Interest": "18,993", "Total Equity Gross Minority Interest": "84,294", "Total Capitalization": "84,294", "Common Stock Equity": "84,294", "Capital Lease Obligations": "-", "Net Tangible Assets": "83,383", "Working Capital": "62,778", "Invested Capital": "84,294", "Tangible Book Value": "83,383", "Total Debt": "-", "Share Issued": "9,149", "Ordinary Shares Number": "8,875", "Treasury Shares Number": "274.473"}}, "cf": {"TTM": {"Duration": "TTM", "Operating Cash Flow": "6,100", "Investing Cash Flow": "-5,407", "Financing Cash Flow": "7,652", "Cash Flow from Discontinued Operation": "153", "End Cash Position": "24,304", "Income Tax Paid Supplemental Data": "3", "Interest Paid Supplemental Data": "3", "Capital Expenditure": "-5,407", "Issuance of Debt": "7,652", "Repayment of Debt": "-", "Free Cash Flow": "693"}, "12/31/2020": {"Duration": "12/31/2020", "Operating Cash Flow": "6,100", "Investing Cash Flow": "-5,407", "Financing Cash Flow": "7,652", "Cash Flow from Discontinued Operation": "153", "End Cash Position": "24,304", "Income Tax Paid Supplemental Data": "3", "Interest Paid Supplemental Data": "3", "Capital Expenditure": "-5,407", "Issuance of Debt": "7,652", "Repayment of Debt": "-", "Free Cash Flow": "693"}, "12/31/2019": {"Duration": "12/31/2019", "Operating Cash Flow": "3,422", "Investing Cash Flow": "-3,413", "Financing Cash Flow": "0", "Cash Flow from Discontinued Operation": "-", "End Cash Position": "15,959", "Income Tax Paid Supplemental Data": "-", "Interest Paid Supplemental Data": "28", "Capital Expenditure": "-3,403", "Issuance of Debt": "-", "Repayment of Debt": "-", "Free Cash Flow": "19"}, "12/31/2018": {"Duration": "12/31/2018", "Operating Cash Flow": "2,080", "Investing Cash Flow": "-3,841", "Financing Cash Flow": "197", "Cash Flow from Discontinued Operation": "-", "End Cash Position": "15,950", "Income Tax Paid Supplemental Data": "1,087", "Interest Paid Supplemental Data": "10", "Capital Expenditure": "-4,270", "Issuance of Debt": "-", "Repayment of Debt": "-", "Free Cash Flow": "-2,190"}}}}, {"BUKS": {"quote": {"05/12/2021": {"value": "0.5900", "Market Cap": "43.68M", "Beta (5Y Monthly)": "0.78", "PE Ratio (TTM)": "N/A", "EPS (TTM)": "-0.0080", "Earnings Date": "Mar 15, 2021", "Forward Dividend & Yield": "N/A (N/A)", "Ex-Dividend Date": "N/A", "1y Target Est": "N/A"}}, "fin": {"TTM": {"Duration": "TTM", "Total Revenue": "56,189", "Cost of Revenue": "41,441", "Gross Profit": "14,748", "Operating Expense": "13,395", "Operating Income": "1,353", "Net Non Operating Interest Income Expense": "-3,483", "Other Income Expense": "45", "Pretax Income": "-2,085", "Tax Provision": "-448", "Net Income Common Stockholders": "-583", "Diluted NI Available to Com Stockholders": "-583", "Basic EPS": "-", "Diluted EPS": "-", "Basic Average Shares": "-", "Diluted Average Shares": "-", "Total Operating Income as Reported": "1,353", "Total Expenses": "54,836", "Interest Expense": "3,483", "Net Interest Income": "-3,483", "Net Income from Continuing & Discontinued Operation": "-583", "Normalized Income": "-612.835", "EBIT": "1,398", "EBITDA": "7,562", "Reconciled Cost of Revenue": "41,441", "Reconciled Depreciation": "6,164", "Net Income from Continuing Operation Net Minority Interest": "-583", "Total Unusual Items Excluding Goodwill": "38", "Total Unusual Items": "38", "Normalized EBITDA": "7,524", "Tax Rate for Calcs": "0", "Tax Effect of Unusual Items": "8.165"}, "4/30/2020": {"Duration": "4/30/2020", "Total Revenue": "65,871", "Cost of Revenue": "43,517", "Gross Profit": "22,354", "Operating Expense": "14,048", "Operating Income": "8,306", "Net Non Operating Interest Income Expense": "-4,368", "Other Income Expense": "642", "Pretax Income": "4,580", "Tax Provision": "1,334", "Net Income Common Stockholders": "4,234", "Diluted NI Available to Com Stockholders": "4,234", "Basic EPS": "0.06", "Diluted EPS": "0.06", "Basic Average Shares": "68,623", "Diluted Average Shares": "68,623", "Total Operating Income as Reported": "8,306", "Total Expenses": "57,565", "Interest Expense": "4,368", "Net Interest Income": "-4,368", "Net Income from Continuing & Discontinued Operation": "4,234", "Normalized Income": "3,746", "EBIT": "8,948", "EBITDA": "-", "Reconciled Cost of Revenue": "43,517", "Reconciled Depreciation": "6,357", "Net Income from Continuing Operation Net Minority Interest": "4,234", "Total Unusual Items Excluding Goodwill": "642", "Total Unusual Items": "642", "Normalized EBITDA": "14,663", "Tax Rate for Calcs": "0", "Tax Effect of Unusual Items": "153.8232"}, "4/30/2019": {"Duration": "4/30/2019", "Total Revenue": "58,710", "Cost of Revenue": "39,142", "Gross Profit": "19,568", "Operating Expense": "12,295", "Operating Income": "7,273", "Net Non Operating Interest Income Expense": "-248", "Other Income Expense": "-", "Pretax Income": "7,025", "Tax Provision": "1,375", "Net Income Common Stockholders": "3,853", "Diluted NI Available to Com Stockholders": "3,853", "Basic EPS": "0.06", "Diluted EPS": "0.06", "Basic Average Shares": "64,512", "Diluted Average Shares": "64,512", "Total Operating Income as Reported": "5,278", "Total Expenses": "51,437", "Interest Expense": "248", "Net Interest Income": "-248", "Net Income from Continuing & Discontinued Operation": "3,853", "Normalized Income": "3,853", "EBIT": "7,273", "EBITDA": "-", "Reconciled Cost of Revenue": "39,142", "Reconciled Depreciation": "3,376", "Net Income from Continuing Operation Net Minority Interest": "3,853", "Total Unusual Items Excluding Goodwill": "-", "Total Unusual Items": "-", "Normalized EBITDA": "10,649", "Tax Rate for Calcs": "0", "Tax Effect of Unusual Items": "0"}, "4/30/2018": {"Duration": "4/30/2018", "Total Revenue": "48,260", "Cost of Revenue": "32,052", "Gross Profit": "16,208", "Operating Expense": "14,085", "Operating Income": "2,123", "Net Non Operating Interest Income Expense": "-331", "Other Income Expense": "4", "Pretax Income": "1,796", "Tax Provision": "540", "Net Income Common Stockholders": "341", "Diluted NI Available to Com Stockholders": "341", "Basic EPS": "0.01", "Diluted EPS": "0.01", "Basic Average Shares": "64,388", "Diluted Average Shares": "64,388", "Total Operating Income as Reported": "2,123", "Total Expenses": "46,137", "Interest Expense": "331", "Net Interest Income": "-331", "Net Income from Continuing & Discontinued Operation": "341", "Normalized Income": "341", "EBIT": "2,127", "EBITDA": "-", "Reconciled Cost of Revenue": "30,465", "Reconciled Depreciation": "3,347", "Net Income from Continuing Operation Net Minority Interest": "341", "Total Unusual Items Excluding Goodwill": "0", "Total Unusual Items": "0", "Normalized EBITDA": "5,474", "Tax Rate for Calcs": "0", "Tax Effect of Unusual Items": "0"}}, "bs": {"4/30/2020": {"Duration": "4/30/2020", "Total Assets": "94,918", "Total Liabilities Net Minority Interest": "57,114", "Total Equity Gross Minority Interest": "37,804", "Total Capitalization": "36,022", "Common Stock Equity": "32,811", "Capital Lease Obligations": "43,374", "Net Tangible Assets": "26,328", "Working Capital": "18,885", "Invested Capital": "38,250", "Tangible Book Value": "26,328", "Total Debt": "48,813", "Net Debt": "-", "Share Issued": "77,720", "Ordinary Shares Number": "74,398", "Treasury Shares Number": "3,321"}, "4/30/2019": {"Duration": "4/30/2019", "Total Assets": "48,902", "Total Liabilities Net Minority Interest": "14,558", "Total Equity Gross Minority Interest": "34,344", "Total Capitalization": "30,079", "Common Stock Equity": "28,003", "Capital Lease Obligations": "1,697", "Net Tangible Assets": "21,596", "Working Capital": "13,435", "Invested Capital": "31,978", "Tangible Book Value": "21,596", "Total Debt": "5,672", "Net Debt": "-", "Share Issued": "71,008", "Ordinary Shares Number": "68,281", "Treasury Shares Number": "2,727"}, "4/30/2018": {"Duration": "4/30/2018", "Total Assets": "41,431", "Total Liabilities Net Minority Interest": "12,165", "Total Equity Gross Minority Interest": "29,266", "Total Capitalization": "25,737", "Common Stock Equity": "24,002", "Capital Lease Obligations": "-", "Net Tangible Assets": "17,405", "Working Capital": "8,346", "Invested Capital": "29,736", "Tangible Book Value": "17,405", "Total Debt": "5,734", "Net Debt": "-", "Share Issued": "66,197", "Ordinary Shares Number": "64,743", "Treasury Shares Number": "1,454"}}, "cf": {"TTM": {"Duration": "TTM", "Operating Cash Flow": "6,543", "Investing Cash Flow": "-6,636", "Financing Cash Flow": "2,532", "End Cash Position": "18,221", "Income Tax Paid Supplemental Data": "1,486", "Interest Paid Supplemental Data": "3,467", "Capital Expenditure": "-6,681", "Issuance of Debt": "-", "Repayment of Debt": "-3,145", "Repurchase of Capital Stock": "-185", "Free Cash Flow": "-138"}, "4/30/2020": {"Duration": "4/30/2020", "Operating Cash Flow": "10,044", "Investing Cash Flow": "-2,070", "Financing Cash Flow": "-195", "End Cash Position": "16,793", "Income Tax Paid Supplemental Data": "1,360", "Interest Paid Supplemental Data": "4,365", "Capital Expenditure": "-3,165", "Issuance of Debt": "3,383", "Repayment of Debt": "-2,892", "Repurchase of Capital Stock": "-326", "Free Cash Flow": "6,879"}, "4/30/2019": {"Duration": "4/30/2019", "Operating Cash Flow": "9,563", "Investing Cash Flow": "-4,985", "Financing Cash Flow": "-2,917", "End Cash Position": "9,014", "Income Tax Paid Supplemental Data": "105", "Interest Paid Supplemental Data": "251", "Capital Expenditure": "-4,985", "Issuance of Debt": "2,325", "Repayment of Debt": "-4,086", "Repurchase of Capital Stock": "-436", "Free Cash Flow": "4,578"}, "4/30/2018": {"Duration": "4/30/2018", "Operating Cash Flow": "6,314", "Investing Cash Flow": "-2,289", "Financing Cash Flow": "-3,061", "End Cash Position": "7,353", "Income Tax Paid Supplemental Data": "615", "Interest Paid Supplemental Data": "331", "Capital Expenditure": "-2,289", "Issuance of Debt": "0", "Repayment of Debt": "-2,297", "Repurchase of Capital Stock": "-187", "Free Cash Flow": "4,025"}}}}, {"ISSC": {"quote": {"05/12/2021": {"value": "5.77", "Market Cap": "99.486M", "Beta (5Y Monthly)": "1.25", "PE Ratio (TTM)": "32.06", "EPS (TTM)": "0.18", "Earnings Date": "May 12, 2021", "Forward Dividend & Yield": "N/A (N/A)", "Ex-Dividend Date": "Dec 18, 2020", "1y Target Est": "N/A"}}, "fin": {"TTM": {"Duration": "TTM", "Total Revenue": "21,953", "Cost of Revenue": "10,187", "Gross Profit": "11,766", "Operating Expense": "9,020", "Operating Income": "2,746", "Net Non Operating Interest Income Expense": "76.959", "Other Income Expense": "59.609", "Pretax Income": "2,883", "Tax Provision": "-299.385", "Net Income Common Stockholders": "3,182", "Diluted NI Available to Com Stockholders": "3,182", "Basic EPS": "-", "Diluted EPS": "-", "Basic Average Shares": "-", "Diluted Average Shares": "-", "Total Operating Income as Reported": "2,746", "Total Expenses": "19,207", "Net Income from Continuing & Discontinued Operation": "3,182", "Normalized Income": "3,182", "Interest Income": "76.959", "Net Interest Income": "76.959", "EBIT": "2,746", "EBITDA": "3,189", "Reconciled Cost of Revenue": "10,187", "Reconciled Depreciation": "443.057", "Net Income from Continuing Operation Net Minority Interest": "3,182", "Normalized EBITDA": "3,189", "Tax Rate for Calcs": "0", "Tax Effect of Unusual Items": "0"}, "9/30/2020": {"Duration": "9/30/2020", "Total Revenue": "21,595", "Cost of Revenue": "9,793", "Gross Profit": "11,802", "Operating Expense": "9,057", "Operating Income": "2,745", "Net Non Operating Interest Income Expense": "154.95", "Other Income Expense": "60.497", "Pretax Income": "2,961", "Tax Provision": "-308.882", "Net Income Common Stockholders": "3,270", "Diluted NI Available to Com Stockholders": "3,270", "Basic EPS": "0.19", "Diluted EPS": "0.19", "Basic Average Shares": "16,939", "Diluted Average Shares": "17,114", "Total Operating Income as Reported": "2,745", "Total Expenses": "18,850", "Net Income from Continuing & Discontinued Operation": "3,270", "Normalized Income": "3,270", "Interest Income": "154.95", "Net Interest Income": "154.95", "EBIT": "2,745", "EBITDA": "-", "Reconciled Cost of Revenue": "9,793", "Reconciled Depreciation": "433.51", "Net Income from Continuing Operation Net Minority Interest": "3,270", "Normalized EBITDA": "3,179", "Tax Rate for Calcs": "0", "Tax Effect of Unusual Items": "0"}, "9/30/2019": {"Duration": "9/30/2019", "Total Revenue": "17,573", "Cost of Revenue": "7,676", "Gross Profit": "9,896", "Operating Expense": "8,368", "Operating Income": "1,529", "Net Non Operating Interest Income Expense": "249.62", "Other Income Expense": "73.737", "Pretax Income": "1,852", "Tax Provision": "1.805", "Net Income Common Stockholders": "1,850", "Diluted NI Available to Com Stockholders": "1,850", "Basic EPS": "0.11", "Diluted EPS": "0.11", "Basic Average Shares": "16,868", "Diluted Average Shares": "16,942", "Total Operating Income as Reported": "1,529", "Total Expenses": "16,044", "Net Income from Continuing & Discontinued Operation": "1,850", "Normalized Income": "1,850", "Interest Income": "249.62", "Net Interest Income": "249.62", "EBIT": "1,529", "EBITDA": "-", "Reconciled Cost of Revenue": "7,676", "Reconciled Depreciation": "451.278", "Net Income from Continuing Operation Net Minority Interest": "1,850", "Normalized EBITDA": "1,980", "Tax Rate for Calcs": "0", "Tax Effect of Unusual Items": "0"}, "9/30/2018": {"Duration": "9/30/2018", "Total Revenue": "13,850", "Cost of Revenue": "7,312", "Gross Profit": "6,538", "Operating Expense": "10,250", "Operating Income": "-3,712", "Net Non Operating Interest Income Expense": "53.561", "Other Income Expense": "67.724", "Pretax Income": "-3,590", "Tax Provision": "63.651", "Net Income Common Stockholders": "-3,654", "Diluted NI Available to Com Stockholders": "-3,654", "Basic EPS": "-0.22", "Diluted EPS": "-0.22", "Basic Average Shares": "16,806", "Diluted Average Shares": "16,806", "Total Operating Income as Reported": "-3,712", "Total Expenses": "17,562", "Net Income from Continuing & Discontinued Operation": "-3,654", "Normalized Income": "-3,654", "Interest Income": "53.561", "Net Interest Income": "53.561", "EBIT": "-3,712", "EBITDA": "-", "Reconciled Cost of Revenue": "7,312", "Reconciled Depreciation": "436.208", "Net Income from Continuing Operation Net Minority Interest": "-3,654", "Normalized EBITDA": "-3,275", "Tax Rate for Calcs": "0", "Tax Effect of Unusual Items": "0"}}, "bs": {"9/30/2020": {"Duration": "9/30/2020", "Total Assets": "41,546", "Total Liabilities Net Minority Interest": "13,777", "Total Equity Gross Minority Interest": "27,769", "Total Capitalization": "27,769", "Common Stock Equity": "27,769", "Capital Lease Obligations": "45.126", "Net Tangible Assets": "27,656", "Working Capital": "19,473", "Invested Capital": "27,769", "Tangible Book Value": "27,656", "Total Debt": "45.126", "Share Issued": "19,311", "Ordinary Shares Number": "17,214", "Treasury Shares Number": "2,096"}, "9/30/2019": {"Duration": "9/30/2019", "Total Assets": "38,557", "Total Liabilities Net Minority Interest": "2,349", "Total Equity Gross Minority Interest": "36,208", "Total Capitalization": "36,208", "Common Stock Equity": "36,208", "Capital Lease Obligations": "-", "Net Tangible Assets": "36,159", "Working Capital": "27,739", "Invested Capital": "36,208", "Tangible Book Value": "36,159", "Total Debt": "-", "Share Issued": "19,005", "Ordinary Shares Number": "16,909", "Treasury Shares Number": "2,096"}, "9/30/2018": {"Duration": "9/30/2018", "Total Assets": "37,634", "Total Liabilities Net Minority Interest": "3,479", "Total Equity Gross Minority Interest": "34,154", "Total Capitalization": "34,154", "Common Stock Equity": "34,154", "Capital Lease Obligations": "-", "Net Tangible Assets": "34,086", "Working Capital": "25,315", "Invested Capital": "34,154", "Tangible Book Value": "34,086", "Total Debt": "-", "Share Issued": "18,937", "Ordinary Shares Number": "16,841", "Treasury Shares Number": "2,096"}}, "cf": {"TTM": {"Duration": "TTM", "Operating Cash Flow": "4,117", "Investing Cash Flow": "-174.214", "Financing Cash Flow": "-20,493", "End Cash Position": "5,608", "Income Tax Paid Supplemental Data": "0", "Capital Expenditure": "-174.214", "Issuance of Debt": "-", "Repayment of Debt": "-", "Repurchase of Capital Stock": "-", "Free Cash Flow": "3,943"}, "9/30/2020": {"Duration": "9/30/2020", "Operating Cash Flow": "2,192", "Investing Cash Flow": "-118.797", "Financing Cash Flow": "-705.333", "End Cash Position": "23,785", "Income Tax Paid Supplemental Data": "2.456", "Capital Expenditure": "-118.797", "Issuance of Debt": "1,204", "Repayment of Debt": "-1,204", "Repurchase of Capital Stock": "-", "Free Cash Flow": "2,073"}, "9/30/2019": {"Duration": "9/30/2019", "Operating Cash Flow": "2,107", "Investing Cash Flow": "-81.281", "Financing Cash Flow": "0", "End Cash Position": "22,417", "Income Tax Paid Supplemental Data": "0.456", "Capital Expenditure": "-81.281", "Issuance of Debt": "-", "Repayment of Debt": "-", "Repurchase of Capital Stock": "0", "Free Cash Flow": "2,026"}, "9/30/2018": {"Duration": "9/30/2018", "Operating Cash Flow": "-1,741", "Investing Cash Flow": "-2,549", "Financing Cash Flow": "0", "End Cash Position": "20,391", "Income Tax Paid Supplemental Data": "0", "Capital Expenditure": "-2,549", "Issuance of Debt": "-", "Repayment of Debt": "-", "Repurchase of Capital Stock": "0", "Free Cash Flow": "-4,290"}}}}, {"TPAC": {"quote": {"05/12/2021": {"value": "0.0002", "Market Cap": "1.644M", "Beta (5Y Monthly)": "-145.25", "PE Ratio (TTM)": "N/A", "EPS (TTM)": "-0.0010", "Earnings Date": "N/A", "Forward Dividend & Yield": "N/A (N/A)", "Ex-Dividend Date": "N/A", "1y Target Est": "N/A"}}, "fin": {}, "bs": {}, "cf": {}}}, {"CYIO": {"quote": {"05/12/2021": {"value": "0.2224", "Market Cap": "17.348M", "Beta (5Y Monthly)": "0.78", "PE Ratio (TTM)": "N/A", "EPS (TTM)": "-0.0020", "Earnings Date": "N/A", "Forward Dividend & Yield": "N/A (N/A)", "Ex-Dividend Date": "N/A", "1y Target Est": "N/A"}}, "fin": {}, "bs": {}, "cf": {}}}, {"RTX": {"quote": {"05/12/2021": {"value": "84.33", "Market Cap": "127.768B", "Beta (5Y Monthly)": "1.07", "PE Ratio (TTM)": "N/A", "EPS (TTM)": "N/A", "Earnings Date": "Jul 26, 2021 - Jul 30, 2021", "Forward Dividend & Yield": "2.04 (2.40%)", "Ex-Dividend Date": "May 20, 2021", "1y Target Est": "94.18"}}, "fin": {"TTM": {"Duration": "TTM", "Total Revenue": "56,587,000", "Cost of Revenue": "48,056,000", "Gross Profit": "8,531,000", "Operating Expense": "7,237,000", "Operating Income": "1,294,000", "Net Non Operating Interest Income Expense": "-1,366,000", "Other Income Expense": "-2,281,000", "Pretax Income": "-2,353,000", "Tax Provision": "575,000", "Net Income Common Stockholders": "-3,519,000", "Diluted NI Available to Com Stockholders": "-3,519,000", "Basic EPS": "-", "Diluted EPS": "-", "Basic Average Shares": "-", "Diluted Average Shares": "-", "Total Operating Income as Reported": "-1,889,000", "Total Expenses": "55,293,000", "Net Income from Continuing & Discontinued Operation": "-3,519,000", "Normalized Income": "-785,410", "Interest Income": "42,000", "Interest Expense": "1,408,000", "Net Interest Income": "-1,366,000", "EBIT": "-945,000", "EBITDA": "3,211,000", "Reconciled Cost of Revenue": "48,056,000", "Reconciled Depreciation": "4,156,000", "Net Income from Continuing Operation Net Minority Interest": "-3,109,000", "Total Unusual Items Excluding Goodwill": "-3,183,000", "Total Unusual Items": "-3,183,000", "Normalized EBITDA": "6,394,000", "Tax Rate for Calcs": "0", "Tax Effect of Unusual Items": "-859,410"}, "12/31/2020": {"Duration": "12/31/2020", "Total Revenue": "56,587,000", "Cost of Revenue": "48,056,000", "Gross Profit": "8,531,000", "Operating Expense": "7,237,000", "Operating Income": "1,294,000", "Net Non Operating Interest Income Expense": "-1,366,000", "Other Income Expense": "-2,281,000", "Pretax Income": "-2,353,000", "Tax Provision": "575,000", "Net Income Common Stockholders": "-3,519,000", "Diluted NI Available to Com Stockholders": "-3,519,000", "Basic EPS": "-", "Diluted EPS": "-", "Basic Average Shares": "-", "Diluted Average Shares": "-", "Total Operating Income as Reported": "-1,889,000", "Total Expenses": "55,293,000", "Net Income from Continuing & Discontinued Operation": "-3,519,000", "Normalized Income": "-785,410", "Interest Income": "42,000", "Interest Expense": "1,408,000", "Net Interest Income": "-1,366,000", "EBIT": "-945,000", "EBITDA": "-", "Reconciled Cost of Revenue": "48,056,000", "Reconciled Depreciation": "4,156,000", "Net Income from Continuing Operation Net Minority Interest": "-3,109,000", "Total Unusual Items Excluding Goodwill": "-3,183,000", "Total Unusual Items": "-3,183,000", "Normalized EBITDA": "6,394,000", "Tax Rate for Calcs": "0", "Tax Effect of Unusual Items": "-859,410"}, "12/31/2019": {"Duration": "12/31/2019", "Total Revenue": "77,046,000", "Cost of Revenue": "57,065,000", "Gross Profit": "19,981,000", "Operating Expense": "11,015,000", "Operating Income": "8,966,000", "Net Non Operating Interest Income Expense": "-1,611,000", "Other Income Expense": "888,000", "Pretax Income": "8,243,000", "Tax Provision": "2,295,000", "Net Income Common Stockholders": "5,537,000", "Diluted NI Available to Com Stockholders": "5,537,000", "Basic EPS": "6.48", "Diluted EPS": "6.41", "Basic Average Shares": "855,000", "Diluted Average Shares": "864,000", "Total Operating Income as Reported": "8,966,000", "Total Expenses": "68,080,000", "Net Income from Continuing & Discontinued Operation": "5,537,000", "Normalized Income": "5,537,000", "Interest Income": "162,000", "Interest Expense": "1,773,000", "Net Interest Income": "-1,611,000", "EBIT": "10,016,000", "EBITDA": "-", "Reconciled Cost of Revenue": "57,065,000", "Reconciled Depreciation": "3,783,000", "Net Income from Continuing Operation Net Minority Interest": "5,537,000", "Total Unusual Items Excluding Goodwill": "-", "Total Unusual Items": "-", "Normalized EBITDA": "13,799,000", "Tax Rate for Calcs": "0", "Tax Effect of Unusual Items": "0"}, "12/31/2018": {"Duration": "12/31/2018", "Total Revenue": "66,501,000", "Cost of Revenue": "49,985,000", "Gross Profit": "16,516,000", "Operating Expense": "7,963,000", "Operating Income": "8,553,000", "Net Non Operating Interest Income Expense": "-1,038,000", "Other Income Expense": "765,000", "Pretax Income": "8,280,000", "Tax Provision": "2,626,000", "Net Income Common Stockholders": "5,269,000", "Diluted NI Available to Com Stockholders": "5,269,000", "Basic EPS": "6.58", "Diluted EPS": "6.50", "Basic Average Shares": "800,000", "Diluted Average Shares": "810,000", "Total Operating Income as Reported": "8,553,000", "Total Expenses": "57,948,000", "Net Income from Continuing & Discontinued Operation": "5,269,000", "Normalized Income": "5,269,000", "Interest Income": "187,000", "Interest Expense": "1,225,000", "Net Interest Income": "-1,038,000", "EBIT": "9,505,000", "EBITDA": "-", "Reconciled Cost of Revenue": "49,985,000", "Reconciled Depreciation": "2,433,000", "Net Income from Continuing Operation Net Minority Interest": "5,269,000", "Total Unusual Items Excluding Goodwill": "-", "Total Unusual Items": "-", "Normalized EBITDA": "11,938,000", "Tax Rate for Calcs": "0", "Tax Effect of Unusual Items": "0"}}, "bs": {"12/31/2020": {"Duration": "12/31/2020", "Total Assets": "162,153,000", "Total Liabilities Net Minority Interest": "88,301,000", "Total Equity Gross Minority Interest": "73,852,000", "Total Capitalization": "103,189,000", "Common Stock Equity": "72,163,000", "Capital Lease Obligations": "1,516,000", "Net Tangible Assets": "-22,661,000", "Working Capital": "7,528,000", "Invested Capital": "103,986,000", "Tangible Book Value": "-22,661,000", "Total Debt": "33,339,000", "Net Debt": "23,021,000", "Share Issued": "1,706,173", "Ordinary Shares Number": "1,519,439", "Treasury Shares Number": "186,734"}, "12/31/2019": {"Duration": "12/31/2019", "Total Assets": "139,716,000", "Total Liabilities Net Minority Interest": "95,485,000", "Total Equity Gross Minority Interest": "44,231,000", "Total Capitalization": "79,562,000", "Common Stock Equity": "41,774,000", "Capital Lease Obligations": "2,688,000", "Net Tangible Assets": "-32,335,000", "Working Capital": "2,911,000", "Invested Capital": "85,422,000", "Tangible Book Value": "-32,335,000", "Total Debt": "46,336,000", "Net Debt": "36,270,000", "Share Issued": "1,450,845", "Ordinary Shares Number": "864,366", "Treasury Shares Number": "586,479"}, "12/31/2018": {"Duration": "12/31/2018", "Total Assets": "134,211,000", "Total Liabilities Net Minority Interest": "93,601,000", "Total Equity Gross Minority Interest": "40,610,000", "Total Capitalization": "79,638,000", "Common Stock Equity": "38,446,000", "Capital Lease Obligations": "-", "Net Tangible Assets": "-36,090,000", "Working Capital": "4,135,000", "Invested Capital": "83,983,000", "Tangible Book Value": "-36,090,000", "Total Debt": "45,537,000", "Net Debt": "39,385,000", "Share Issued": "1,446,961", "Ordinary Shares Number": "861,482", "Treasury Shares Number": "585,479"}}, "cf": {"TTM": {"Duration": "TTM", "Operating Cash Flow": "3,606,000", "Investing Cash Flow": "3,102,000", "Financing Cash Flow": "-5,274,000", "End Cash Position": "8,832,000", "Income Tax Paid Supplemental Data": "1,716,000", "Interest Paid Supplemental Data": "1,628,000", "Capital Expenditure": "-1,967,000", "Issuance of Capital Stock": "-", "Issuance of Debt": "2,004,000", "Repayment of Debt": "-16,082,000", "Repurchase of Capital Stock": "-47,000", "Free Cash Flow": "1,639,000"}, "12/31/2020": {"Duration": "12/31/2020", "Operating Cash Flow": "3,606,000", "Investing Cash Flow": "3,102,000", "Financing Cash Flow": "-5,274,000", "End Cash Position": "8,832,000", "Income Tax Paid Supplemental Data": "1,716,000", "Interest Paid Supplemental Data": "1,628,000", "Capital Expenditure": "-1,967,000", "Issuance of Capital Stock": "-", "Issuance of Debt": "2,004,000", "Repayment of Debt": "-16,082,000", "Repurchase of Capital Stock": "-47,000", "Free Cash Flow": "1,639,000"}, "12/31/2019": {"Duration": "12/31/2019", "Operating Cash Flow": "8,883,000", "Investing Cash Flow": "-3,092,000", "Financing Cash Flow": "-4,564,000", "End Cash Position": "7,378,000", "Income Tax Paid Supplemental Data": "1,768,000", "Interest Paid Supplemental Data": "1,801,000", "Capital Expenditure": "-2,607,000", "Issuance of Capital Stock": "-", "Issuance of Debt": "88,000", "Repayment of Debt": "-2,830,000", "Repurchase of Capital Stock": "-151,000", "Free Cash Flow": "6,276,000"}, "12/31/2018": {"Duration": "12/31/2018", "Operating Cash Flow": "6,322,000", "Investing Cash Flow": "-16,973,000", "Financing Cash Flow": "7,965,000", "End Cash Position": "6,152,000", "Income Tax Paid Supplemental Data": "1,714,000", "Interest Paid Supplemental Data": "1,027,000", "Capital Expenditure": "-2,302,000", "Issuance of Capital Stock": "-", "Issuance of Debt": "13,455,000", "Repayment of Debt": "-2,876,000", "Repurchase of Capital Stock": "-325,000", "Free Cash Flow": "4,020,000"}}}}, {"UTX": {"fin": {}, "bs": {}, "cf": {}}}, {"LLL": {"fin": {}, "bs": {}, "cf": {}}}, {"ESL": {"fin": {}, "bs": {}, "cf": {}}}, {"MLER": {"fin": {}, "bs": {}, "cf": {}}}, {"PIVN": {"fin": {}, "bs": {}, "cf": {}}}]