[{"BXC": {"quote": {"05/12/2021": {"value": "61.44", "Market Cap": "581.764M", "Beta (5Y Monthly)": "1.84", "PE Ratio (TTM)": "4.10", "EPS (TTM)": "14.98", "Earnings Date": "Aug 02, 2021 - Aug 06, 2021", "Forward Dividend & Yield": "N/A (N/A)", "Ex-Dividend Date": "Dec 12, 2007", "1y Target Est": "80.00"}}, "fin": {"TTM": {"Duration": "TTM", "Total Revenue": "3,460,727", "Cost of Revenue": "2,895,810", "Gross Profit": "564,917", "Operating Expense": "346,779", "Operating Income": "218,138", "Net Non Operating Interest Income Expense": "-49,268", "Other Income Expense": "15,630", "Pretax Income": "184,500", "Tax Provision": "40,971", "Net Income Common Stockholders": "143,529", "Diluted NI Available to Com Stockholders": "143,529", "Basic EPS": "-", "Diluted EPS": "-", "Basic Average Shares": "-", "Diluted Average Shares": "-", "Total Operating Income as Reported": "233,437", "Total Expenses": "3,242,589", "Net Income from Continuing & Discontinued Operation": "143,529", "Normalized Income": "131,627", "Interest Expense": "49,268", "Net Interest Income": "-49,268", "EBIT": "233,768", "EBITDA": "262,499", "Reconciled Cost of Revenue": "2,895,810", "Reconciled Depreciation": "28,731", "Net Income from Continuing Operation Net Minority Interest": "143,529", "Total Unusual Items Excluding Goodwill": "15,299", "Total Unusual Items": "15,299", "Normalized EBITDA": "247,200", "Tax Rate for Calcs": "0", "Tax Effect of Unusual Items": "3,397"}, "12/31/2020": {"Duration": "12/31/2020", "Total Revenue": "3,097,328", "Cost of Revenue": "2,619,594", "Gross Profit": "477,734", "Operating Expense": "350,030", "Operating Income": "127,704", "Net Non Operating Interest Income Expense": "-47,414", "Other Income Expense": "14,791", "Pretax Income": "95,081", "Tax Provision": "14,199", "Net Income Common Stockholders": "80,882", "Diluted NI Available to Com Stockholders": "80,882", "Basic EPS": "-", "Diluted EPS": "-", "Basic Average Shares": "-", "Diluted Average Shares": "-", "Total Operating Income as Reported": "142,241", "Total Expenses": "2,969,624", "Net Income from Continuing & Discontinued Operation": "80,882", "Normalized Income": "68,511", "Interest Expense": "47,414", "Net Interest Income": "-47,414", "EBIT": "142,495", "EBITDA": "-", "Reconciled Cost of Revenue": "2,619,594", "Reconciled Depreciation": "28,901", "Net Income from Continuing Operation Net Minority Interest": "80,882", "Total Unusual Items Excluding Goodwill": "14,537", "Total Unusual Items": "14,537", "Normalized EBITDA": "156,859", "Tax Rate for Calcs": "0", "Tax Effect of Unusual Items": "2,166"}, "12/31/2019": {"Duration": "12/31/2019", "Total Revenue": "2,637,268", "Cost of Revenue": "2,280,353", "Gross Profit": "356,915", "Operating Expense": "334,843", "Operating Income": "22,072", "Net Non Operating Interest Income Expense": "-54,218", "Other Income Expense": "10,538", "Pretax Income": "-21,608", "Tax Provision": "-3,952", "Net Income Common Stockholders": "-17,656", "Diluted NI Available to Com Stockholders": "-17,656", "Basic EPS": "-1.89", "Diluted EPS": "-1.89", "Basic Average Shares": "9,342", "Diluted Average Shares": "9,342", "Total Operating Income as Reported": "35,154", "Total Expenses": "2,615,196", "Net Income from Continuing & Discontinued Operation": "-17,656", "Normalized Income": "-28,344", "Interest Expense": "54,218", "Net Interest Income": "-54,218", "EBIT": "32,610", "EBITDA": "-", "Reconciled Cost of Revenue": "2,280,353", "Reconciled Depreciation": "30,232", "Net Income from Continuing Operation Net Minority Interest": "-17,656", "Total Unusual Items Excluding Goodwill": "13,082", "Total Unusual Items": "13,082", "Normalized EBITDA": "49,760", "Tax Rate for Calcs": "0", "Tax Effect of Unusual Items": "2,394"}, "12/31/2018": {"Duration": "12/31/2018", "Total Revenue": "2,862,850", "Cost of Revenue": "2,530,996", "Gross Profit": "331,854", "Operating Expense": "345,140", "Operating Income": "-13,286", "Net Non Operating Interest Income Expense": "-47,301", "Other Income Expense": "380", "Pretax Income": "-60,207", "Tax Provision": "-12,154", "Net Income Common Stockholders": "-48,053", "Diluted NI Available to Com Stockholders": "-48,053", "Basic EPS": "-5.21", "Diluted EPS": "-5.21", "Basic Average Shares": "9,223", "Diluted Average Shares": "9,223", "Total Operating Income as Reported": "-13,286", "Total Expenses": "2,876,136", "Net Income from Continuing & Discontinued Operation": "-48,053", "Normalized Income": "-48,053", "Interest Expense": "47,301", "Net Interest Income": "-47,301", "EBIT": "-12,906", "EBITDA": "-", "Reconciled Cost of Revenue": "2,530,996", "Reconciled Depreciation": "25,826", "Net Income from Continuing Operation Net Minority Interest": "-48,053", "Total Unusual Items Excluding Goodwill": "0", "Total Unusual Items": "0", "Normalized EBITDA": "12,920", "Tax Rate for Calcs": "0", "Tax Effect of Unusual Items": "0"}, "12/30/2020": {"Duration": "12/30/2020", "Total Revenue": "3,097,328", "Cost of Revenue": "2,619,594", "Gross Profit": "477,734", "Operating Expense": "350,030", "Operating Income": "127,704", "Net Non Operating Interest Income Expense": "-47,414", "Other Income Expense": "14,791", "Pretax Income": "95,081", "Tax Provision": "14,199", "Net Income Common Stockholders": "80,882", "Diluted NI Available to Com Stockholders": "80,882", "Basic EPS": "-", "Diluted EPS": "-", "Basic Average Shares": "-", "Diluted Average Shares": "-", "Total Operating Income as Reported": "142,241", "Total Expenses": "2,969,624", "Net Income from Continuing & Discontinued Operation": "80,882", "Normalized Income": "68,511", "Interest Expense": "47,414", "Net Interest Income": "-47,414", "EBIT": "142,495", "EBITDA": "-", "Reconciled Cost of Revenue": "2,619,594", "Reconciled Depreciation": "28,901", "Net Income from Continuing Operation Net Minority Interest": "80,882", "Total Unusual Items Excluding Goodwill": "14,537", "Total Unusual Items": "14,537", "Normalized EBITDA": "156,859", "Tax Rate for Calcs": "0", "Tax Effect of Unusual Items": "2,166"}, "12/30/2019": {"Duration": "12/30/2019", "Total Revenue": "2,637,268", "Cost of Revenue": "2,280,353", "Gross Profit": "356,915", "Operating Expense": "334,843", "Operating Income": "22,072", "Net Non Operating Interest Income Expense": "-54,218", "Other Income Expense": "10,538", "Pretax Income": "-21,608", "Tax Provision": "-3,952", "Net Income Common Stockholders": "-17,656", "Diluted NI Available to Com Stockholders": "-17,656", "Basic EPS": "-1.89", "Diluted EPS": "-1.89", "Basic Average Shares": "9,342", "Diluted Average Shares": "9,342", "Total Operating Income as Reported": "35,154", "Total Expenses": "2,615,196", "Net Income from Continuing & Discontinued Operation": "-17,656", "Normalized Income": "-28,344", "Interest Expense": "54,218", "Net Interest Income": "-54,218", "EBIT": "32,610", "EBITDA": "-", "Reconciled Cost of Revenue": "2,280,353", "Reconciled Depreciation": "30,232", "Net Income from Continuing Operation Net Minority Interest": "-17,656", "Total Unusual Items Excluding Goodwill": "13,082", "Total Unusual Items": "13,082", "Normalized EBITDA": "49,760", "Tax Rate for Calcs": "0", "Tax Effect of Unusual Items": "2,394"}, "12/30/2018": {"Duration": "12/30/2018", "Total Revenue": "2,862,850", "Cost of Revenue": "2,530,996", "Gross Profit": "331,854", "Operating Expense": "345,140", "Operating Income": "-13,286", "Net Non Operating Interest Income Expense": "-47,301", "Other Income Expense": "380", "Pretax Income": "-60,207", "Tax Provision": "-12,154", "Net Income Common Stockholders": "-48,053", "Diluted NI Available to Com Stockholders": "-48,053", "Basic EPS": "-5.21", "Diluted EPS": "-5.21", "Basic Average Shares": "9,223", "Diluted Average Shares": "9,223", "Total Operating Income as Reported": "-13,286", "Total Expenses": "2,876,136", "Net Income from Continuing & Discontinued Operation": "-48,053", "Normalized Income": "-48,053", "Interest Expense": "47,301", "Net Interest Income": "-47,301", "EBIT": "-12,906", "EBITDA": "-", "Reconciled Cost of Revenue": "2,530,996", "Reconciled Depreciation": "25,826", "Net Income from Continuing Operation Net Minority Interest": "-48,053", "Total Unusual Items Excluding Goodwill": "0", "Total Unusual Items": "0", "Normalized EBITDA": "12,920", "Tax Rate for Calcs": "0", "Tax Effect of Unusual Items": "0"}, "12/30/2017": {"Duration": "12/30/2017", "Total Revenue": "1,815,000", "Cost of Revenue": "1,584,506", "Gross Profit": "231,029", "Operating Expense": "207,741", "Operating Income": "23,288", "Net Non Operating Interest Income Expense": "-21,225", "Other Income Expense": "7,522", "Pretax Income": "9,585", "Tax Provision": "-53,409", "Net Income Common Stockholders": "62,994", "Diluted NI Available to Com Stockholders": "62,994", "Basic EPS": "6.96", "Diluted EPS": "6.81", "Basic Average Shares": "9,045", "Diluted Average Shares": "9,246", "Total Operating Income as Reported": "29,988", "Total Expenses": "1,792,247", "Net Income from Continuing & Discontinued Operation": "62,994", "Normalized Income": "58,974", "Interest Expense": "21,225", "Net Interest Income": "-21,225", "EBIT": "30,810", "EBITDA": "-", "Reconciled Cost of Revenue": "1,584,506", "Reconciled Depreciation": "9,032", "Net Income from Continuing Operation Net Minority Interest": "62,994", "Total Unusual Items Excluding Goodwill": "6,700", "Total Unusual Items": "6,700", "Normalized EBITDA": "33,142", "Tax Rate for Calcs": "0", "Tax Effect of Unusual Items": "2,680"}, "12/30/2016": {"Duration": "12/30/2016", "Total Revenue": "1,881,000", "Cost of Revenue": "1,653,637", "Gross Profit": "227,406", "Operating Expense": "213,654", "Operating Income": "13,752", "Net Non Operating Interest Income Expense": "-24,898", "Other Income Expense": "28,352", "Pretax Income": "17,206", "Tax Provision": "1,121", "Net Income Common Stockholders": "16,085", "Diluted NI Available to Com Stockholders": "16,085", "Basic EPS": "1.80", "Diluted EPS": "1.77", "Basic Average Shares": "8,936", "Diluted Average Shares": "9,088", "Total Operating Income as Reported": "41,849", "Total Expenses": "1,867,291", "Net Income from Continuing & Discontinued Operation": "16,085", "Normalized Income": "-10,186", "Interest Expense": "24,898", "Net Interest Income": "-24,898", "EBIT": "42,104", "EBITDA": "-", "Reconciled Cost of Revenue": "1,653,637", "Reconciled Depreciation": "9,342", "Net Income from Continuing Operation Net Minority Interest": "16,085", "Total Unusual Items Excluding Goodwill": "28,097", "Total Unusual Items": "28,097", "Normalized EBITDA": "23,349", "Tax Rate for Calcs": "0", "Tax Effect of Unusual Items": "1,826"}, "12/30/2015": {"Duration": "12/30/2015", "Total Revenue": "1,917,000", "Cost of Revenue": "1,694,113", "Gross Profit": "222,472", "Operating Expense": "205,682", "Operating Income": "16,790", "Net Non Operating Interest Income Expense": "-27,342", "Other Income Expense": "-871", "Pretax Income": "-11,423", "Tax Provision": "153", "Net Income Common Stockholders": "-11,576", "Diluted NI Available to Com Stockholders": "-11,576", "Basic EPS": "-1.30", "Diluted EPS": "-1.30", "Basic Average Shares": "8,750", "Diluted Average Shares": "8,750", "Total Operating Income as Reported": "16,790", "Total Expenses": "1,899,795", "Net Income from Continuing & Discontinued Operation": "-11,576", "Normalized Income": "-11,576", "Interest Expense": "27,342", "Net Interest Income": "-27,342", "EBIT": "15,919", "EBITDA": "-", "Reconciled Cost of Revenue": "1,694,113", "Reconciled Depreciation": "9,741", "Net Income from Continuing Operation Net Minority Interest": "-11,576", "Total Unusual Items Excluding Goodwill": "-", "Total Unusual Items": "-", "Normalized EBITDA": "25,660", "Tax Rate for Calcs": "0", "Tax Effect of Unusual Items": "0"}, "12/30/2014": {"Duration": "12/30/2014", "Total Revenue": "1,979,000", "Cost of Revenue": "1,750,289", "Gross Profit": "229,104", "Operating Expense": "215,568", "Operating Income": "13,536", "Net Non Operating Interest Income Expense": "-26,771", "Other Income Expense": "-325", "Pretax Income": "-13,560", "Tax Provision": "312", "Net Income Common Stockholders": "-13,872", "Diluted NI Available to Com Stockholders": "-13,872", "Basic EPS": "-1.60", "Diluted EPS": "-1.60", "Basic Average Shares": "8,600", "Diluted Average Shares": "8,600", "Total Operating Income as Reported": "13,536", "Total Expenses": "1,965,857", "Net Income from Continuing & Discontinued Operation": "-13,872", "Normalized Income": "-13,872", "Interest Expense": "26,771", "Net Interest Income": "-26,771", "EBIT": "13,211", "EBITDA": "-", "Reconciled Cost of Revenue": "1,750,289", "Reconciled Depreciation": "9,473", "Net Income from Continuing Operation Net Minority Interest": "-13,872", "Total Unusual Items Excluding Goodwill": "-", "Total Unusual Items": "-", "Normalized EBITDA": "22,684", "Tax Rate for Calcs": "0", "Tax Effect of Unusual Items": "0"}, "12/30/2013": {"Duration": "12/30/2013", "Total Revenue": "2,152,000", "Cost of Revenue": "1,923,489", "Gross Profit": "228,483", "Operating Expense": "249,784", "Operating Income": "-21,301", "Net Non Operating Interest Income Expense": "-28,024", "Other Income Expense": "-306", "Pretax Income": "-49,631", "Tax Provision": "-9,013", "Net Income Common Stockholders": "-40,618", "Diluted NI Available to Com Stockholders": "-40,618", "Basic EPS": "-5.10", "Diluted EPS": "-5.10", "Basic Average Shares": "8,016", "Diluted Average Shares": "8,016", "Total Operating Income as Reported": "-21,301", "Total Expenses": "2,173,273", "Net Income from Continuing & Discontinued Operation": "-40,618", "Normalized Income": "-40,618", "Interest Expense": "28,024", "Net Interest Income": "-28,024", "EBIT": "-21,607", "EBITDA": "-", "Reconciled Cost of Revenue": "1,923,489", "Reconciled Depreciation": "9,117", "Net Income from Continuing Operation Net Minority Interest": "-40,618", "Total Unusual Items Excluding Goodwill": "-306", "Total Unusual Items": "-306", "Normalized EBITDA": "-12,490", "Tax Rate for Calcs": "0", "Tax Effect of Unusual Items": "0"}, "12/30/2012": {"Duration": "12/30/2012", "Total Revenue": "1,907,842", "Cost of Revenue": "1,677,772", "Gross Profit": "230,070", "Operating Expense": "224,561", "Operating Income": "5,509", "Net Non Operating Interest Income Expense": "-28,157", "Other Income Expense": "7", "Pretax Income": "-22,641", "Tax Provision": "386", "Net Income Common Stockholders": "-23,027", "Diluted NI Available to Com Stockholders": "-23,027", "Basic EPS": "-3.80", "Diluted EPS": "-3.80", "Basic Average Shares": "6,008", "Diluted Average Shares": "6,008", "Total Operating Income as Reported": "5,509", "Total Expenses": "1,902,333", "Net Income from Continuing & Discontinued Operation": "-23,027", "Normalized Income": "-23,032", "Interest Expense": "28,157", "Net Interest Income": "-28,157", "EBIT": "5,516", "EBITDA": "-", "Reconciled Cost of Revenue": "1,677,772", "Reconciled Depreciation": "8,565", "Net Income from Continuing Operation Net Minority Interest": "-23,027", "Total Unusual Items Excluding Goodwill": "7", "Total Unusual Items": "7", "Normalized EBITDA": "14,074", "Tax Rate for Calcs": "0", "Tax Effect of Unusual Items": "2.45"}, "12/30/2011": {"Duration": "12/30/2011", "Total Revenue": "1,755,431", "Cost of Revenue": "1,545,282", "Gross Profit": "210,149", "Operating Expense": "218,419", "Operating Income": "-8,270", "Net Non Operating Interest Income Expense": "-30,510", "Other Income Expense": "1,175", "Pretax Income": "-37,605", "Tax Provision": "962", "Net Income Common Stockholders": "-38,567", "Diluted NI Available to Com Stockholders": "-38,567", "Basic EPS": "-8.90", "Diluted EPS": "-8.90", "Basic Average Shares": "4,319", "Diluted Average Shares": "4,319", "Total Operating Income as Reported": "-8,270", "Total Expenses": "1,763,701", "Net Income from Continuing & Discontinued Operation": "-38,567", "Normalized Income": "-39,331", "Interest Expense": "30,510", "Net Interest Income": "-30,510", "EBIT": "-7,095", "EBITDA": "-", "Reconciled Cost of Revenue": "1,545,282", "Reconciled Depreciation": "10,562", "Net Income from Continuing Operation Net Minority Interest": "-38,567", "Total Unusual Items Excluding Goodwill": "1,175", "Total Unusual Items": "1,175", "Normalized EBITDA": "2,292", "Tax Rate for Calcs": "0", "Tax Effect of Unusual Items": "411.25"}, "12/30/2010": {"Duration": "12/30/2010", "Total Revenue": "1,804,418", "Cost of Revenue": "1,593,745", "Gross Profit": "210,673", "Operating Expense": "234,550", "Operating Income": "-23,877", "Net Non Operating Interest Income Expense": "-33,788", "Other Income Expense": "3,833", "Pretax Income": "-53,832", "Tax Provision": "-589", "Net Income Common Stockholders": "-53,243", "Diluted NI Available to Com Stockholders": "-53,243", "Basic EPS": "-15.30", "Diluted EPS": "-15.30", "Basic Average Shares": "3,470", "Diluted Average Shares": "3,470", "Total Operating Income as Reported": "-23,877", "Total Expenses": "1,828,295", "Net Income from Continuing & Discontinued Operation": "-53,243", "Normalized Income": "-57,034", "Interest Expense": "33,788", "Net Interest Income": "-33,788", "EBIT": "-20,044", "EBITDA": "-", "Reconciled Cost of Revenue": "1,593,745", "Reconciled Depreciation": "13,365", "Net Income from Continuing Operation Net Minority Interest": "-53,243", "Total Unusual Items Excluding Goodwill": "3,833", "Total Unusual Items": "3,833", "Normalized EBITDA": "-10,512", "Tax Rate for Calcs": "0", "Tax Effect of Unusual Items": "41.9386"}, "12/30/2009": {"Duration": "12/30/2009", "Total Revenue": "1,646,108", "Cost of Revenue": "1,452,947", "Gross Profit": "193,161", "Operating Expense": "209,426", "Operating Income": "-16,265", "Net Non Operating Interest Income Expense": "-32,456", "Other Income Expense": "-1,926", "Pretax Income": "-56,899", "Tax Provision": "4,564", "Net Income Common Stockholders": "-61,463", "Diluted NI Available to Com Stockholders": "-61,463", "Basic EPS": "-17.51", "Diluted EPS": "-17.51", "Basic Average Shares": "3,507", "Diluted Average Shares": "3,507", "Total Operating Income as Reported": "-16,265", "Total Expenses": "1,662,373", "Net Income from Continuing & Discontinued Operation": "-61,463", "Normalized Income": "-60,211", "Interest Expense": "32,456", "Net Interest Income": "-32,456", "EBIT": "-24,443", "EBITDA": "-", "Reconciled Cost of Revenue": "1,452,947", "Reconciled Depreciation": "16,984", "Net Income from Continuing Operation Net Minority Interest": "-61,463", "Total Unusual Items Excluding Goodwill": "-1,926", "Total Unusual Items": "-1,926", "Normalized EBITDA": "-5,533", "Tax Rate for Calcs": "0", "Tax Effect of Unusual Items": "-674.1"}, "12/30/2008": {"Duration": "12/30/2008", "Total Revenue": "2,779,699", "Cost of Revenue": "2,464,766", "Gross Profit": "314,933", "Operating Expense": "323,922", "Operating Income": "-8,989", "Net Non Operating Interest Income Expense": "-38,547", "Other Income Expense": "-601", "Pretax Income": "-48,137", "Tax Provision": "-16,434", "Net Income Common Stockholders": "-31,703", "Diluted NI Available to Com Stockholders": "-31,703", "Basic EPS": "-9.02", "Diluted EPS": "-9.02", "Basic Average Shares": "3,514", "Diluted Average Shares": "3,514", "Total Operating Income as Reported": "-8,989", "Total Expenses": "2,788,688", "Net Income from Continuing & Discontinued Operation": "-31,703", "Normalized Income": "-31,307", "Interest Expense": "38,547", "Net Interest Income": "-38,547", "EBIT": "-9,590", "EBITDA": "-", "Reconciled Cost of Revenue": "2,464,766", "Reconciled Depreciation": "20,519", "Net Income from Continuing Operation Net Minority Interest": "-31,703", "Total Unusual Items Excluding Goodwill": "-601", "Total Unusual Items": "-601", "Normalized EBITDA": "11,530", "Tax Rate for Calcs": "0", "Tax Effect of Unusual Items": "-205.1818"}, "12/30/2007": {"Duration": "12/30/2007", "Total Revenue": "3,833,910", "Cost of Revenue": "3,441,964", "Gross Profit": "391,946", "Operating Expense": "393,678", "Operating Income": "-1,732", "Net Non Operating Interest Income Expense": "-", "Other Income Expense": "370", "Pretax Income": "-45,022", "Tax Provision": "-17,077", "Net Income Common Stockholders": "-27,945", "Diluted NI Available to Com Stockholders": "-27,945", "Basic EPS": "-8.05", "Diluted EPS": "-8.05", "Basic Average Shares": "3,488", "Diluted Average Shares": "3,488", "Total Operating Income as Reported": "-1,732", "Total Expenses": "3,835,642", "Net Income from Continuing & Discontinued Operation": "-27,945", "Normalized Income": "-28,175", "Interest Expense": "-", "Net Interest Income": "-", "EBIT": "-1,732", "EBITDA": "-", "Reconciled Cost of Revenue": "3,439,533", "Reconciled Depreciation": "23,355", "Net Income from Continuing Operation Net Minority Interest": "-27,945", "Total Unusual Items Excluding Goodwill": "370", "Total Unusual Items": "370", "Normalized EBITDA": "21,253", "Tax Rate for Calcs": "0", "Tax Effect of Unusual Items": "140.3423"}, "12/30/2006": {"Duration": "12/30/2006", "Total Revenue": "4,899,383", "Cost of Revenue": "4,419,576", "Gross Profit": "479,807", "Operating Expense": "402,278", "Operating Income": "77,529", "Net Non Operating Interest Income Expense": "-", "Other Income Expense": "-5,184", "Pretax Income": "26,181", "Tax Provision": "10,349", "Net Income Common Stockholders": "15,832", "Diluted NI Available to Com Stockholders": "15,832", "Basic EPS": "4.60", "Diluted EPS": "4.51", "Basic Average Shares": "3,462", "Diluted Average Shares": "3,480", "Total Operating Income as Reported": "77,529", "Total Expenses": "4,821,854", "Net Income from Continuing & Discontinued Operation": "15,832", "Normalized Income": "18,967", "Interest Expense": "46,164", "Net Interest Income": "-46,164", "EBIT": "77,529", "EBITDA": "-", "Reconciled Cost of Revenue": "4,416,948", "Reconciled Depreciation": "23,352", "Net Income from Continuing Operation Net Minority Interest": "15,832", "Total Unusual Items Excluding Goodwill": "-5,184", "Total Unusual Items": "-5,184", "Normalized EBITDA": "106,065", "Tax Rate for Calcs": "0", "Tax Effect of Unusual Items": "-2,049"}, "12/30/2005": {"Duration": "12/30/2005", "Total Revenue": "5,622,071", "Cost of Revenue": "5,109,632", "Gross Profit": "512,439", "Operating Expense": "396,778", "Operating Income": "115,661", "Net Non Operating Interest Income Expense": "-", "Other Income Expense": "-186", "Pretax Income": "73,164", "Tax Provision": "28,561", "Net Income Common Stockholders": "44,603", "Diluted NI Available to Com Stockholders": "44,603", "Basic EPS": "13.09", "Diluted EPS": "12.91", "Basic Average Shares": "3,414", "Diluted Average Shares": "3,448", "Total Operating Income as Reported": "115,661", "Total Expenses": "5,506,410", "Net Income from Continuing & Discontinued Operation": "44,603", "Normalized Income": "44,716", "Interest Expense": "42,311", "Net Interest Income": "-42,311", "EBIT": "115,661", "EBITDA": "-", "Reconciled Cost of Revenue": "5,106,003", "Reconciled Depreciation": "22,399", "Net Income from Continuing Operation Net Minority Interest": "44,603", "Total Unusual Items Excluding Goodwill": "-186", "Total Unusual Items": "-186", "Normalized EBITDA": "138,246", "Tax Rate for Calcs": "0", "Tax Effect of Unusual Items": "-72.6087"}, "12/30/2004": {"Duration": "12/30/2004", "Total Revenue": "3,672,820", "Cost of Revenue": "3,339,590", "Gross Profit": "333,230", "Operating Expense": "258,423", "Operating Income": "74,807", "Net Non Operating Interest Income Expense": "-", "Other Income Expense": "-2,355", "Pretax Income": "43,687", "Tax Provision": "17,781", "Net Income Common Stockholders": "20,680", "Diluted NI Available to Com Stockholders": "20,680", "Basic EPS": "9.64", "Diluted EPS": "9.02", "Basic Average Shares": "2,149", "Diluted Average Shares": "2,295", "Total Operating Income as Reported": "74,807", "Total Expenses": "3,598,013", "Net Income from Continuing & Discontinued Operation": "25,906", "Normalized Income": "27,319", "Interest Expense": "-", "Net Interest Income": "-", "EBIT": "74,807", "EBITDA": "-", "Reconciled Cost of Revenue": "3,337,267", "Reconciled Depreciation": "12,455", "Net Income from Continuing Operation Net Minority Interest": "25,906", "Total Unusual Items Excluding Goodwill": "-2,355", "Total Unusual Items": "-2,355", "Normalized EBITDA": "89,617", "Tax Rate for Calcs": "0", "Tax Effect of Unusual Items": "-942"}, "12/30/2003": {"Duration": "12/30/2003", "Total Revenue": "4,271,842", "Cost of Revenue": "3,814,375", "Gross Profit": "457,467", "Operating Expense": "366,061", "Operating Income": "91,406", "Net Non Operating Interest Income Expense": "-", "Other Income Expense": "376", "Pretax Income": "91,030", "Tax Provision": "34,877", "Net Income Common Stockholders": "56,153", "Diluted NI Available to Com Stockholders": "56,153", "Basic EPS": "27.44", "Diluted EPS": "25.73", "Basic Average Shares": "2,046", "Diluted Average Shares": "2,182", "Total Operating Income as Reported": "91,406", "Total Expenses": "4,180,436", "Net Income from Continuing & Discontinued Operation": "56,153", "Normalized Income": "55,921", "Interest Expense": "-", "Net Interest Income": "-", "EBIT": "91,406", "EBITDA": "-", "Reconciled Cost of Revenue": "3,814,375", "Reconciled Depreciation": "19,476", "Net Income from Continuing Operation Net Minority Interest": "56,153", "Total Unusual Items Excluding Goodwill": "376", "Total Unusual Items": "376", "Normalized EBITDA": "110,506", "Tax Rate for Calcs": "0", "Tax Effect of Unusual Items": "144.0597"}, "12/30/2002": {"Duration": "12/30/2002", "Total Revenue": "3,734,029", "Cost of Revenue": "3,370,995", "Gross Profit": "363,034", "Operating Expense": "317,249", "Operating Income": "45,785", "Net Non Operating Interest Income Expense": "-", "Other Income Expense": "348", "Pretax Income": "45,437", "Tax Provision": "17,597", "Net Income Common Stockholders": "27,840", "Diluted NI Available to Com Stockholders": "27,840", "Basic EPS": "13.60", "Diluted EPS": "12.76", "Basic Average Shares": "2,046", "Diluted Average Shares": "2,182", "Total Operating Income as Reported": "45,785", "Total Expenses": "3,688,244", "Net Income from Continuing & Discontinued Operation": "27,840", "Normalized Income": "27,627", "Interest Expense": "-", "Net Interest Income": "-", "EBIT": "45,785", "EBITDA": "-", "Reconciled Cost of Revenue": "3,370,995", "Reconciled Depreciation": "21,757", "Net Income from Continuing Operation Net Minority Interest": "27,840", "Total Unusual Items Excluding Goodwill": "348", "Total Unusual Items": "348", "Normalized EBITDA": "67,194", "Tax Rate for Calcs": "0", "Tax Effect of Unusual Items": "134.7747"}, "12/30/2001": {"Duration": "12/30/2001", "Total Revenue": "3,768,700", "Cost of Revenue": "3,395,184", "Gross Profit": "373,516", "Operating Expense": "325,323", "Operating Income": "48,193", "Net Non Operating Interest Income Expense": "-", "Other Income Expense": "448", "Pretax Income": "47,745", "Tax Provision": "-", "Net Income Common Stockholders": "29,275", "Diluted NI Available to Com Stockholders": "29,275", "Basic EPS": "14.31", "Diluted EPS": "13.42", "Basic Average Shares": "2,046", "Diluted Average Shares": "2,182", "Total Operating Income as Reported": "48,193", "Total Expenses": "3,720,507", "Net Income from Continuing & Discontinued Operation": "29,275", "Normalized Income": "29,006", "Interest Expense": "-", "Net Interest Income": "-", "EBIT": "48,193", "EBITDA": "-", "Reconciled Cost of Revenue": "3,395,184", "Reconciled Depreciation": "26,747", "Net Income from Continuing Operation Net Minority Interest": "29,275", "Total Unusual Items Excluding Goodwill": "448", "Total Unusual Items": "448", "Normalized EBITDA": "74,492", "Tax Rate for Calcs": "0", "Tax Effect of Unusual Items": "179.2"}, "12/30/2000": {"Duration": "12/30/2000", "Total Revenue": "4,224,935", "Cost of Revenue": "3,880,766", "Gross Profit": "344,169", "Operating Expense": "331,742", "Operating Income": "12,427", "Net Non Operating Interest Income Expense": "-", "Other Income Expense": "560", "Pretax Income": "11,867", "Tax Provision": "-", "Net Income Common Stockholders": "7,239", "Diluted NI Available to Com Stockholders": "7,239", "Basic EPS": "3.54", "Diluted EPS": "3.32", "Basic Average Shares": "2,046", "Diluted Average Shares": "2,182", "Total Operating Income as Reported": "12,427", "Total Expenses": "4,212,508", "Net Income from Continuing & Discontinued Operation": "7,239", "Normalized Income": "6,903", "Interest Expense": "0", "Net Interest Income": "0", "EBIT": "12,427", "EBITDA": "-", "Reconciled Cost of Revenue": "3,880,766", "Reconciled Depreciation": "30,393", "Net Income from Continuing Operation Net Minority Interest": "7,239", "Total Unusual Items Excluding Goodwill": "560", "Total Unusual Items": "560", "Normalized EBITDA": "42,260", "Tax Rate for Calcs": "0", "Tax Effect of Unusual Items": "224"}}, "bs": {"12/31/2020": {"Duration": "12/31/2020", "Total Assets": "1,048,130", "Total Liabilities Net Minority Interest": "989,038", "Total Equity Gross Minority Interest": "59,092", "Total Capitalization": "380,362", "Common Stock Equity": "59,092", "Capital Lease Obligations": "324,159", "Net Tangible Assets": "-7,569", "Working Capital": "439,382", "Invested Capital": "381,533", "Tangible Book Value": "-7,569", "Total Debt": "646,600", "Net Debt": "322,359", "Share Issued": "9,463", "Ordinary Shares Number": "9,463"}, "12/31/2019": {"Duration": "12/31/2019", "Total Assets": "971,425", "Total Liabilities Net Minority Interest": "997,508", "Total Equity Gross Minority Interest": "-26,083", "Total Capitalization": "432,356", "Common Stock Equity": "-26,083", "Capital Lease Obligations": "207,404", "Net Tangible Assets": "-100,239", "Working Capital": "406,916", "Invested Capital": "434,532", "Tangible Book Value": "-100,239", "Total Debt": "668,019", "Net Debt": "448,972", "Share Issued": "9,366", "Ordinary Shares Number": "9,366"}, "12/31/2018": {"Duration": "12/31/2018", "Total Assets": "959,889", "Total Liabilities Net Minority Interest": "974,552", "Total Equity Gross Minority Interest": "-14,663", "Total Capitalization": "483,276", "Common Stock Equity": "-14,663", "Capital Lease Obligations": "151,041", "Net Tangible Assets": "-97,657", "Working Capital": "403,085", "Invested Capital": "502,429", "Tangible Book Value": "-97,657", "Total Debt": "668,133", "Net Debt": "508,153", "Share Issued": "9,294", "Ordinary Shares Number": "9,294"}, "12/30/2020": {"Duration": "12/30/2020", "Total Assets": "1,048,130", "Total Liabilities Net Minority Interest": "989,038", "Total Equity Gross Minority Interest": "59,092", "Total Capitalization": "380,362", "Common Stock Equity": "59,092", "Capital Lease Obligations": "324,159", "Net Tangible Assets": "-7,569", "Working Capital": "439,382", "Invested Capital": "381,533", "Tangible Book Value": "-7,569", "Total Debt": "646,600", "Net Debt": "322,359", "Share Issued": "9,463", "Ordinary Shares Number": "9,463"}, "12/30/2019": {"Duration": "12/30/2019", "Total Assets": "971,425", "Total Liabilities Net Minority Interest": "997,508", "Total Equity Gross Minority Interest": "-26,083", "Total Capitalization": "432,356", "Common Stock Equity": "-26,083", "Capital Lease Obligations": "207,404", "Net Tangible Assets": "-100,239", "Working Capital": "406,916", "Invested Capital": "434,532", "Tangible Book Value": "-100,239", "Total Debt": "668,019", "Net Debt": "448,972", "Share Issued": "9,366", "Ordinary Shares Number": "9,366"}, "12/30/2018": {"Duration": "12/30/2018", "Total Assets": "959,889", "Total Liabilities Net Minority Interest": "974,552", "Total Equity Gross Minority Interest": "-14,663", "Total Capitalization": "483,276", "Common Stock Equity": "-14,663", "Capital Lease Obligations": "151,041", "Net Tangible Assets": "-97,657", "Working Capital": "403,085", "Invested Capital": "502,429", "Tangible Book Value": "-97,657", "Total Debt": "668,133", "Net Debt": "508,153", "Share Issued": "9,294", "Ordinary Shares Number": "9,294"}, "12/30/2017": {"Duration": "12/30/2017", "Total Assets": "494,095", "Total Liabilities Net Minority Interest": "459,093", "Total Equity Gross Minority Interest": "35,002", "Total Capitalization": "311,679", "Common Stock Equity": "35,002", "Capital Lease Obligations": "18,494", "Net Tangible Assets": "35,002", "Working Capital": "225,799", "Invested Capital": "333,272", "Tangible Book Value": "35,002", "Total Debt": "316,764", "Net Debt": "293,574", "Share Issued": "9,101", "Ordinary Shares Number": "9,101"}, "12/30/2016": {"Duration": "12/30/2016", "Total Assets": "444,137", "Total Liabilities Net Minority Interest": "473,978", "Total Equity Gross Minority Interest": "-29,841", "Total Capitalization": "240,951", "Common Stock Equity": "-29,841", "Capital Lease Obligations": "-", "Net Tangible Assets": "-29,841", "Working Capital": "191,469", "Invested Capital": "292,116", "Tangible Book Value": "-29,841", "Total Debt": "321,957", "Net Debt": "316,417", "Share Issued": "9,031", "Ordinary Shares Number": "9,031"}, "12/30/2015": {"Duration": "12/30/2015", "Total Assets": "513,142", "Total Liabilities Net Minority Interest": "559,038", "Total Equity Gross Minority Interest": "-45,896", "Total Capitalization": "331,877", "Common Stock Equity": "-45,896", "Capital Lease Obligations": "-", "Net Tangible Assets": "-45,896", "Working Capital": "271,851", "Invested Capital": "355,775", "Tangible Book Value": "-45,896", "Total Debt": "401,671", "Net Debt": "396,863", "Share Issued": "8,944", "Ordinary Shares Number": "8,944"}, "12/30/2014": {"Duration": "12/30/2014", "Total Assets": "538,982", "Total Liabilities Net Minority Interest": "575,008", "Total Equity Gross Minority Interest": "-36,026", "Total Capitalization": "367,248", "Common Stock Equity": "-36,026", "Capital Lease Obligations": "-", "Net Tangible Assets": "-36,026", "Working Capital": "297,652", "Invested Capital": "397,207", "Tangible Book Value": "-36,026", "Total Debt": "433,233", "Net Debt": "428,711", "Share Issued": "8,875", "Ordinary Shares Number": "8,875"}, "12/30/2013": {"Duration": "12/30/2013", "Total Assets": "530,246", "Total Liabilities Net Minority Interest": "536,144", "Total Equity Gross Minority Interest": "-5,898", "Total Capitalization": "383,097", "Common Stock Equity": "-5,898", "Capital Lease Obligations": "-", "Net Tangible Assets": "-5,898", "Working Capital": "294,899", "Invested Capital": "411,615", "Tangible Book Value": "-5,898", "Total Debt": "417,513", "Net Debt": "412,479", "Share Issued": "8,655", "Ordinary Shares Number": "8,655"}, "12/30/2012": {"Duration": "12/30/2012", "Total Assets": "544,736", "Total Liabilities Net Minority Interest": "565,328", "Total Equity Gross Minority Interest": "-20,592", "Total Capitalization": "347,854", "Common Stock Equity": "-20,592", "Capital Lease Obligations": "-", "Net Tangible Assets": "-20,592", "Working Capital": "272,403", "Invested Capital": "392,184", "Tangible Book Value": "-20,592", "Total Debt": "412,776", "Net Debt": "407,588", "Share Issued": "6,366", "Ordinary Shares Number": "6,366"}, "12/30/2011": {"Duration": "12/30/2011", "Total Assets": "503,915", "Total Liabilities Net Minority Interest": "495,541", "Total Equity Gross Minority Interest": "8,374", "Total Capitalization": "337,069", "Common Stock Equity": "8,374", "Capital Lease Obligations": "-", "Net Tangible Assets": "8,374", "Working Capital": "233,414", "Invested Capital": "368,479", "Tangible Book Value": "8,374", "Total Debt": "360,105", "Net Debt": "355,207", "Share Issued": "6,201", "Ordinary Shares Number": "6,201"}, "12/30/2010": {"Duration": "12/30/2010", "Total Assets": "525,019", "Total Liabilities Net Minority Interest": "524,028", "Total Equity Gross Minority Interest": "991", "Total Capitalization": "382,670", "Common Stock Equity": "991", "Capital Lease Obligations": "-", "Net Tangible Assets": "991", "Working Capital": "236,168", "Invested Capital": "406,949", "Tangible Book Value": "991", "Total Debt": "405,958", "Net Debt": "391,661", "Share Issued": "3,693", "Ordinary Shares Number": "3,693"}, "12/30/2009": {"Duration": "12/30/2009", "Total Assets": "546,846", "Total Liabilities Net Minority Interest": "496,026", "Total Equity Gross Minority Interest": "50,820", "Total Capitalization": "392,489", "Common Stock Equity": "50,820", "Capital Lease Obligations": "-", "Net Tangible Assets": "50,820", "Working Capital": "247,722", "Invested Capital": "419,721", "Tangible Book Value": "50,820", "Total Debt": "368,901", "Net Debt": "339,444", "Share Issued": "3,638", "Ordinary Shares Number": "3,638"}, "12/30/2008": {"Duration": "12/30/2008", "Total Assets": "732,407", "Total Liabilities Net Minority Interest": "629,555", "Total Equity Gross Minority Interest": "102,852", "Total Capitalization": "487,722", "Common Stock Equity": "102,852", "Capital Lease Obligations": "-", "Net Tangible Assets": "102,852", "Working Capital": "320,527", "Invested Capital": "572,437", "Tangible Book Value": "102,852", "Total Debt": "469,585", "Net Debt": "319,232", "Share Issued": "3,654", "Ordinary Shares Number": "3,654"}, "12/30/2007": {"Duration": "12/30/2007", "Total Assets": "883,436", "Total Liabilities Net Minority Interest": "728,613", "Total Equity Gross Minority Interest": "154,823", "Total Capitalization": "633,358", "Common Stock Equity": "154,823", "Capital Lease Obligations": "-", "Net Tangible Assets": "154,823", "Working Capital": "448,731", "Invested Capital": "670,510", "Tangible Book Value": "154,823", "Total Debt": "515,687", "Net Debt": "499,928", "Share Issued": "3,534", "Ordinary Shares Number": "3,534"}, "12/30/2006": {"Duration": "12/30/2006", "Total Assets": "1,004,362", "Total Liabilities Net Minority Interest": "814,963", "Total Equity Gross Minority Interest": "189,399", "Total Capitalization": "712,118", "Common Stock Equity": "189,399", "Capital Lease Obligations": "-", "Net Tangible Assets": "189,399", "Working Capital": "520,237", "Invested Capital": "772,102", "Tangible Book Value": "189,399", "Total Debt": "582,703", "Net Debt": "555,661", "Share Issued": "3,501", "Ordinary Shares Number": "3,501"}, "12/30/2005": {"Duration": "12/30/2005", "Total Assets": "1,157,640", "Total Liabilities Net Minority Interest": "973,788", "Total Equity Gross Minority Interest": "183,852", "Total Capitalization": "724,702", "Common Stock Equity": "183,852", "Capital Lease Obligations": "-", "Net Tangible Assets": "183,852", "Working Capital": "529,983", "Invested Capital": "787,094", "Tangible Book Value": "183,852", "Total Debt": "603,242", "Net Debt": "578,922", "Share Issued": "3,433", "Ordinary Shares Number": "3,433"}, "12/30/2004": {"Duration": "12/30/2004", "Total Assets": "1,137,062", "Total Liabilities Net Minority Interest": "995,570", "Total Equity Gross Minority Interest": "141,492", "Total Capitalization": "699,492", "Common Stock Equity": "141,492", "Capital Lease Obligations": "-", "Net Tangible Assets": "141,492", "Working Capital": "491,975", "Invested Capital": "825,628", "Tangible Book Value": "141,492", "Total Debt": "684,136", "Net Debt": "668,564", "Share Issued": "3,413", "Ordinary Shares Number": "3,413"}, "12/30/2003": {"Duration": "12/30/2003", "Total Assets": "816,644", "Total Liabilities Net Minority Interest": "179,571", "Total Equity Gross Minority Interest": "637,073", "Total Capitalization": "637,073", "Common Stock Equity": "637,073", "Capital Lease Obligations": "-", "Net Tangible Assets": "637,073", "Working Capital": "442,672", "Invested Capital": "677,692", "Tangible Book Value": "637,073", "Total Debt": "40,619", "Net Debt": "40,113", "Share Issued": "3,413", "Ordinary Shares Number": "3,413"}, "12/30/2002": {"Duration": "12/30/2002", "Total Assets": "784,949", "Total Liabilities Net Minority Interest": "140,778", "Total Equity Gross Minority Interest": "644,171", "Total Capitalization": "644,171", "Common Stock Equity": "644,171", "Capital Lease Obligations": "-", "Net Tangible Assets": "644,171", "Working Capital": "433,917", "Invested Capital": "677,224", "Tangible Book Value": "644,171", "Total Debt": "33,053", "Net Debt": "32,898", "Share Issued": "3,413", "Ordinary Shares Number": "3,413"}, "12/30/2001": {"Duration": "12/30/2001", "Total Assets": "823,012", "Total Liabilities Net Minority Interest": "179,083", "Total Equity Gross Minority Interest": "643,929", "Total Capitalization": "643,929", "Common Stock Equity": "643,929", "Capital Lease Obligations": "-", "Net Tangible Assets": "643,929", "Working Capital": "-", "Invested Capital": "643,929", "Tangible Book Value": "643,929", "Total Debt": "-", "Net Debt": "-", "Share Issued": "3,413", "Ordinary Shares Number": "3,413"}, "12/30/2000": {"Duration": "12/30/2000", "Total Assets": "832,586", "Total Liabilities Net Minority Interest": "161,701", "Total Equity Gross Minority Interest": "670,885", "Total Capitalization": "670,885", "Common Stock Equity": "670,885", "Capital Lease Obligations": "-", "Net Tangible Assets": "670,885", "Working Capital": "-", "Invested Capital": "670,885", "Tangible Book Value": "670,885", "Total Debt": "-", "Net Debt": "-", "Share Issued": "3,413", "Ordinary Shares Number": "3,413"}}, "cf": {"TTM": {"Duration": "TTM", "Operating Cash Flow": "89,598", "Investing Cash Flow": "11,049", "Financing Cash Flow": "-113,026", "End Cash Position": "179", "Income Tax Paid Supplemental Data": "-", "Interest Paid Supplemental Data": "39,915", "Capital Expenditure": "-3,566", "Issuance of Capital Stock": "-", "Issuance of Debt": "901,919", "Repayment of Debt": "-1,010,684", "Repurchase of Capital Stock": "-320", "Free Cash Flow": "86,032"}, "12/31/2020": {"Duration": "12/31/2020", "Operating Cash Flow": "55,019", "Investing Cash Flow": "9,160", "Financing Cash Flow": "-75,740", "End Cash Position": "82", "Income Tax Paid Supplemental Data": "14,377", "Interest Paid Supplemental Data": "43,502", "Capital Expenditure": "-3,689", "Issuance of Debt": "843,905", "Repayment of Debt": "-994,287", "Repurchase of Capital Stock": "-271", "Free Cash Flow": "51,330"}, "12/31/2019": {"Duration": "12/31/2019", "Operating Cash Flow": "-9,565", "Investing Cash Flow": "21,149", "Financing Cash Flow": "-8,880", "End Cash Position": "11,643", "Income Tax Paid Supplemental Data": "2,991", "Interest Paid Supplemental Data": "47,321", "Capital Expenditure": "-4,791", "Issuance of Debt": "649,788", "Repayment of Debt": "-698,875", "Repurchase of Capital Stock": "-211", "Free Cash Flow": "-14,356"}, "12/31/2018": {"Duration": "12/31/2018", "Operating Cash Flow": "41,556", "Investing Cash Flow": "-242,733", "Financing Cash Flow": "205,420", "End Cash Position": "8,939", "Income Tax Paid Supplemental Data": "2,643", "Interest Paid Supplemental Data": "37,326", "Capital Expenditure": "-2,724", "Issuance of Debt": "1,060,042", "Repayment of Debt": "-835,667", "Repurchase of Capital Stock": "-3,020", "Free Cash Flow": "38,832"}, "12/30/2020": {"Duration": "12/30/2020", "Operating Cash Flow": "55,019", "Investing Cash Flow": "9,160", "Financing Cash Flow": "-75,740", "End Cash Position": "82", "Income Tax Paid Supplemental Data": "14,377", "Interest Paid Supplemental Data": "43,502", "Capital Expenditure": "-3,689", "Issuance of Capital Stock": "-", "Issuance of Debt": "843,905", "Repayment of Debt": "-994,287", "Repurchase of Capital Stock": "-271", "Free Cash Flow": "51,330"}, "12/30/2019": {"Duration": "12/30/2019", "Operating Cash Flow": "-9,565", "Investing Cash Flow": "21,149", "Financing Cash Flow": "-8,880", "End Cash Position": "11,643", "Income Tax Paid Supplemental Data": "2,991", "Interest Paid Supplemental Data": "47,321", "Capital Expenditure": "-4,791", "Issuance of Capital Stock": "-", "Issuance of Debt": "649,788", "Repayment of Debt": "-698,875", "Repurchase of Capital Stock": "-211", "Free Cash Flow": "-14,356"}, "12/30/2018": {"Duration": "12/30/2018", "Operating Cash Flow": "41,556", "Investing Cash Flow": "-242,733", "Financing Cash Flow": "205,420", "End Cash Position": "8,939", "Income Tax Paid Supplemental Data": "2,643", "Interest Paid Supplemental Data": "37,326", "Capital Expenditure": "-2,724", "Issuance of Capital Stock": "-", "Issuance of Debt": "1,060,042", "Repayment of Debt": "-835,667", "Repurchase of Capital Stock": "-3,020", "Free Cash Flow": "38,832"}, "12/30/2017": {"Duration": "12/30/2017", "Operating Cash Flow": "-2,503", "Investing Cash Flow": "26,838", "Financing Cash Flow": "-25,179", "End Cash Position": "4,696", "Income Tax Paid Supplemental Data": "1,577", "Interest Paid Supplemental Data": "19,825", "Capital Expenditure": "-797", "Issuance of Capital Stock": "-", "Issuance of Debt": "441,779", "Repayment of Debt": "-468,113", "Repurchase of Capital Stock": "-226", "Free Cash Flow": "-3,300"}, "12/30/2016": {"Duration": "12/30/2016", "Operating Cash Flow": "41,397", "Investing Cash Flow": "36,845", "Financing Cash Flow": "-77,510", "End Cash Position": "5,540", "Income Tax Paid Supplemental Data": "627", "Interest Paid Supplemental Data": "21,236", "Capital Expenditure": "-631", "Issuance of Capital Stock": "-", "Issuance of Debt": "475,112", "Repayment of Debt": "-564,158", "Repurchase of Capital Stock": "-178", "Free Cash Flow": "40,766"}, "12/30/2015": {"Duration": "12/30/2015", "Operating Cash Flow": "39,927", "Investing Cash Flow": "-801", "Financing Cash Flow": "-38,840", "End Cash Position": "4,808", "Income Tax Paid Supplemental Data": "693", "Interest Paid Supplemental Data": "23,775", "Capital Expenditure": "-1,561", "Issuance of Capital Stock": "-", "Issuance of Debt": "409,009", "Repayment of Debt": "-434,311", "Repurchase of Capital Stock": "-459", "Free Cash Flow": "38,366"}, "12/30/2014": {"Duration": "12/30/2014", "Operating Cash Flow": "-12,301", "Investing Cash Flow": "4,352", "Financing Cash Flow": "7,437", "End Cash Position": "4,522", "Income Tax Paid Supplemental Data": "210", "Interest Paid Supplemental Data": "23,147", "Capital Expenditure": "-3,016", "Issuance of Capital Stock": "-", "Issuance of Debt": "494,794", "Repayment of Debt": "-487,921", "Repurchase of Capital Stock": "-1,055", "Free Cash Flow": "-15,317"}, "12/30/2013": {"Duration": "12/30/2013", "Operating Cash Flow": "-39,881", "Investing Cash Flow": "5,453", "Financing Cash Flow": "34,274", "End Cash Position": "5,034", "Income Tax Paid Supplemental Data": "332", "Interest Paid Supplemental Data": "24,706", "Capital Expenditure": "-4,912", "Issuance of Capital Stock": "38,715", "Issuance of Debt": "599,968", "Repayment of Debt": "-582,366", "Repurchase of Capital Stock": "-3,192", "Free Cash Flow": "-44,793"}, "12/30/2012": {"Duration": "12/30/2012", "Operating Cash Flow": "-74,250", "Investing Cash Flow": "16,369", "Financing Cash Flow": "58,171", "End Cash Position": "5,188", "Income Tax Paid Supplemental Data": "-", "Interest Paid Supplemental Data": "24,288", "Capital Expenditure": "-2,826", "Issuance of Capital Stock": "0", "Issuance of Debt": "550,270", "Repayment of Debt": "-512,880", "Repurchase of Capital Stock": "-526", "Free Cash Flow": "-77,076"}, "12/30/2011": {"Duration": "12/30/2011", "Operating Cash Flow": "-49,643", "Investing Cash Flow": "11,133", "Financing Cash Flow": "29,111", "End Cash Position": "4,898", "Income Tax Paid Supplemental Data": "-", "Interest Paid Supplemental Data": "28,098", "Capital Expenditure": "-7,222", "Issuance of Capital Stock": "-", "Issuance of Debt": "496,522", "Repayment of Debt": "-522,486", "Repurchase of Capital Stock": "0", "Free Cash Flow": "-56,865"}, "12/30/2010": {"Duration": "12/30/2010", "Operating Cash Flow": "-29,909", "Investing Cash Flow": "-3,381", "Financing Cash Flow": "18,130", "End Cash Position": "14,297", "Income Tax Paid Supplemental Data": "-", "Interest Paid Supplemental Data": "31,675", "Capital Expenditure": "-4,092", "Issuance of Capital Stock": "-", "Issuance of Debt": "41,200", "Repayment of Debt": "-22,494", "Repurchase of Capital Stock": "-583", "Free Cash Flow": "-34,001"}, "12/30/2009": {"Duration": "12/30/2009", "Operating Cash Flow": "-19,853", "Investing Cash Flow": "12,636", "Financing Cash Flow": "-113,679", "End Cash Position": "29,457", "Income Tax Paid Supplemental Data": "10,299", "Interest Paid Supplemental Data": "28,288", "Capital Expenditure": "-1,815", "Issuance of Capital Stock": "-", "Issuance of Debt": "2,517", "Repayment of Debt": "-100,000", "Repurchase of Capital Stock": "-2,042", "Free Cash Flow": "-21,668"}, "12/30/2008": {"Duration": "12/30/2008", "Operating Cash Flow": "181,271", "Investing Cash Flow": "985", "Financing Cash Flow": "-47,662", "End Cash Position": "150,353", "Income Tax Paid Supplemental Data": "22,762", "Interest Paid Supplemental Data": "36,854", "Capital Expenditure": "-4,919", "Issuance of Capital Stock": "-", "Issuance of Debt": "0", "Repayment of Debt": "-47,970", "Repurchase of Capital Stock": "-", "Free Cash Flow": "176,352"}, "12/30/2007": {"Duration": "12/30/2007", "Operating Cash Flow": "79,842", "Investing Cash Flow": "-9,070", "Financing Cash Flow": "-82,055", "End Cash Position": "15,759", "Income Tax Paid Supplemental Data": "-", "Interest Paid Supplemental Data": "-", "Capital Expenditure": "-13,141", "Issuance of Capital Stock": "496", "Issuance of Debt": "-", "Repayment of Debt": "-", "Repurchase of Capital Stock": "-", "Free Cash Flow": "66,701"}, "12/30/2006": {"Duration": "12/30/2006", "Operating Cash Flow": "63,204", "Investing Cash Flow": "-18,170", "Financing Cash Flow": "-42,312", "End Cash Position": "27,042", "Income Tax Paid Supplemental Data": "-", "Interest Paid Supplemental Data": "-", "Capital Expenditure": "-9,601", "Issuance of Capital Stock": "1,914", "Issuance of Debt": "-", "Repayment of Debt": "-", "Repurchase of Capital Stock": "-", "Free Cash Flow": "53,603"}, "12/30/2005": {"Duration": "12/30/2005", "Operating Cash Flow": "124,788", "Investing Cash Flow": "-28,499", "Financing Cash Flow": "-87,541", "End Cash Position": "24,320", "Income Tax Paid Supplemental Data": "-", "Interest Paid Supplemental Data": "-", "Capital Expenditure": "-12,744", "Issuance of Capital Stock": "9,026", "Issuance of Debt": "-", "Repayment of Debt": "-", "Repurchase of Capital Stock": "-", "Free Cash Flow": "112,044"}, "12/30/2004": {"Duration": "12/30/2004", "Operating Cash Flow": "137,246", "Investing Cash Flow": "-832,992", "Financing Cash Flow": "711,318", "End Cash Position": "15,572", "Income Tax Paid Supplemental Data": "-", "Interest Paid Supplemental Data": "-", "Capital Expenditure": "-9,759", "Issuance of Capital Stock": "215,513", "Issuance of Debt": "-", "Repayment of Debt": "-", "Repurchase of Capital Stock": "-95,000", "Free Cash Flow": "127,487"}, "12/30/2003": {"Duration": "12/30/2003", "Operating Cash Flow": "59,575", "Investing Cash Flow": "-4,062", "Financing Cash Flow": "-55,162", "End Cash Position": "506", "Income Tax Paid Supplemental Data": "-", "Interest Paid Supplemental Data": "-", "Capital Expenditure": "-5,404", "Issuance of Capital Stock": "-", "Issuance of Debt": "-", "Repayment of Debt": "-", "Repurchase of Capital Stock": "-", "Free Cash Flow": "54,171"}, "12/30/2002": {"Duration": "12/30/2002", "Operating Cash Flow": "46,690", "Investing Cash Flow": "-2,785", "Financing Cash Flow": "-44,127", "End Cash Position": "155", "Income Tax Paid Supplemental Data": "-", "Interest Paid Supplemental Data": "-", "Capital Expenditure": "-3,596", "Issuance of Capital Stock": "-", "Issuance of Debt": "-", "Repayment of Debt": "-", "Repurchase of Capital Stock": "-", "Free Cash Flow": "43,094"}, "12/30/2001": {"Duration": "12/30/2001", "Operating Cash Flow": "54,395", "Investing Cash Flow": "2,564", "Financing Cash Flow": "-57,043", "End Cash Position": "-", "Income Tax Paid Supplemental Data": "-", "Interest Paid Supplemental Data": "-", "Capital Expenditure": "-", "Issuance of Capital Stock": "-", "Issuance of Debt": "-", "Repayment of Debt": "-", "Repurchase of Capital Stock": "-", "Free Cash Flow": "54,395"}, "12/30/2000": {"Duration": "12/30/2000", "Operating Cash Flow": "0", "Investing Cash Flow": "0", "Financing Cash Flow": "0", "End Cash Position": "-", "Income Tax Paid Supplemental Data": "-", "Interest Paid Supplemental Data": "-", "Capital Expenditure": "-", "Issuance of Capital Stock": "-", "Issuance of Debt": "-", "Repayment of Debt": "-", "Repurchase of Capital Stock": "-", "Free Cash Flow": "0"}}, "ks": {"Current": {"Duration": "Current", "Market Cap (intraday) 5": "516.96M", "Enterprise Value 3": "1.20B", "Trailing P/E ": "3.66", "Forward P/E 1": "4.09", "PEG Ratio (5 yr expected) 1": "N/A", "Price/Sales (ttm)": "0.15", "Price/Book (mrq)": "4.22", "Enterprise Value/Revenue 3": "0.35", "Enterprise Value/EBITDA 7": "4.58"}, "3/30/2021": {"Duration": "3/30/2021", "Market Cap (intraday) 5": "371.05M", "Enterprise Value 3": "1.02B", "Trailing P/E ": "4.58", "Forward P/E 1": "8.52", "PEG Ratio (5 yr expected) 1": "N/A", "Price/Sales (ttm)": "0.12", "Price/Book (mrq)": "6.28", "Enterprise Value/Revenue 3": "0.99", "Enterprise Value/EBITDA 7": "9.48"}, "12/30/2020": {"Duration": "12/30/2020", "Market Cap (intraday) 5": "276.84M", "Enterprise Value 3": "903.51M", "Trailing P/E ": "5.43", "Forward P/E 1": "N/A", "PEG Ratio (5 yr expected) 1": "N/A", "Price/Sales (ttm)": "0.10", "Price/Book (mrq)": "7.24", "Enterprise Value/Revenue 3": "1.04", "Enterprise Value/EBITDA 7": "23.98"}, "9/29/2020": {"Duration": "9/29/2020", "Market Cap (intraday) 5": "203.71M", "Enterprise Value 3": "895.61M", "Trailing P/E ": "N/A", "Forward P/E 1": "N/A", "PEG Ratio (5 yr expected) 1": "N/A", "Price/Sales (ttm)": "0.08", "Price/Book (mrq)": "N/A", "Enterprise Value/Revenue 3": "1.03", "Enterprise Value/EBITDA 7": "10.09"}, "6/29/2020": {"Duration": "6/29/2020", "Market Cap (intraday) 5": "81.08M", "Enterprise Value 3": "719.58M", "Trailing P/E ": "N/A", "Forward P/E 1": "N/A", "PEG Ratio (5 yr expected) 1": "N/A", "Price/Sales (ttm)": "0.03", "Price/Book (mrq)": "N/A", "Enterprise Value/Revenue 3": "1.03", "Enterprise Value/EBITDA 7": "25.05"}, "3/30/2020": {"Duration": "3/30/2020", "Market Cap (intraday) 5": "46.36M", "Enterprise Value 3": "702.74M", "Trailing P/E ": "N/A", "Forward P/E 1": "N/A", "PEG Ratio (5 yr expected) 1": "N/A", "Price/Sales (ttm)": "0.02", "Price/Book (mrq)": "N/A", "Enterprise Value/Revenue 3": "1.06", "Enterprise Value/EBITDA 7": "43.37"}, "12/30/2019": {"Duration": "12/30/2019", "Market Cap (intraday) 5": "133.46M", "Enterprise Value 3": "827.93M", "Trailing P/E ": "N/A", "Forward P/E 1": "N/A", "PEG Ratio (5 yr expected) 1": "N/A", "Price/Sales (ttm)": "0.05", "Price/Book (mrq)": "N/A", "Enterprise Value/Revenue 3": "1.35", "Enterprise Value/EBITDA 7": "113.43"}, "9/29/2019": {"Duration": "9/29/2019", "Market Cap (intraday) 5": "302.77M", "Enterprise Value 3": "1.00B", "Trailing P/E ": "N/A", "Forward P/E 1": "N/A", "PEG Ratio (5 yr expected) 1": "N/A", "Price/Sales (ttm)": "0.10", "Price/Book (mrq)": "N/A", "Enterprise Value/Revenue 3": "1.48", "Enterprise Value/EBITDA 7": "70.56"}, "6/29/2019": {"Duration": "6/29/2019", "Market Cap (intraday) 5": "185.16M", "Enterprise Value 3": "980.34M", "Trailing P/E ": "N/A", "Forward P/E 1": "N/A", "PEG Ratio (5 yr expected) 1": "N/A", "Price/Sales (ttm)": "0.06", "Price/Book (mrq)": "N/A", "Enterprise Value/Revenue 3": "1.39", "Enterprise Value/EBITDA 7": "32.82"}, "3/30/2019": {"Duration": "3/30/2019", "Market Cap (intraday) 5": "248.89M", "Enterprise Value 3": "908.09M", "Trailing P/E ": "N/A", "Forward P/E 1": "N/A", "PEG Ratio (5 yr expected) 1": "N/A", "Price/Sales (ttm)": "0.09", "Price/Book (mrq)": "N/A", "Enterprise Value/Revenue 3": "1.42", "Enterprise Value/EBITDA 7": "79.07"}, "12/30/2018": {"Duration": "12/30/2018", "Market Cap (intraday) 5": "229.65M", "Enterprise Value 3": "992.63M", "Trailing P/E ": "10.70", "Forward P/E 1": "N/A", "PEG Ratio (5 yr expected) 1": "N/A", "Price/Sales (ttm)": "0.09", "Price/Book (mrq)": "103.26", "Enterprise Value/Revenue 3": "1.48", "Enterprise Value/EBITDA 7": "1.77k"}, "9/29/2018": {"Duration": "9/29/2018", "Market Cap (intraday) 5": "292.50M", "Enterprise Value 3": "1.09B", "Trailing P/E ": "7.89", "Forward P/E 1": "N/A", "PEG Ratio (5 yr expected) 1": "N/A", "Price/Sales (ttm)": "0.13", "Price/Book (mrq)": "23.67", "Enterprise Value/Revenue 3": "1.27", "Enterprise Value/EBITDA 7": "262.67"}, "6/29/2018": {"Duration": "6/29/2018", "Market Cap (intraday) 5": "345.65M", "Enterprise Value 3": "787.77M", "Trailing P/E ": "7.11", "Forward P/E 1": "N/A", "PEG Ratio (5 yr expected) 1": "N/A", "Price/Sales (ttm)": "0.19", "Price/Book (mrq)": "15.66", "Enterprise Value/Revenue 3": "0.88", "Enterprise Value/EBITDA 7": "65.53"}, "3/30/2018": {"Duration": "3/30/2018", "Market Cap (intraday) 5": "297.99M", "Enterprise Value 3": "610.06M", "Trailing P/E ": "4.79", "Forward P/E 1": "N/A", "PEG Ratio (5 yr expected) 1": "N/A", "Price/Sales (ttm)": "0.17", "Price/Book (mrq)": "8.58", "Enterprise Value/Revenue 3": "1.39", "Enterprise Value/EBITDA 7": "-159.66"}, "12/30/2017": {"Duration": "12/30/2017", "Market Cap (intraday) 5": "88.80M", "Enterprise Value 3": "418.16M", "Trailing P/E ": "4.50", "Forward P/E 1": "N/A", "PEG Ratio (5 yr expected) 1": "N/A", "Price/Sales (ttm)": "0.05", "Price/Book (mrq)": "N/A", "Enterprise Value/Revenue 3": "0.97", "Enterprise Value/EBITDA 7": "65.78"}, "9/29/2017": {"Duration": "9/29/2017", "Market Cap (intraday) 5": "93.98M", "Enterprise Value 3": "438.27M", "Trailing P/E ": "3.19", "Forward P/E 1": "N/A", "PEG Ratio (5 yr expected) 1": "N/A", "Price/Sales (ttm)": "0.05", "Price/Book (mrq)": "N/A", "Enterprise Value/Revenue 3": "0.91", "Enterprise Value/EBITDA 7": "31.93"}, "6/29/2017": {"Duration": "6/29/2017", "Market Cap (intraday) 5": "99.23M", "Enterprise Value 3": "430.27M", "Trailing P/E ": "4.34", "Forward P/E 1": "N/A", "PEG Ratio (5 yr expected) 1": "N/A", "Price/Sales (ttm)": "0.05", "Price/Book (mrq)": "N/A", "Enterprise Value/Revenue 3": "0.91", "Enterprise Value/EBITDA 7": "37.30"}, "3/30/2017": {"Duration": "3/30/2017", "Market Cap (intraday) 5": "81.99M", "Enterprise Value 3": "398.41M", "Trailing P/E ": "5.14", "Forward P/E 1": "N/A", "PEG Ratio (5 yr expected) 1": "N/A", "Price/Sales (ttm)": "0.04", "Price/Book (mrq)": "N/A", "Enterprise Value/Revenue 3": "0.93", "Enterprise Value/EBITDA 7": "48.46"}, "12/30/2016": {"Duration": "12/30/2016", "Market Cap (intraday) 5": "67.46M", "Enterprise Value 3": "441.47M", "Trailing P/E ": "N/A", "Forward P/E 1": "N/A", "PEG Ratio (5 yr expected) 1": "N/A", "Price/Sales (ttm)": "0.04", "Price/Book (mrq)": "N/A", "Enterprise Value/Revenue 3": "1.05", "Enterprise Value/EBITDA 7": "23.91"}, "9/29/2016": {"Duration": "9/29/2016", "Market Cap (intraday) 5": "80.20M", "Enterprise Value 3": "495.16M", "Trailing P/E ": "N/A", "Forward P/E 1": "N/A", "PEG Ratio (5 yr expected) 1": "N/A", "Price/Sales (ttm)": "0.04", "Price/Book (mrq)": "N/A", "Enterprise Value/Revenue 3": "1.04", "Enterprise Value/EBITDA 7": "19.92"}, "6/29/2016": {"Duration": "6/29/2016", "Market Cap (intraday) 5": "63.48M", "Enterprise Value 3": "503.44M", "Trailing P/E ": "N/A", "Forward P/E 1": "N/A", "PEG Ratio (5 yr expected) 1": "N/A", "Price/Sales (ttm)": "0.03", "Price/Book (mrq)": "N/A", "Enterprise Value/Revenue 3": "0.99", "Enterprise Value/EBITDA 7": "101.54"}, "3/30/2016": {"Duration": "3/30/2016", "Market Cap (intraday) 5": "54.93M", "Enterprise Value 3": "451.80M", "Trailing P/E ": "N/A", "Forward P/E 1": "N/A", "PEG Ratio (5 yr expected) 1": "N/A", "Price/Sales (ttm)": "0.03", "Price/Book (mrq)": "N/A", "Enterprise Value/Revenue 3": "0.95", "Enterprise Value/EBITDA 7": "142.57"}, "12/30/2015": {"Duration": "12/30/2015", "Market Cap (intraday) 5": "47.40M", "Enterprise Value 3": "509.50M", "Trailing P/E ": "N/A", "Forward P/E 1": "N/A", "PEG Ratio (5 yr expected) 1": "N/A", "Price/Sales (ttm)": "0.02", "Price/Book (mrq)": "N/A", "Enterprise Value/Revenue 3": "1.19", "Enterprise Value/EBITDA 7": "85.99"}, "9/29/2015": {"Duration": "9/29/2015", "Market Cap (intraday) 5": "62.62M", "Enterprise Value 3": "538.88M", "Trailing P/E ": "N/A", "Forward P/E 1": "N/A", "PEG Ratio (5 yr expected) 1": "N/A", "Price/Sales (ttm)": "0.03", "Price/Book (mrq)": "N/A", "Enterprise Value/Revenue 3": "1.04", "Enterprise Value/EBITDA 7": "50.58"}, "6/29/2015": {"Duration": "6/29/2015", "Market Cap (intraday) 5": "85.83M", "Enterprise Value 3": "548.94M", "Trailing P/E ": "N/A", "Forward P/E 1": "N/A", "PEG Ratio (5 yr expected) 1": "N/A", "Price/Sales (ttm)": "0.04", "Price/Book (mrq)": "N/A", "Enterprise Value/Revenue 3": "1.06", "Enterprise Value/EBITDA 7": "59.16"}, "3/30/2015": {"Duration": "3/30/2015", "Market Cap (intraday) 5": "96.57M", "Enterprise Value 3": "525.28M", "Trailing P/E ": "N/A", "Forward P/E 1": "N/A", "PEG Ratio (5 yr expected) 1": "N/A", "Price/Sales (ttm)": "0.05", "Price/Book (mrq)": "N/A", "Enterprise Value/Revenue 3": "1.15", "Enterprise Value/EBITDA 7": "-2.65k"}, "12/30/2014": {"Duration": "12/30/2014", "Market Cap (intraday) 5": "102.95M", "Enterprise Value 3": "568.91M", "Trailing P/E ": "N/A", "Forward P/E 1": "N/A", "PEG Ratio (5 yr expected) 1": "N/A", "Price/Sales (ttm)": "0.05", "Price/Book (mrq)": "N/A", "Enterprise Value/Revenue 3": "1.25", "Enterprise Value/EBITDA 7": "331.92"}, "9/29/2014": {"Duration": "9/29/2014", "Market Cap (intraday) 5": "116.37M", "Enterprise Value 3": "593.11M", "Trailing P/E ": "N/A", "Forward P/E 1": "N/A", "PEG Ratio (5 yr expected) 1": "N/A", "Price/Sales (ttm)": "0.06", "Price/Book (mrq)": "N/A", "Enterprise Value/Revenue 3": "1.08", "Enterprise Value/EBITDA 7": "71.88"}, "6/29/2014": {"Duration": "6/29/2014", "Market Cap (intraday) 5": "122.80M", "Enterprise Value 3": "584.11M", "Trailing P/E ": "N/A", "Forward P/E 1": "N/A", "PEG Ratio (5 yr expected) 1": "N/A", "Price/Sales (ttm)": "0.06", "Price/Book (mrq)": "N/A", "Enterprise Value/Revenue 3": "1.10", "Enterprise Value/EBITDA 7": "47.92"}, "3/30/2014": {"Duration": "3/30/2014", "Market Cap (intraday) 5": "113.91M", "Enterprise Value 3": "526.39M", "Trailing P/E ": "N/A", "Forward P/E 1": "N/A", "PEG Ratio (5 yr expected) 1": "N/A", "Price/Sales (ttm)": "0.05", "Price/Book (mrq)": "N/A", "Enterprise Value/Revenue 3": "1.19", "Enterprise Value/EBITDA 7": "995.06"}, "12/30/2013": {"Duration": "12/30/2013", "Market Cap (intraday) 5": "168.93M", "Enterprise Value 3": "620.39M", "Trailing P/E ": "N/A", "Forward P/E 1": "N/A", "PEG Ratio (5 yr expected) 1": "N/A", "Price/Sales (ttm)": "0.06", "Price/Book (mrq)": "N/A", "Enterprise Value/Revenue 3": "1.28", "Enterprise Value/EBITDA 7": "-522.21"}, "9/29/2013": {"Duration": "9/29/2013", "Market Cap (intraday) 5": "168.84M", "Enterprise Value 3": "683.14M", "Trailing P/E ": "N/A", "Forward P/E 1": "N/A", "PEG Ratio (5 yr expected) 1": "N/A", "Price/Sales (ttm)": "0.06", "Price/Book (mrq)": "N/A", "Enterprise Value/Revenue 3": "1.22", "Enterprise Value/EBITDA 7": "130.84"}, "6/29/2013": {"Duration": "6/29/2013", "Market Cap (intraday) 5": "186.33M", "Enterprise Value 3": "657.87M", "Trailing P/E ": "N/A", "Forward P/E 1": "N/A", "PEG Ratio (5 yr expected) 1": "N/A", "Price/Sales (ttm)": "0.06", "Price/Book (mrq)": "33.02", "Enterprise Value/Revenue 3": "1.09", "Enterprise Value/EBITDA 7": "-48.90"}, "3/30/2013": {"Duration": "3/30/2013", "Market Cap (intraday) 5": "181.73M", "Enterprise Value 3": "589.32M", "Trailing P/E ": "N/A", "Forward P/E 1": "N/A", "PEG Ratio (5 yr expected) 1": "N/A", "Price/Sales (ttm)": "0.09", "Price/Book (mrq)": "N/A", "Enterprise Value/Revenue 3": "1.17", "Enterprise Value/EBITDA 7": "-191.90"}, "12/30/2012": {"Duration": "12/30/2012", "Market Cap (intraday) 5": "178.90M", "Enterprise Value 3": "586.48M", "Trailing P/E ": "N/A", "Forward P/E 1": "N/A", "PEG Ratio (5 yr expected) 1": "N/A", "Price/Sales (ttm)": "0.09", "Price/Book (mrq)": "N/A", "Enterprise Value/Revenue 3": "1.33", "Enterprise Value/EBITDA 7": "-230.81"}, "9/29/2012": {"Duration": "9/29/2012", "Market Cap (intraday) 5": "149.05M", "Enterprise Value 3": "616.77M", "Trailing P/E ": "N/A", "Forward P/E 1": "N/A", "PEG Ratio (5 yr expected) 1": "N/A", "Price/Sales (ttm)": "0.07", "Price/Book (mrq)": "N/A", "Enterprise Value/Revenue 3": "1.24", "Enterprise Value/EBITDA 7": "49.78"}, "6/29/2012": {"Duration": "6/29/2012", "Market Cap (intraday) 5": "149.71M", "Enterprise Value 3": "592.62M", "Trailing P/E ": "N/A", "Forward P/E 1": "N/A", "PEG Ratio (5 yr expected) 1": "N/A", "Price/Sales (ttm)": "0.06", "Price/Book (mrq)": "N/A", "Enterprise Value/Revenue 3": "1.15", "Enterprise Value/EBITDA 7": "98.72"}, "3/30/2012": {"Duration": "3/30/2012", "Market Cap (intraday) 5": "168.24M", "Enterprise Value 3": "523.44M", "Trailing P/E ": "N/A", "Forward P/E 1": "N/A", "PEG Ratio (5 yr expected) 1": "N/A", "Price/Sales (ttm)": "0.06", "Price/Book (mrq)": "20.08", "Enterprise Value/Revenue 3": "1.15", "Enterprise Value/EBITDA 7": "-295.40"}, "12/30/2011": {"Duration": "12/30/2011", "Market Cap (intraday) 5": "92.72M", "Enterprise Value 3": "482.53M", "Trailing P/E ": "N/A", "Forward P/E 1": "N/A", "PEG Ratio (5 yr expected) 1": "N/A", "Price/Sales (ttm)": "0.03", "Price/Book (mrq)": "2.84", "Enterprise Value/Revenue 3": "1.23", "Enterprise Value/EBITDA 7": "-2.09k"}, "9/29/2011": {"Duration": "9/29/2011", "Market Cap (intraday) 5": "89.63M", "Enterprise Value 3": "479.44M", "Trailing P/E ": "N/A", "Forward P/E 1": "N/A", "PEG Ratio (5 yr expected) 1": "N/A", "Price/Sales (ttm)": "0.03", "Price/Book (mrq)": "2.74", "Enterprise Value/Revenue 3": "1.01", "Enterprise Value/EBITDA 7": "140.68"}, "6/29/2011": {"Duration": "6/29/2011", "Market Cap (intraday) 5": "86.75M", "Enterprise Value 3": "584.02M", "Trailing P/E ": "N/A", "Forward P/E 1": "N/A", "PEG Ratio (5 yr expected) 1": "N/A", "Price/Sales (ttm)": "0.04", "Price/Book (mrq)": "N/A", "Enterprise Value/Revenue 3": "1.17", "Enterprise Value/EBITDA 7": "798.93"}, "3/30/2011": {"Duration": "3/30/2011", "Market Cap (intraday) 5": "122.97M", "Enterprise Value 3": "578.63M", "Trailing P/E ": "N/A", "Forward P/E 1": "N/A", "PEG Ratio (5 yr expected) 1": "N/A", "Price/Sales (ttm)": "0.06", "Price/Book (mrq)": "N/A", "Enterprise Value/Revenue 3": "1.48", "Enterprise Value/EBITDA 7": "-1.31k"}, "12/30/2010": {"Duration": "12/30/2010", "Market Cap (intraday) 5": "119.65M", "Enterprise Value 3": "511.31M", "Trailing P/E ": "N/A", "Forward P/E 1": "N/A", "PEG Ratio (5 yr expected) 1": "N/A", "Price/Sales (ttm)": "0.06", "Price/Book (mrq)": "120.73", "Enterprise Value/Revenue 3": "1.39", "Enterprise Value/EBITDA 7": "-64.85"}, "9/29/2010": {"Duration": "9/29/2010", "Market Cap (intraday) 5": "130.48M", "Enterprise Value 3": "535.89M", "Trailing P/E ": "N/A", "Forward P/E 1": "N/A", "PEG Ratio (5 yr expected) 1": "N/A", "Price/Sales (ttm)": "0.07", "Price/Book (mrq)": "6.10", "Enterprise Value/Revenue 3": "1.15", "Enterprise Value/EBITDA 7": "-157.71"}, "6/29/2010": {"Duration": "6/29/2010", "Market Cap (intraday) 5": "85.94M", "Enterprise Value 3": "514.59M", "Trailing P/E ": "N/A", "Forward P/E 1": "N/A", "PEG Ratio (5 yr expected) 1": "N/A", "Price/Sales (ttm)": "0.05", "Price/Book (mrq)": "2.50", "Enterprise Value/Revenue 3": "0.95", "Enterprise Value/EBITDA 7": "62.24"}, "3/30/2010": {"Duration": "3/30/2010", "Market Cap (intraday) 5": "124.33M", "Enterprise Value 3": "514.47M", "Trailing P/E ": "N/A", "Forward P/E 1": "N/A", "PEG Ratio (5 yr expected) 1": "N/A", "Price/Sales (ttm)": "0.07", "Price/Book (mrq)": "3.34", "Enterprise Value/Revenue 3": "1.19", "Enterprise Value/EBITDA 7": "-140.41"}, "12/30/2009": {"Duration": "12/30/2009", "Market Cap (intraday) 5": "89.34M", "Enterprise Value 3": "428.78M", "Trailing P/E ": "N/A", "Forward P/E 1": "N/A", "PEG Ratio (5 yr expected) 1": "N/A", "Price/Sales (ttm)": "0.05", "Price/Book (mrq)": "1.76", "Enterprise Value/Revenue 3": "1.17", "Enterprise Value/EBITDA 7": "5.36k"}, "9/29/2009": {"Duration": "9/29/2009", "Market Cap (intraday) 5": "129.28M", "Enterprise Value 3": "465.47M", "Trailing P/E ": "N/A", "Forward P/E 1": "N/A", "PEG Ratio (5 yr expected) 1": "N/A", "Price/Sales (ttm)": "0.07", "Price/Book (mrq)": "3.31", "Enterprise Value/Revenue 3": "1.04", "Enterprise Value/EBITDA 7": "-315.79"}, "6/29/2009": {"Duration": "6/29/2009", "Market Cap (intraday) 5": "97.72M", "Enterprise Value 3": "425.77M", "Trailing P/E ": "N/A", "Forward P/E 1": "13.12", "PEG Ratio (5 yr expected) 1": "N/A", "Price/Sales (ttm)": "0.05", "Price/Book (mrq)": "2.01", "Enterprise Value/Revenue 3": "1.01", "Enterprise Value/EBITDA 7": "31.76"}, "3/30/2009": {"Duration": "3/30/2009", "Market Cap (intraday) 5": "85.63M", "Enterprise Value 3": "426.65M", "Trailing P/E ": "N/A", "Forward P/E 1": "N/A", "PEG Ratio (5 yr expected) 1": "N/A", "Price/Sales (ttm)": "0.03", "Price/Book (mrq)": "1.90", "Enterprise Value/Revenue 3": "1.05", "Enterprise Value/EBITDA 7": "-21.91"}, "12/30/2008": {"Duration": "12/30/2008", "Market Cap (intraday) 5": "61.16M", "Enterprise Value 3": "380.40M", "Trailing P/E ": "N/A", "Forward P/E 1": "13.35", "PEG Ratio (5 yr expected) 1": "N/A", "Price/Sales (ttm)": "0.02", "Price/Book (mrq)": "0.59", "Enterprise Value/Revenue 3": "0.76", "Enterprise Value/EBITDA 7": "-17.37"}, "9/29/2008": {"Duration": "9/29/2008", "Market Cap (intraday) 5": "171.28M", "Enterprise Value 3": "572.89M", "Trailing P/E ": "N/A", "Forward P/E 1": "N/A", "PEG Ratio (5 yr expected) 1": "N/A", "Price/Sales (ttm)": "0.05", "Price/Book (mrq)": "1.15", "Enterprise Value/Revenue 3": "0.79", "Enterprise Value/EBITDA 7": "56.92"}, "6/29/2008": {"Duration": "6/29/2008", "Market Cap (intraday) 5": "113.85M", "Enterprise Value 3": "583.16M", "Trailing P/E ": "N/A", "Forward P/E 1": "N/A", "PEG Ratio (5 yr expected) 1": "N/A", "Price/Sales (ttm)": "0.03", "Price/Book (mrq)": "0.75", "Enterprise Value/Revenue 3": "0.70", "Enterprise Value/EBITDA 7": "21.75"}, "3/30/2008": {"Duration": "3/30/2008", "Market Cap (intraday) 5": "161.87M", "Enterprise Value 3": "683.02M", "Trailing P/E ": "N/A", "Forward P/E 1": "N/A", "PEG Ratio (5 yr expected) 1": "N/A", "Price/Sales (ttm)": "0.04", "Price/Book (mrq)": "1.15", "Enterprise Value/Revenue 3": "0.95", "Enterprise Value/EBITDA 7": "-307.11"}, "12/30/2007": {"Duration": "12/30/2007", "Market Cap (intraday) 5": "122.82M", "Enterprise Value 3": "622.75M", "Trailing P/E ": "N/A", "Forward P/E 1": "N/A", "PEG Ratio (5 yr expected) 1": "N/A", "Price/Sales (ttm)": "0.03", "Price/Book (mrq)": "0.79", "Enterprise Value/Revenue 3": "0.80", "Enterprise Value/EBITDA 7": "-15.82"}, "9/29/2007": {"Duration": "9/29/2007", "Market Cap (intraday) 5": "220.02M", "Enterprise Value 3": "856.36M", "Trailing P/E ": "140.80", "Forward P/E 1": "N/A", "PEG Ratio (5 yr expected) 1": "N/A", "Price/Sales (ttm)": "0.05", "Price/Book (mrq)": "1.15", "Enterprise Value/Revenue 3": "0.84", "Enterprise Value/EBITDA 7": "46.06"}, "6/29/2007": {"Duration": "6/29/2007", "Market Cap (intraday) 5": "327.43M", "Enterprise Value 3": "968.77M", "Trailing P/E ": "58.28", "Forward P/E 1": "N/A", "PEG Ratio (5 yr expected) 1": "N/A", "Price/Sales (ttm)": "0.07", "Price/Book (mrq)": "1.76", "Enterprise Value/Revenue 3": "0.90", "Enterprise Value/EBITDA 7": "36.56"}, "3/30/2007": {"Duration": "3/30/2007", "Market Cap (intraday) 5": "327.74M", "Enterprise Value 3": "883.40M", "Trailing P/E ": "20.59", "Forward P/E 1": "N/A", "PEG Ratio (5 yr expected) 1": "N/A", "Price/Sales (ttm)": "0.07", "Price/Book (mrq)": "1.73", "Enterprise Value/Revenue 3": "0.92", "Enterprise Value/EBITDA 7": "55.58"}, "12/30/2006": {"Duration": "12/30/2006", "Market Cap (intraday) 5": "321.22M", "Enterprise Value 3": "998.12M", "Trailing P/E ": "8.81", "Forward P/E 1": "N/A", "PEG Ratio (5 yr expected) 1": "N/A", "Price/Sales (ttm)": "0.06", "Price/Book (mrq)": "1.63", "Enterprise Value/Revenue 3": "1.06", "Enterprise Value/EBITDA 7": "152.01"}, "9/29/2006": {"Duration": "9/29/2006", "Market Cap (intraday) 5": "293.20M", "Enterprise Value 3": "1.00B", "Trailing P/E ": "6.10", "Forward P/E 1": "N/A", "PEG Ratio (5 yr expected) 1": "N/A", "Price/Sales (ttm)": "0.05", "Price/Book (mrq)": "1.47", "Enterprise Value/Revenue 3": "0.83", "Enterprise Value/EBITDA 7": "45.74"}, "6/29/2006": {"Duration": "6/29/2006", "Market Cap (intraday) 5": "399.36M", "Enterprise Value 3": "1.11B", "Trailing P/E ": "8.35", "Forward P/E 1": "N/A", "PEG Ratio (5 yr expected) 1": "N/A", "Price/Sales (ttm)": "0.07", "Price/Book (mrq)": "2.00", "Enterprise Value/Revenue 3": "0.80", "Enterprise Value/EBITDA 7": "28.43"}, "3/30/2006": {"Duration": "3/30/2006", "Market Cap (intraday) 5": "485.77M", "Enterprise Value 3": "1.13B", "Trailing P/E ": "10.67", "Forward P/E 1": "N/A", "PEG Ratio (5 yr expected) 1": "N/A", "Price/Sales (ttm)": "0.09", "Price/Book (mrq)": "2.52", "Enterprise Value/Revenue 3": "0.82", "Enterprise Value/EBITDA 7": "34.08"}, "12/30/2005": {"Duration": "12/30/2005", "Market Cap (intraday) 5": "340.18M", "Enterprise Value 3": "1.01B", "Trailing P/E ": "20.09", "Forward P/E 1": "N/A", "PEG Ratio (5 yr expected) 1": "N/A", "Price/Sales (ttm)": "0.06", "Price/Book (mrq)": "1.99", "Enterprise Value/Revenue 3": "0.76", "Enterprise Value/EBITDA 7": "24.86"}, "9/29/2005": {"Duration": "9/29/2005", "Market Cap (intraday) 5": "405.82M", "Enterprise Value 3": "1.08B", "Trailing P/E ": "24.00", "Forward P/E 1": "N/A", "PEG Ratio (5 yr expected) 1": "N/A", "Price/Sales (ttm)": "0.07", "Price/Book (mrq)": "2.37", "Enterprise Value/Revenue 3": "0.74", "Enterprise Value/EBITDA 7": "26.94"}, "6/29/2005": {"Duration": "6/29/2005", "Market Cap (intraday) 5": "319.36M", "Enterprise Value 3": "1.05B", "Trailing P/E ": "10.37", "Forward P/E 1": "N/A", "PEG Ratio (5 yr expected) 1": "N/A", "Price/Sales (ttm)": "0.06", "Price/Book (mrq)": "2.00", "Enterprise Value/Revenue 3": "0.71", "Enterprise Value/EBITDA 7": "36.66"}, "3/30/2005": {"Duration": "3/30/2005", "Market Cap (intraday) 5": "407.80M", "Enterprise Value 3": "1.15B", "Trailing P/E ": "13.25", "Forward P/E 1": "N/A", "PEG Ratio (5 yr expected) 1": "N/A", "Price/Sales (ttm)": "0.07", "Price/Book (mrq)": "2.62", "Enterprise Value/Revenue 3": "0.85", "Enterprise Value/EBITDA 7": "39.96"}}, "inside": {"Date": ["INSIDER NAME", "TITLE", "DATE", "TRANSATION", "SHARE", "PRICE", "AMOUNT"], "2021-05-28 20:20:53": ["LEWIS MITCHELL B", "PRESIDENT AND CEO", "2021-05-26", "SELL", "56,622", "51.18", "2,898,098"], "2021-05-24 20:28:23": ["LEWIS MITCHELL B", "PRESIDENT AND CEO", "2021-05-20", "SELL", "54,007", "54.03", "2,917,982"], "2021-05-07 09:38:30": ["YANCEY CAROL B", "DIRECTIOR", "2021-05-06", "BUY", "1,000", "55.88", "55,880"], "2021-03-12 13:58:20": ["SASADU BRIAN J.", "CHIEF HUMAN RESOURCE OFFICER", "2021-02-15", "OPTION EXERCISE", "801", "0.00", "0"], "2021-03-08 12:14:45": ["JANZEN KELLY", "SVP, CFO AND TREASURER", "2021-02-01", "OPTION EXERCISE", "6,500", "0.00", "0"], "2020-12-14 21:29:26": ["NOKOMIS CAPITAL, L.L.C.", " 10% OWNER", "2020-12-10", "SELL", "340,000", "26.60", "9,044,000"], "2020-08-07 19:07:19": ["FENNEBRESQUE KIM S", "DIRECTIOR", "2020-08-05", "SELL", "25,000", "18.15", "453,750"], "2020-06-09 18:01:40": ["SASADU BRIAN J.", "CHIEF HUMAN RESOURCE OFFICER", "2020-06-07", "OPTION EXERCISE", "1,803", "0.00", "0"], "2020-06-09 18:00:22": ["REDDY SHYAM K.", "CHIEF ADMINISTRATIVE OFFICER", "2020-06-07", "OPTION EXERCISE", "4,959", "0.00", "0"], "2020-06-09 17:59:19": ["LEWIS MITCHELL B", "PRESIDENT AND CEO", "2020-06-07", "OPTION EXERCISE", "29,405", "0.00", "0"], "2020-06-09 17:55:50": ["HEINEMAN JUSTIN B.", "VP, GC, CORPORATE SECRETARY", "2020-06-07", "OPTION EXERCISE", "2,527", "0.00", "0"], "2020-06-09 17:50:14": ["AVERITT ALEXANDER S", "CHIEF OPERATING OFFICER", "2020-06-07", "OPTION EXERCISE", "5,371", "0.00", "0"]}}}, {"HBP": {"quote": {"05/12/2021": {"value": "6.28", "Market Cap": "171.934M", "Beta (5Y Monthly)": "2.56", "PE Ratio (TTM)": "10.27", "EPS (TTM)": "0.61", "Earnings Date": "Aug 02, 2021 - Aug 06, 2021", "Forward Dividend & Yield": "N/A (N/A)", "Ex-Dividend Date": "N/A", "1y Target Est": "8.10"}}, "fin": {"TTM": {"Duration": "TTM", "Total Revenue": "804,000", "Cost of Revenue": "639,800", "Gross Profit": "164,200", "Operating Expense": "143,500", "Operating Income": "20,700", "Net Non Operating Interest Income Expense": "-3,000", "Other Income Expense": "-", "Pretax Income": "16,200", "Tax Provision": "100", "Net Income Common Stockholders": "16,100", "Diluted NI Available to Com Stockholders": "16,100", "Basic EPS": "-", "Diluted EPS": "-", "Basic Average Shares": "-", "Diluted Average Shares": "-", "Total Operating Income as Reported": "19,200", "Total Expenses": "783,300", "Net Income from Continuing & Discontinued Operation": "16,100", "Normalized Income": "17,591", "Interest Expense": "3,000", "Net Interest Income": "-3,000", "EBIT": "19,200", "EBITDA": "24,400", "Reconciled Cost of Revenue": "639,800", "Reconciled Depreciation": "5,200", "Net Income from Continuing Operation Net Minority Interest": "16,100", "Total Unusual Items Excluding Goodwill": "-1,500", "Total Unusual Items": "-1,500", "Normalized EBITDA": "25,900", "Tax Rate for Calcs": "0", "Tax Effect of Unusual Items": "-9.2593"}, "12/31/2020": {"Duration": "12/31/2020", "Total Revenue": "792,300", "Cost of Revenue": "632,900", "Gross Profit": "159,400", "Operating Expense": "145,600", "Operating Income": "13,800", "Net Non Operating Interest Income Expense": "-3,600", "Other Income Expense": "-11,000", "Pretax Income": "-800", "Tax Provision": "100", "Net Income Common Stockholders": "-900", "Diluted NI Available to Com Stockholders": "-900", "Basic EPS": "-", "Diluted EPS": "-", "Basic Average Shares": "-", "Diluted Average Shares": "-", "Total Operating Income as Reported": "2,800", "Total Expenses": "778,500", "Net Income from Continuing & Discontinued Operation": "-900", "Normalized Income": "7,130", "Interest Expense": "3,600", "Net Interest Income": "-3,600", "EBIT": "2,800", "EBITDA": "-", "Reconciled Cost of Revenue": "632,900", "Reconciled Depreciation": "5,200", "Net Income from Continuing Operation Net Minority Interest": "-900", "Total Unusual Items Excluding Goodwill": "-11,000", "Total Unusual Items": "-11,000", "Normalized EBITDA": "19,000", "Tax Rate for Calcs": "0", "Tax Effect of Unusual Items": "-2,970"}, "12/31/2019": {"Duration": "12/31/2019", "Total Revenue": "812,000", "Cost of Revenue": "650,000", "Gross Profit": "162,000", "Operating Expense": "165,600", "Operating Income": "-3,600", "Net Non Operating Interest Income Expense": "-6,600", "Other Income Expense": "-", "Pretax Income": "-10,200", "Tax Provision": "11,100", "Net Income Common Stockholders": "-21,300", "Diluted NI Available to Com Stockholders": "-21,300", "Basic EPS": "-0.84", "Diluted EPS": "-0.84", "Basic Average Shares": "25,400", "Diluted Average Shares": "25,400", "Total Operating Income as Reported": "-3,600", "Total Expenses": "815,600", "Net Income from Continuing & Discontinued Operation": "-21,300", "Normalized Income": "-21,300", "Interest Expense": "6,600", "Net Interest Income": "-6,600", "EBIT": "-3,600", "EBITDA": "-", "Reconciled Cost of Revenue": "650,000", "Reconciled Depreciation": "5,700", "Net Income from Continuing Operation Net Minority Interest": "-21,300", "Total Unusual Items Excluding Goodwill": "0", "Total Unusual Items": "0", "Normalized EBITDA": "2,100", "Tax Rate for Calcs": "0", "Tax Effect of Unusual Items": "0"}, "12/31/2018": {"Duration": "12/31/2018", "Total Revenue": "839,600", "Cost of Revenue": "673,100", "Gross Profit": "166,500", "Operating Expense": "167,500", "Operating Income": "-1,000", "Net Non Operating Interest Income Expense": "-6,500", "Other Income Expense": "100", "Pretax Income": "-7,400", "Tax Provision": "-1,400", "Net Income Common Stockholders": "-6,400", "Diluted NI Available to Com Stockholders": "-6,400", "Basic EPS": "-0.26", "Diluted EPS": "-0.26", "Basic Average Shares": "25,100", "Diluted Average Shares": "25,100", "Total Operating Income as Reported": "-900", "Total Expenses": "840,600", "Net Income from Continuing & Discontinued Operation": "-6,400", "Normalized Income": "-6,081", "Interest Expense": "6,500", "Net Interest Income": "-6,500", "EBIT": "-900", "EBITDA": "-", "Reconciled Cost of Revenue": "673,100", "Reconciled Depreciation": "5,400", "Net Income from Continuing Operation Net Minority Interest": "-6,000", "Total Unusual Items Excluding Goodwill": "100", "Total Unusual Items": "100", "Normalized EBITDA": "4,400", "Tax Rate for Calcs": "0", "Tax Effect of Unusual Items": "18.6"}, "12/31/2017": {"Duration": "12/31/2017", "Total Revenue": "753,200", "Cost of Revenue": "597,400", "Gross Profit": "155,800", "Operating Expense": "155,700", "Operating Income": "100", "Net Non Operating Interest Income Expense": "-3,100", "Other Income Expense": "-", "Pretax Income": "-3,000", "Tax Provision": "3,200", "Net Income Common Stockholders": "-7,100", "Diluted NI Available to Com Stockholders": "-7,100", "Basic EPS": "-0.29", "Diluted EPS": "-0.29", "Basic Average Shares": "24,900", "Diluted Average Shares": "24,900", "Total Operating Income as Reported": "100", "Total Expenses": "753,100", "Net Income from Continuing & Discontinued Operation": "-7,100", "Normalized Income": "-6,200", "Interest Expense": "3,100", "Net Interest Income": "-3,100", "EBIT": "100", "EBITDA": "-", "Reconciled Cost of Revenue": "597,400", "Reconciled Depreciation": "4,900", "Net Income from Continuing Operation Net Minority Interest": "-6,200", "Total Unusual Items Excluding Goodwill": "-", "Total Unusual Items": "-", "Normalized EBITDA": "5,000", "Tax Rate for Calcs": "0", "Tax Effect of Unusual Items": "0"}, "12/31/2016": {"Duration": "12/31/2016", "Total Revenue": "713,900", "Cost of Revenue": "562,700", "Gross Profit": "151,200", "Operating Expense": "128,500", "Operating Income": "22,700", "Net Non Operating Interest Income Expense": "-2,200", "Other Income Expense": "-4,400", "Pretax Income": "20,500", "Tax Provision": "7,200", "Net Income Common Stockholders": "16,300", "Diluted NI Available to Com Stockholders": "16,300", "Basic EPS": "0.64", "Diluted EPS": "0.64", "Basic Average Shares": "24,500", "Diluted Average Shares": "24,500", "Total Operating Income as Reported": "22,700", "Total Expenses": "691,200", "Net Income from Continuing & Discontinued Operation": "16,300", "Normalized Income": "13,300", "Interest Expense": "2,200", "Net Interest Income": "-2,200", "EBIT": "22,700", "EBITDA": "-", "Reconciled Cost of Revenue": "562,700", "Reconciled Depreciation": "3,900", "Net Income from Continuing Operation Net Minority Interest": "13,300", "Total Unusual Items Excluding Goodwill": "0", "Total Unusual Items": "0", "Normalized EBITDA": "26,600", "Tax Rate for Calcs": "0", "Tax Effect of Unusual Items": "0"}, "12/31/2015": {"Duration": "12/31/2015", "Total Revenue": "659,600", "Cost of Revenue": "526,300", "Gross Profit": "133,300", "Operating Expense": "119,200", "Operating Income": "14,100", "Net Non Operating Interest Income Expense": "-2,300", "Other Income Expense": "400", "Pretax Income": "12,200", "Tax Provision": "-17,200", "Net Income Common Stockholders": "26,000", "Diluted NI Available to Com Stockholders": "26,000", "Basic EPS": "1.04", "Diluted EPS": "1.04", "Basic Average Shares": "24,100", "Diluted Average Shares": "24,100", "Total Operating Income as Reported": "14,500", "Total Expenses": "645,500", "Net Income from Continuing & Discontinued Operation": "26,000", "Normalized Income": "29,160", "Interest Expense": "2,300", "Net Interest Income": "-2,300", "EBIT": "14,500", "EBITDA": "-", "Reconciled Cost of Revenue": "526,300", "Reconciled Depreciation": "3,000", "Net Income from Continuing Operation Net Minority Interest": "29,400", "Total Unusual Items Excluding Goodwill": "400", "Total Unusual Items": "400", "Normalized EBITDA": "17,100", "Tax Rate for Calcs": "0", "Tax Effect of Unusual Items": "160"}, "12/31/2014": {"Duration": "12/31/2014", "Total Revenue": "623,700", "Cost of Revenue": "501,100", "Gross Profit": "122,600", "Operating Expense": "114,300", "Operating Income": "8,300", "Net Non Operating Interest Income Expense": "-2,500", "Other Income Expense": "-5,000", "Pretax Income": "5,800", "Tax Provision": "0", "Net Income Common Stockholders": "2,200", "Diluted NI Available to Com Stockholders": "2,200", "Basic EPS": "0.09", "Diluted EPS": "0.09", "Basic Average Shares": "23,500", "Diluted Average Shares": "23,500", "Total Operating Income as Reported": "8,300", "Total Expenses": "615,400", "Net Income from Continuing & Discontinued Operation": "2,200", "Normalized Income": "5,800", "Interest Expense": "2,500", "Net Interest Income": "-2,500", "EBIT": "8,300", "EBITDA": "-", "Reconciled Cost of Revenue": "501,100", "Reconciled Depreciation": "3,100", "Net Income from Continuing Operation Net Minority Interest": "5,800", "Total Unusual Items Excluding Goodwill": "0", "Total Unusual Items": "0", "Normalized EBITDA": "11,400", "Tax Rate for Calcs": "0", "Tax Effect of Unusual Items": "0"}, "12/31/2013": {"Duration": "12/31/2013", "Total Revenue": "561,500", "Cost of Revenue": "450,400", "Gross Profit": "111,100", "Operating Expense": "104,800", "Operating Income": "6,300", "Net Non Operating Interest Income Expense": "-2,600", "Other Income Expense": "0", "Pretax Income": "3,700", "Tax Provision": "100", "Net Income Common Stockholders": "3,200", "Diluted NI Available to Com Stockholders": "3,200", "Basic EPS": "0.13", "Diluted EPS": "0.13", "Basic Average Shares": "22,800", "Diluted Average Shares": "22,800", "Total Operating Income as Reported": "6,300", "Total Expenses": "555,200", "Net Income from Continuing & Discontinued Operation": "3,200", "Normalized Income": "3,600", "Interest Expense": "2,600", "Net Interest Income": "-2,600", "EBIT": "6,300", "EBITDA": "-", "Reconciled Cost of Revenue": "450,400", "Reconciled Depreciation": "2,800", "Net Income from Continuing Operation Net Minority Interest": "3,600", "Total Unusual Items Excluding Goodwill": "0", "Total Unusual Items": "0", "Normalized EBITDA": "9,100", "Tax Rate for Calcs": "0", "Tax Effect of Unusual Items": "0"}, "12/31/2012": {"Duration": "12/31/2012", "Total Revenue": "520,500", "Cost of Revenue": "420,400", "Gross Profit": "100,100", "Operating Expense": "97,800", "Operating Income": "2,300", "Net Non Operating Interest Income Expense": "-2,900", "Other Income Expense": "500", "Pretax Income": "-100", "Tax Provision": "0", "Net Income Common Stockholders": "-500", "Diluted NI Available to Com Stockholders": "-500", "Basic EPS": "-0.02", "Diluted EPS": "-0.02", "Basic Average Shares": "22,892", "Diluted Average Shares": "22,892", "Total Operating Income as Reported": "2,800", "Total Expenses": "518,200", "Net Income from Continuing & Discontinued Operation": "-500", "Normalized Income": "-600", "Interest Expense": "2,900", "Net Interest Income": "-2,900", "EBIT": "2,800", "EBITDA": "-", "Reconciled Cost of Revenue": "420,400", "Reconciled Depreciation": "2,700", "Net Income from Continuing Operation Net Minority Interest": "-100", "Total Unusual Items Excluding Goodwill": "500", "Total Unusual Items": "500", "Normalized EBITDA": "5,000", "Tax Rate for Calcs": "0", "Tax Effect of Unusual Items": "0"}, "12/31/2011": {"Duration": "12/31/2011", "Total Revenue": "478,700", "Cost of Revenue": "390,100", "Gross Profit": "88,600", "Operating Expense": "98,400", "Operating Income": "-9,800", "Net Non Operating Interest Income Expense": "-2,800", "Other Income Expense": "-400", "Pretax Income": "-13,000", "Tax Provision": "-300", "Net Income Common Stockholders": "-13,200", "Diluted NI Available to Com Stockholders": "-13,200", "Basic EPS": "-0.60", "Diluted EPS": "-0.60", "Basic Average Shares": "22,160", "Diluted Average Shares": "22,160", "Total Operating Income as Reported": "-10,200", "Total Expenses": "488,500", "Net Income from Continuing & Discontinued Operation": "-13,200", "Normalized Income": "-12,309", "Interest Expense": "2,800", "Net Interest Income": "-2,800", "EBIT": "-10,200", "EBITDA": "-", "Reconciled Cost of Revenue": "390,100", "Reconciled Depreciation": "2,800", "Net Income from Continuing Operation Net Minority Interest": "-12,700", "Total Unusual Items Excluding Goodwill": "-400", "Total Unusual Items": "-400", "Normalized EBITDA": "-7,000", "Tax Rate for Calcs": "0", "Tax Effect of Unusual Items": "-9.2308"}, "12/31/2010": {"Duration": "12/31/2010", "Total Revenue": "467,700", "Cost of Revenue": "382,500", "Gross Profit": "85,200", "Operating Expense": "103,300", "Operating Income": "-18,100", "Net Non Operating Interest Income Expense": "-2,100", "Other Income Expense": "400", "Pretax Income": "-19,800", "Tax Provision": "-400", "Net Income Common Stockholders": "-18,900", "Diluted NI Available to Com Stockholders": "-18,900", "Basic EPS": "-0.88", "Diluted EPS": "-0.88", "Basic Average Shares": "21,547", "Diluted Average Shares": "21,547", "Total Operating Income as Reported": "-17,700", "Total Expenses": "485,800", "Net Income from Continuing & Discontinued Operation": "-18,900", "Normalized Income": "-19,792", "Interest Expense": "2,100", "Net Interest Income": "-2,100", "EBIT": "-17,700", "EBITDA": "-", "Reconciled Cost of Revenue": "382,500", "Reconciled Depreciation": "3,600", "Net Income from Continuing Operation Net Minority Interest": "-19,400", "Total Unusual Items Excluding Goodwill": "400", "Total Unusual Items": "400", "Normalized EBITDA": "-14,500", "Tax Rate for Calcs": "0", "Tax Effect of Unusual Items": "8.0808"}, "12/31/2009": {"Duration": "12/31/2009", "Total Revenue": "455,200", "Cost of Revenue": "371,100", "Gross Profit": "84,100", "Operating Expense": "104,200", "Operating Income": "-20,100", "Net Non Operating Interest Income Expense": "-1,500", "Other Income Expense": "-1,000", "Pretax Income": "-22,600", "Tax Provision": "-2,800", "Net Income Common Stockholders": "-20,500", "Diluted NI Available to Com Stockholders": "-20,500", "Basic EPS": "-0.97", "Diluted EPS": "-0.97", "Basic Average Shares": "21,190", "Diluted Average Shares": "21,190", "Total Operating Income as Reported": "-21,100", "Total Expenses": "475,300", "Net Income from Continuing & Discontinued Operation": "-20,500", "Normalized Income": "-18,924", "Interest Expense": "1,500", "Net Interest Income": "-1,500", "EBIT": "-21,100", "EBITDA": "-", "Reconciled Cost of Revenue": "371,100", "Reconciled Depreciation": "4,400", "Net Income from Continuing Operation Net Minority Interest": "-19,800", "Total Unusual Items Excluding Goodwill": "-1,000", "Total Unusual Items": "-1,000", "Normalized EBITDA": "-15,700", "Tax Rate for Calcs": "0", "Tax Effect of Unusual Items": "-123.8938"}, "12/31/2008": {"Duration": "12/31/2008", "Total Revenue": "671,000", "Cost of Revenue": "548,600", "Gross Profit": "122,400", "Operating Expense": "150,300", "Operating Income": "-27,900", "Net Non Operating Interest Income Expense": "2,600", "Other Income Expense": "-8,700", "Pretax Income": "-39,200", "Tax Provision": "-4,000", "Net Income Common Stockholders": "-35,400", "Diluted NI Available to Com Stockholders": "-35,400", "Basic EPS": "-1.69", "Diluted EPS": "-1.69", "Basic Average Shares": "20,923", "Diluted Average Shares": "20,923", "Total Operating Income as Reported": "-36,600", "Total Expenses": "698,900", "Net Income from Continuing & Discontinued Operation": "-35,400", "Normalized Income": "-27,388", "Interest Expense": "-", "Net Interest Income": "2,600", "EBIT": "-27,900", "EBITDA": "-", "Reconciled Cost of Revenue": "548,600", "Reconciled Depreciation": "4,500", "Net Income from Continuing Operation Net Minority Interest": "-35,200", "Total Unusual Items Excluding Goodwill": "-8,700", "Total Unusual Items": "-8,700", "Normalized EBITDA": "-14,700", "Tax Rate for Calcs": "0", "Tax Effect of Unusual Items": "-887.7551"}, "12/31/2007": {"Duration": "12/31/2007", "Total Revenue": "874,800", "Cost of Revenue": "709,800", "Gross Profit": "165,000", "Operating Expense": "172,500", "Operating Income": "-7,500", "Net Non Operating Interest Income Expense": "-", "Other Income Expense": "2,400", "Pretax Income": "-11,700", "Tax Provision": "-3,700", "Net Income Common Stockholders": "-8,200", "Diluted NI Available to Com Stockholders": "-8,200", "Basic EPS": "-0.40", "Diluted EPS": "-0.40", "Basic Average Shares": "20,500", "Diluted Average Shares": "20,500", "Total Operating Income as Reported": "-7,500", "Total Expenses": "882,300", "Net Income from Continuing & Discontinued Operation": "-8,200", "Normalized Income": "-9,641", "Interest Expense": "4,200", "Net Interest Income": "-4,200", "EBIT": "-7,500", "EBITDA": "-", "Reconciled Cost of Revenue": "709,800", "Reconciled Depreciation": "4,800", "Net Income from Continuing Operation Net Minority Interest": "-8,000", "Total Unusual Items Excluding Goodwill": "2,400", "Total Unusual Items": "2,400", "Normalized EBITDA": "-5,100", "Tax Rate for Calcs": "0", "Tax Effect of Unusual Items": "758.9744"}, "12/31/2006": {"Duration": "12/31/2006", "Total Revenue": "1,102,700", "Cost of Revenue": "896,900", "Gross Profit": "205,800", "Operating Expense": "209,900", "Operating Income": "-4,100", "Net Non Operating Interest Income Expense": "-", "Other Income Expense": "-600", "Pretax Income": "-10,000", "Tax Provision": "-2,300", "Net Income Common Stockholders": "-7,700", "Diluted NI Available to Com Stockholders": "-7,700", "Basic EPS": "-0.38", "Diluted EPS": "-0.38", "Basic Average Shares": "20,263", "Diluted Average Shares": "20,263", "Total Operating Income as Reported": "-4,100", "Total Expenses": "1,106,800", "Net Income from Continuing & Discontinued Operation": "-7,700", "Normalized Income": "-7,238", "Interest Expense": "5,300", "Net Interest Income": "-5,300", "EBIT": "-4,100", "EBITDA": "-", "Reconciled Cost of Revenue": "896,900", "Reconciled Depreciation": "6,200", "Net Income from Continuing Operation Net Minority Interest": "-7,700", "Total Unusual Items Excluding Goodwill": "-600", "Total Unusual Items": "-600", "Normalized EBITDA": "2,700", "Tax Rate for Calcs": "0", "Tax Effect of Unusual Items": "-138"}, "12/31/2005": {"Duration": "12/31/2005", "Total Revenue": "1,097,200", "Cost of Revenue": "884,700", "Gross Profit": "212,500", "Operating Expense": "180,400", "Operating Income": "32,100", "Net Non Operating Interest Income Expense": "-", "Other Income Expense": "2,500", "Pretax Income": "27,500", "Tax Provision": "10,400", "Net Income Common Stockholders": "18,400", "Diluted NI Available to Com Stockholders": "18,400", "Basic EPS": "0.92", "Diluted EPS": "0.90", "Basic Average Shares": "20,000", "Diluted Average Shares": "20,444", "Total Operating Income as Reported": "32,100", "Total Expenses": "1,065,100", "Net Income from Continuing & Discontinued Operation": "18,400", "Normalized Income": "15,545", "Interest Expense": "4,600", "Net Interest Income": "-4,600", "EBIT": "32,100", "EBITDA": "-", "Reconciled Cost of Revenue": "884,300", "Reconciled Depreciation": "6,000", "Net Income from Continuing Operation Net Minority Interest": "17,100", "Total Unusual Items Excluding Goodwill": "2,500", "Total Unusual Items": "2,500", "Normalized EBITDA": "35,600", "Tax Rate for Calcs": "0", "Tax Effect of Unusual Items": "945.4545"}, "12/31/2004": {"Duration": "12/31/2004", "Total Revenue": "938,400", "Cost of Revenue": "756,400", "Gross Profit": "182,000", "Operating Expense": "153,100", "Operating Income": "28,900", "Net Non Operating Interest Income Expense": "-", "Other Income Expense": "4,100", "Pretax Income": "23,800", "Tax Provision": "8,200", "Net Income Common Stockholders": "18,900", "Diluted NI Available to Com Stockholders": "18,900", "Basic EPS": "0.97", "Diluted EPS": "0.95", "Basic Average Shares": "19,485", "Diluted Average Shares": "19,895", "Total Operating Income as Reported": "28,900", "Total Expenses": "909,500", "Net Income from Continuing & Discontinued Operation": "18,900", "Normalized Income": "12,913", "Interest Expense": "4,600", "Net Interest Income": "-4,600", "EBIT": "28,900", "EBITDA": "-", "Reconciled Cost of Revenue": "755,800", "Reconciled Depreciation": "5,700", "Net Income from Continuing Operation Net Minority Interest": "15,600", "Total Unusual Items Excluding Goodwill": "4,100", "Total Unusual Items": "4,100", "Normalized EBITDA": "30,500", "Tax Rate for Calcs": "0", "Tax Effect of Unusual Items": "1,413"}, "12/31/2003": {"Duration": "12/31/2003", "Total Revenue": "909,300", "Cost of Revenue": "733,000", "Gross Profit": "176,300", "Operating Expense": "165,100", "Operating Income": "11,200", "Net Non Operating Interest Income Expense": "-", "Other Income Expense": "1,800", "Pretax Income": "5,400", "Tax Provision": "2,000", "Net Income Common Stockholders": "3,400", "Diluted NI Available to Com Stockholders": "3,400", "Basic EPS": "0.17", "Diluted EPS": "0.17", "Basic Average Shares": "19,500", "Diluted Average Shares": "19,500", "Total Operating Income as Reported": "11,200", "Total Expenses": "898,100", "Net Income from Continuing & Discontinued Operation": "3,400", "Normalized Income": "2,267", "Interest Expense": "6,500", "Net Interest Income": "-6,500", "EBIT": "11,200", "EBITDA": "-", "Reconciled Cost of Revenue": "732,200", "Reconciled Depreciation": "7,400", "Net Income from Continuing Operation Net Minority Interest": "3,400", "Total Unusual Items Excluding Goodwill": "1,800", "Total Unusual Items": "1,800", "Normalized EBITDA": "16,800", "Tax Rate for Calcs": "0", "Tax Effect of Unusual Items": "666.6667"}, "12/31/2002": {"Duration": "12/31/2002", "Total Revenue": "871,200", "Cost of Revenue": "702,700", "Gross Profit": "168,500", "Operating Expense": "157,900", "Operating Income": "10,600", "Net Non Operating Interest Income Expense": "-", "Other Income Expense": "900", "Pretax Income": "1,700", "Tax Provision": "600", "Net Income Common Stockholders": "-11,700", "Diluted NI Available to Com Stockholders": "-11,700", "Basic EPS": "-0.59", "Diluted EPS": "-0.59", "Basic Average Shares": "19,700", "Diluted Average Shares": "19,800", "Total Operating Income as Reported": "10,900", "Total Expenses": "860,600", "Net Income from Continuing & Discontinued Operation": "1,100", "Normalized Income": "517.6471", "Interest Expense": "9,400", "Net Interest Income": "-9,400", "EBIT": "10,600", "EBITDA": "-", "Reconciled Cost of Revenue": "701,600", "Reconciled Depreciation": "7,200", "Net Income from Continuing Operation Net Minority Interest": "1,100", "Total Unusual Items Excluding Goodwill": "900", "Total Unusual Items": "900", "Normalized EBITDA": "16,900", "Tax Rate for Calcs": "0", "Tax Effect of Unusual Items": "317.6471"}, "12/31/2001": {"Duration": "12/31/2001", "Total Revenue": "945,100", "Cost of Revenue": "749,000", "Gross Profit": "196,100", "Operating Expense": "173,000", "Operating Income": "23,100", "Net Non Operating Interest Income Expense": "-", "Other Income Expense": "-3,000", "Pretax Income": "9,200", "Tax Provision": "3,500", "Net Income Common Stockholders": "5,700", "Diluted NI Available to Com Stockholders": "5,700", "Basic EPS": "0.28", "Diluted EPS": "0.28", "Basic Average Shares": "20,300", "Diluted Average Shares": "20,400", "Total Operating Income as Reported": "21,000", "Total Expenses": "922,000", "Net Income from Continuing & Discontinued Operation": "5,700", "Normalized Income": "7,559", "Interest Expense": "10,000", "Net Interest Income": "-10,000", "EBIT": "23,100", "EBITDA": "-", "Reconciled Cost of Revenue": "747,700", "Reconciled Depreciation": "9,000", "Net Income from Continuing Operation Net Minority Interest": "5,700", "Total Unusual Items Excluding Goodwill": "-3,000", "Total Unusual Items": "-3,000", "Normalized EBITDA": "35,100", "Tax Rate for Calcs": "0", "Tax Effect of Unusual Items": "-1,141"}, "12/31/2000": {"Duration": "12/31/2000", "Total Revenue": "1,073,000", "Cost of Revenue": "1,021,000", "Gross Profit": "52,000", "Operating Expense": "15,000", "Operating Income": "37,000", "Net Non Operating Interest Income Expense": "-", "Other Income Expense": "-5,000", "Pretax Income": "23,000", "Tax Provision": "9,000", "Net Income Common Stockholders": "13,000", "Diluted NI Available to Com Stockholders": "13,000", "Basic EPS": "0.66", "Diluted EPS": "0.66", "Basic Average Shares": "20,584", "Diluted Average Shares": "20,597", "Total Operating Income as Reported": "37,000", "Total Expenses": "1,036,000", "Net Income from Continuing & Discontinued Operation": "14,000", "Normalized Income": "17,043", "Interest Expense": "11,000", "Net Interest Income": "-11,000", "EBIT": "37,000", "EBITDA": "-", "Reconciled Cost of Revenue": "1,021,000", "Reconciled Depreciation": "15,000", "Net Income from Continuing Operation Net Minority Interest": "14,000", "Total Unusual Items Excluding Goodwill": "-5,000", "Total Unusual Items": "-5,000", "Normalized EBITDA": "57,000", "Tax Rate for Calcs": "0", "Tax Effect of Unusual Items": "-1,957"}, "12/31/1999": {"Duration": "12/31/1999", "Total Revenue": "800,300", "Cost of Revenue": "767,600", "Gross Profit": "32,700", "Operating Expense": "6,600", "Operating Income": "26,100", "Net Non Operating Interest Income Expense": "-", "Other Income Expense": "-4,000", "Pretax Income": "14,400", "Tax Provision": "5,900", "Net Income Common Stockholders": "8,500", "Diluted NI Available to Com Stockholders": "8,500", "Basic EPS": "0.59", "Diluted EPS": "0.59", "Basic Average Shares": "14,260", "Diluted Average Shares": "14,260", "Total Operating Income as Reported": "26,100", "Total Expenses": "774,200", "Net Income from Continuing & Discontinued Operation": "8,500", "Normalized Income": "10,900", "Interest Expense": "-", "Net Interest Income": "-", "EBIT": "26,100", "EBITDA": "-", "Reconciled Cost of Revenue": "767,600", "Reconciled Depreciation": "6,600", "Net Income from Continuing Operation Net Minority Interest": "8,500", "Total Unusual Items Excluding Goodwill": "-4,000", "Total Unusual Items": "-4,000", "Normalized EBITDA": "36,700", "Tax Rate for Calcs": "0", "Tax Effect of Unusual Items": "-1,600"}, "12/31/1998": {"Duration": "12/31/1998", "Total Revenue": "707,450", "Cost of Revenue": "564,236", "Gross Profit": "143,214", "Operating Expense": "114,582", "Operating Income": "28,632", "Net Non Operating Interest Income Expense": "-", "Other Income Expense": "-6,614", "Pretax Income": "21,851", "Tax Provision": "8,225", "Net Income Common Stockholders": "13,596", "Diluted NI Available to Com Stockholders": "13,596", "Basic EPS": "0.97", "Diluted EPS": "0.97", "Basic Average Shares": "13,973", "Diluted Average Shares": "13,973", "Total Operating Income as Reported": "28,632", "Total Expenses": "678,818", "Net Income from Continuing & Discontinued Operation": "13,596", "Normalized Income": "17,720", "Interest Expense": "-", "Net Interest Income": "-167", "EBIT": "28,632", "EBITDA": "-", "Reconciled Cost of Revenue": "564,236", "Reconciled Depreciation": "5,586", "Net Income from Continuing Operation Net Minority Interest": "13,596", "Total Unusual Items Excluding Goodwill": "-6,614", "Total Unusual Items": "-6,614", "Normalized EBITDA": "40,832", "Tax Rate for Calcs": "0", "Tax Effect of Unusual Items": "-2,490"}}, "bs": {"12/31/2020": {"Duration": "12/31/2020", "Total Assets": "252,600", "Total Liabilities Net Minority Interest": "209,300", "Total Equity Gross Minority Interest": "43,300", "Total Capitalization": "135,700", "Common Stock Equity": "43,300", "Capital Lease Obligations": "34,000", "Net Tangible Assets": "43,300", "Working Capital": "96,300", "Invested Capital": "137,400", "Tangible Book Value": "43,300", "Total Debt": "128,100", "Net Debt": "93,800", "Share Issued": "26,889", "Ordinary Shares Number": "26,889"}, "12/31/2019": {"Duration": "12/31/2019", "Total Assets": "301,500", "Total Liabilities Net Minority Interest": "258,600", "Total Equity Gross Minority Interest": "42,900", "Total Capitalization": "178,000", "Common Stock Equity": "42,900", "Capital Lease Obligations": "41,300", "Net Tangible Assets": "33,400", "Working Capital": "125,400", "Invested Capital": "179,700", "Tangible Book Value": "33,400", "Total Debt": "178,100", "Net Debt": "134,600", "Share Issued": "26,442", "Ordinary Shares Number": "26,442"}, "12/31/2018": {"Duration": "12/31/2018", "Total Assets": "278,000", "Total Liabilities Net Minority Interest": "216,000", "Total Equity Gross Minority Interest": "62,000", "Total Capitalization": "199,100", "Common Stock Equity": "62,000", "Capital Lease Obligations": "-", "Net Tangible Assets": "52,500", "Working Capital": "142,200", "Invested Capital": "200,900", "Tangible Book Value": "52,500", "Total Debt": "138,900", "Net Debt": "138,100", "Share Issued": "25,993", "Ordinary Shares Number": "25,993"}, "12/31/2017": {"Duration": "12/31/2017", "Total Assets": "245,900", "Total Liabilities Net Minority Interest": "179,400", "Total Equity Gross Minority Interest": "66,500", "Total Capitalization": "168,300", "Common Stock Equity": "66,500", "Capital Lease Obligations": "-", "Net Tangible Assets": "57,000", "Working Capital": "115,300", "Invested Capital": "169,500", "Tangible Book Value": "57,000", "Total Debt": "103,000", "Net Debt": "102,700", "Share Issued": "25,843", "Ordinary Shares Number": "25,843"}, "12/31/2016": {"Duration": "12/31/2016", "Total Assets": "202,300", "Total Liabilities Net Minority Interest": "131,800", "Total Equity Gross Minority Interest": "70,500", "Total Capitalization": "125,000", "Common Stock Equity": "70,500", "Capital Lease Obligations": "-", "Net Tangible Assets": "61,000", "Working Capital": "80,000", "Invested Capital": "126,000", "Tangible Book Value": "61,000", "Total Debt": "55,500", "Net Debt": "55,200", "Share Issued": "25,639", "Ordinary Shares Number": "25,639"}, "12/31/2015": {"Duration": "12/31/2015", "Total Assets": "177,400", "Total Liabilities Net Minority Interest": "124,500", "Total Equity Gross Minority Interest": "52,900", "Total Capitalization": "100,300", "Common Stock Equity": "52,900", "Capital Lease Obligations": "-", "Net Tangible Assets": "46,600", "Working Capital": "59,200", "Invested Capital": "101,500", "Tangible Book Value": "46,600", "Total Debt": "48,600", "Net Debt": "48,300", "Share Issued": "24,977", "Ordinary Shares Number": "24,977"}, "12/31/2014": {"Duration": "12/31/2014", "Total Assets": "158,000", "Total Liabilities Net Minority Interest": "132,300", "Total Equity Gross Minority Interest": "25,700", "Total Capitalization": "88,100", "Common Stock Equity": "25,700", "Capital Lease Obligations": "-", "Net Tangible Assets": "19,400", "Working Capital": "58,500", "Invested Capital": "89,400", "Tangible Book Value": "19,400", "Total Debt": "63,700", "Net Debt": "63,200", "Share Issued": "24,557", "Ordinary Shares Number": "24,557"}, "12/31/2013": {"Duration": "12/31/2013", "Total Assets": "151,000", "Total Liabilities Net Minority Interest": "128,100", "Total Equity Gross Minority Interest": "22,900", "Total Capitalization": "83,700", "Common Stock Equity": "22,900", "Capital Lease Obligations": "-", "Net Tangible Assets": "16,600", "Working Capital": "52,300", "Invested Capital": "84,900", "Tangible Book Value": "16,600", "Total Debt": "62,000", "Net Debt": "61,400", "Share Issued": "24,317", "Ordinary Shares Number": "24,317"}, "12/31/2012": {"Duration": "12/31/2012", "Total Assets": "137,500", "Total Liabilities Net Minority Interest": "118,400", "Total Equity Gross Minority Interest": "19,100", "Total Capitalization": "78,300", "Common Stock Equity": "19,100", "Capital Lease Obligations": "-", "Net Tangible Assets": "12,800", "Working Capital": "49,000", "Invested Capital": "78,900", "Tangible Book Value": "12,800", "Total Debt": "59,800", "Net Debt": "57,500", "Share Issued": "23,920", "Ordinary Shares Number": "23,920"}, "12/31/2011": {"Duration": "12/31/2011", "Total Assets": "125,000", "Total Liabilities Net Minority Interest": "105,100", "Total Equity Gross Minority Interest": "19,900", "Total Capitalization": "72,100", "Common Stock Equity": "19,900", "Capital Lease Obligations": "-", "Net Tangible Assets": "11,700", "Working Capital": "37,400", "Invested Capital": "72,500", "Tangible Book Value": "11,700", "Total Debt": "52,600", "Net Debt": "51,900", "Share Issued": "23,980", "Ordinary Shares Number": "23,980"}, "12/31/2010": {"Duration": "12/31/2010", "Total Assets": "126,100", "Total Liabilities Net Minority Interest": "93,500", "Total Equity Gross Minority Interest": "32,600", "Total Capitalization": "74,500", "Common Stock Equity": "32,600", "Capital Lease Obligations": "-", "Net Tangible Assets": "24,000", "Working Capital": "38,400", "Invested Capital": "74,700", "Tangible Book Value": "24,000", "Total Debt": "42,100", "Net Debt": "41,300", "Share Issued": "22,848", "Ordinary Shares Number": "22,848"}, "12/31/2009": {"Duration": "12/31/2009", "Total Assets": "136,200", "Total Liabilities Net Minority Interest": "85,500", "Total Equity Gross Minority Interest": "50,700", "Total Capitalization": "85,500", "Common Stock Equity": "50,700", "Capital Lease Obligations": "-", "Net Tangible Assets": "42,100", "Working Capital": "47,300", "Invested Capital": "86,100", "Tangible Book Value": "42,100", "Total Debt": "35,400", "Net Debt": "34,100", "Share Issued": "22,089", "Ordinary Shares Number": "22,089"}, "12/31/2008": {"Duration": "12/31/2008", "Total Assets": "146,000", "Total Liabilities Net Minority Interest": "75,700", "Total Equity Gross Minority Interest": "70,300", "Total Capitalization": "94,000", "Common Stock Equity": "70,300", "Capital Lease Obligations": "-", "Net Tangible Assets": "60,700", "Working Capital": "51,200", "Invested Capital": "94,400", "Tangible Book Value": "60,700", "Total Debt": "24,100", "Net Debt": "21,300", "Share Issued": "22,025", "Ordinary Shares Number": "22,025"}, "12/31/2007": {"Duration": "12/31/2007", "Total Assets": "212,700", "Total Liabilities Net Minority Interest": "108,400", "Total Equity Gross Minority Interest": "104,300", "Total Capitalization": "129,700", "Common Stock Equity": "104,300", "Capital Lease Obligations": "-", "Net Tangible Assets": "86,000", "Working Capital": "81,400", "Invested Capital": "130,900", "Tangible Book Value": "86,000", "Total Debt": "26,600", "Net Debt": "24,800", "Share Issued": "20,937", "Ordinary Shares Number": "20,937"}, "12/31/2006": {"Duration": "12/31/2006", "Total Assets": "241,200", "Total Liabilities Net Minority Interest": "131,500", "Total Equity Gross Minority Interest": "109,700", "Total Capitalization": "152,500", "Common Stock Equity": "109,700", "Capital Lease Obligations": "-", "Net Tangible Assets": "90,600", "Working Capital": "99,300", "Invested Capital": "155,400", "Tangible Book Value": "90,600", "Total Debt": "45,700", "Net Debt": "39,600", "Share Issued": "20,524", "Ordinary Shares Number": "20,524"}, "12/31/2005": {"Duration": "12/31/2005", "Total Assets": "266,800", "Total Liabilities Net Minority Interest": "151,900", "Total Equity Gross Minority Interest": "114,900", "Total Capitalization": "138,400", "Common Stock Equity": "114,900", "Capital Lease Obligations": "-", "Net Tangible Assets": "95,800", "Working Capital": "77,700", "Invested Capital": "148,100", "Tangible Book Value": "95,800", "Total Debt": "33,200", "Net Debt": "31,800", "Share Issued": "20,484", "Ordinary Shares Number": "20,484"}, "12/31/2004": {"Duration": "12/31/2004", "Total Assets": "215,000", "Total Liabilities Net Minority Interest": "124,000", "Total Equity Gross Minority Interest": "91,000", "Total Capitalization": "123,000", "Common Stock Equity": "91,000", "Capital Lease Obligations": "-", "Net Tangible Assets": "77,400", "Working Capital": "74,800", "Invested Capital": "128,500", "Tangible Book Value": "77,400", "Total Debt": "37,500", "Net Debt": "35,600", "Share Issued": "19,444", "Ordinary Shares Number": "19,444"}, "12/31/2003": {"Duration": "12/31/2003", "Total Assets": "226,000", "Total Liabilities Net Minority Interest": "153,800", "Total Equity Gross Minority Interest": "72,200", "Total Capitalization": "138,600", "Common Stock Equity": "72,200", "Capital Lease Obligations": "-", "Net Tangible Assets": "58,600", "Working Capital": "76,700", "Invested Capital": "140,000", "Tangible Book Value": "58,600", "Total Debt": "67,800", "Net Debt": "62,800", "Share Issued": "19,436", "Ordinary Shares Number": "19,436"}, "12/31/2002": {"Duration": "12/31/2002", "Total Assets": "233,500", "Total Liabilities Net Minority Interest": "165,300", "Total Equity Gross Minority Interest": "68,200", "Total Capitalization": "135,200", "Common Stock Equity": "68,200", "Capital Lease Obligations": "-", "Net Tangible Assets": "54,600", "Working Capital": "68,100", "Invested Capital": "136,100", "Tangible Book Value": "54,600", "Total Debt": "67,900", "Net Debt": "64,500", "Share Issued": "19,491", "Ordinary Shares Number": "19,491"}, "12/31/2001": {"Duration": "12/31/2001", "Total Assets": "246,300", "Total Liabilities Net Minority Interest": "167,200", "Total Equity Gross Minority Interest": "79,100", "Total Capitalization": "151,800", "Common Stock Equity": "79,100", "Capital Lease Obligations": "-", "Net Tangible Assets": "44,800", "Working Capital": "71,700", "Invested Capital": "152,700", "Tangible Book Value": "44,800", "Total Debt": "73,600", "Net Debt": "68,000", "Share Issued": "19,646", "Ordinary Shares Number": "19,646"}, "12/31/2000": {"Duration": "12/31/2000", "Total Assets": "249,000", "Total Liabilities Net Minority Interest": "168,000", "Total Equity Gross Minority Interest": "81,000", "Total Capitalization": "162,000", "Common Stock Equity": "81,000", "Capital Lease Obligations": "-", "Net Tangible Assets": "44,000", "Working Capital": "77,000", "Invested Capital": "162,000", "Tangible Book Value": "44,000", "Total Debt": "81,000", "Net Debt": "77,000", "Share Issued": "20,588", "Ordinary Shares Number": "20,588"}, "12/31/1999": {"Duration": "12/31/1999", "Total Assets": "301,400", "Total Liabilities Net Minority Interest": "234,100", "Total Equity Gross Minority Interest": "67,300", "Total Capitalization": "189,100", "Common Stock Equity": "67,300", "Capital Lease Obligations": "-", "Net Tangible Assets": "28,300", "Working Capital": "96,300", "Invested Capital": "189,400", "Tangible Book Value": "28,300", "Total Debt": "122,100", "Net Debt": "115,300", "Share Issued": "20,520", "Ordinary Shares Number": "20,520"}, "12/31/1998": {"Duration": "12/31/1998", "Total Assets": "218,462", "Total Liabilities Net Minority Interest": "177,007", "Total Equity Gross Minority Interest": "41,455", "Total Capitalization": "42,834", "Common Stock Equity": "41,455", "Capital Lease Obligations": "-", "Net Tangible Assets": "672", "Working Capital": "62,879", "Invested Capital": "43,153", "Tangible Book Value": "672", "Total Debt": "1,698", "Net Debt": "-", "Share Issued": "20,520", "Ordinary Shares Number": "20,520"}}, "cf": {"TTM": {"Duration": "TTM", "Operating Cash Flow": "40,600", "Investing Cash Flow": "-1,300", "Financing Cash Flow": "-35,300", "End Cash Position": "4,400", "Income Tax Paid Supplemental Data": "0", "Interest Paid Supplemental Data": "2,800", "Capital Expenditure": "-1,500", "Issuance of Capital Stock": "-", "Issuance of Debt": "182,000", "Repayment of Debt": "-", "Repurchase of Capital Stock": "0", "Free Cash Flow": "39,100"}, "12/31/2020": {"Duration": "12/31/2020", "Operating Cash Flow": "42,600", "Investing Cash Flow": "-1,500", "Financing Cash Flow": "-43,000", "End Cash Position": "300", "Income Tax Paid Supplemental Data": "100", "Interest Paid Supplemental Data": "3,400", "Capital Expenditure": "-1,700", "Issuance of Capital Stock": "-", "Issuance of Debt": "174,100", "Repayment of Debt": "-215,600", "Repurchase of Capital Stock": "-", "Free Cash Flow": "40,900"}, "12/31/2019": {"Duration": "12/31/2019", "Operating Cash Flow": "6,200", "Investing Cash Flow": "-1,700", "Financing Cash Flow": "-3,100", "End Cash Position": "2,200", "Income Tax Paid Supplemental Data": "300", "Interest Paid Supplemental Data": "6,500", "Capital Expenditure": "-1,700", "Issuance of Capital Stock": "-", "Issuance of Debt": "276,500", "Repayment of Debt": "-277,500", "Repurchase of Capital Stock": "-100", "Free Cash Flow": "4,500"}, "12/31/2018": {"Duration": "12/31/2018", "Operating Cash Flow": "-27,000", "Investing Cash Flow": "-6,600", "Financing Cash Flow": "34,100", "End Cash Position": "800", "Income Tax Paid Supplemental Data": "200", "Interest Paid Supplemental Data": "6,300", "Capital Expenditure": "-7,800", "Issuance of Capital Stock": "-", "Issuance of Debt": "288,500", "Repayment of Debt": "-255,300", "Repurchase of Capital Stock": "-400", "Free Cash Flow": "-34,800"}, "12/31/2017": {"Duration": "12/31/2017", "Operating Cash Flow": "-38,100", "Investing Cash Flow": "-6,100", "Financing Cash Flow": "44,200", "End Cash Position": "300", "Income Tax Paid Supplemental Data": "500", "Interest Paid Supplemental Data": "2,700", "Capital Expenditure": "-6,100", "Issuance of Capital Stock": "-", "Issuance of Debt": "193,500", "Repayment of Debt": "-148,400", "Repurchase of Capital Stock": "-900", "Free Cash Flow": "-44,200"}, "12/31/2016": {"Duration": "12/31/2016", "Operating Cash Flow": "17,000", "Investing Cash Flow": "-21,400", "Financing Cash Flow": "4,400", "End Cash Position": "300", "Income Tax Paid Supplemental Data": "400", "Interest Paid Supplemental Data": "1,900", "Capital Expenditure": "-4,100", "Issuance of Capital Stock": "-", "Issuance of Debt": "204,300", "Repayment of Debt": "-199,500", "Repurchase of Capital Stock": "-400", "Free Cash Flow": "12,900"}, "12/31/2015": {"Duration": "12/31/2015", "Operating Cash Flow": "17,100", "Investing Cash Flow": "-300", "Financing Cash Flow": "-17,000", "End Cash Position": "300", "Income Tax Paid Supplemental Data": "-", "Interest Paid Supplemental Data": "1,800", "Capital Expenditure": "-2,800", "Issuance of Capital Stock": "-", "Issuance of Debt": "169,100", "Repayment of Debt": "-185,500", "Repurchase of Capital Stock": "-600", "Free Cash Flow": "14,300"}, "12/31/2014": {"Duration": "12/31/2014", "Operating Cash Flow": "3,800", "Investing Cash Flow": "-1,800", "Financing Cash Flow": "-2,100", "End Cash Position": "500", "Income Tax Paid Supplemental Data": "-", "Interest Paid Supplemental Data": "2,200", "Capital Expenditure": "-1,800", "Issuance of Capital Stock": "-", "Issuance of Debt": "205,600", "Repayment of Debt": "-206,900", "Repurchase of Capital Stock": "-800", "Free Cash Flow": "2,000"}, "12/31/2013": {"Duration": "12/31/2013", "Operating Cash Flow": "1,200", "Investing Cash Flow": "-2,200", "Financing Cash Flow": "-700", "End Cash Position": "600", "Income Tax Paid Supplemental Data": "-", "Interest Paid Supplemental Data": "-", "Capital Expenditure": "-2,200", "Issuance of Capital Stock": "-", "Issuance of Debt": "157,400", "Repayment of Debt": "-157,700", "Repurchase of Capital Stock": "-400", "Free Cash Flow": "-1,000"}, "12/31/2012": {"Duration": "12/31/2012", "Operating Cash Flow": "-4,300", "Investing Cash Flow": "1,400", "Financing Cash Flow": "4,500", "End Cash Position": "2,300", "Income Tax Paid Supplemental Data": "0", "Interest Paid Supplemental Data": "2,500", "Capital Expenditure": "-1,900", "Issuance of Capital Stock": "-", "Issuance of Debt": "150,200", "Repayment of Debt": "-144,600", "Repurchase of Capital Stock": "-1,100", "Free Cash Flow": "-6,200"}, "12/31/2011": {"Duration": "12/31/2011", "Operating Cash Flow": "-8,100", "Investing Cash Flow": "-2,000", "Financing Cash Flow": "10,000", "End Cash Position": "700", "Income Tax Paid Supplemental Data": "0", "Interest Paid Supplemental Data": "2,400", "Capital Expenditure": "-2,000", "Issuance of Capital Stock": "-", "Issuance of Debt": "143,200", "Repayment of Debt": "-133,200", "Repurchase of Capital Stock": "-", "Free Cash Flow": "-10,100"}, "12/31/2010": {"Duration": "12/31/2010", "Operating Cash Flow": "-7,100", "Investing Cash Flow": "1,400", "Financing Cash Flow": "5,200", "End Cash Position": "800", "Income Tax Paid Supplemental Data": "3,100", "Interest Paid Supplemental Data": "1,500", "Capital Expenditure": "-800", "Issuance of Capital Stock": "-", "Issuance of Debt": "204,200", "Repayment of Debt": "-199,000", "Repurchase of Capital Stock": "-", "Free Cash Flow": "-7,900"}, "12/31/2009": {"Duration": "12/31/2009", "Operating Cash Flow": "-13,400", "Investing Cash Flow": "1,400", "Financing Cash Flow": "10,500", "End Cash Position": "1,300", "Income Tax Paid Supplemental Data": "700", "Interest Paid Supplemental Data": "1,400", "Capital Expenditure": "-900", "Issuance of Capital Stock": "-", "Issuance of Debt": "148,500", "Repayment of Debt": "-138,000", "Repurchase of Capital Stock": "-", "Free Cash Flow": "-14,300"}, "12/31/2008": {"Duration": "12/31/2008", "Operating Cash Flow": "3,600", "Investing Cash Flow": "-500", "Financing Cash Flow": "-2,100", "End Cash Position": "2,800", "Income Tax Paid Supplemental Data": "5,300", "Interest Paid Supplemental Data": "2,300", "Capital Expenditure": "-2,000", "Issuance of Capital Stock": "-", "Issuance of Debt": "241,000", "Repayment of Debt": "-244,000", "Repurchase of Capital Stock": "-", "Free Cash Flow": "1,600"}, "12/31/2007": {"Duration": "12/31/2007", "Operating Cash Flow": "13,800", "Investing Cash Flow": "1,000", "Financing Cash Flow": "-19,100", "End Cash Position": "1,800", "Income Tax Paid Supplemental Data": "-", "Interest Paid Supplemental Data": "-", "Capital Expenditure": "-3,000", "Issuance of Capital Stock": "-", "Issuance of Debt": "-", "Repayment of Debt": "-", "Repurchase of Capital Stock": "-", "Free Cash Flow": "10,800"}, "12/31/2006": {"Duration": "12/31/2006", "Operating Cash Flow": "1,300", "Investing Cash Flow": "-8,000", "Financing Cash Flow": "11,400", "End Cash Position": "6,100", "Income Tax Paid Supplemental Data": "-", "Interest Paid Supplemental Data": "-", "Capital Expenditure": "-8,200", "Issuance of Capital Stock": "1,100", "Issuance of Debt": "-", "Repayment of Debt": "-", "Repurchase of Capital Stock": "-", "Free Cash Flow": "-6,900"}, "12/31/2005": {"Duration": "12/31/2005", "Operating Cash Flow": "14,800", "Investing Cash Flow": "-7,900", "Financing Cash Flow": "-7,400", "End Cash Position": "1,400", "Income Tax Paid Supplemental Data": "-", "Interest Paid Supplemental Data": "-", "Capital Expenditure": "-6,500", "Issuance of Capital Stock": "3,000", "Issuance of Debt": "-", "Repayment of Debt": "-", "Repurchase of Capital Stock": "-", "Free Cash Flow": "8,300"}, "12/31/2004": {"Duration": "12/31/2004", "Operating Cash Flow": "5,100", "Investing Cash Flow": "23,800", "Financing Cash Flow": "-32,000", "End Cash Position": "1,900", "Income Tax Paid Supplemental Data": "-", "Interest Paid Supplemental Data": "-", "Capital Expenditure": "-3,100", "Issuance of Capital Stock": "-", "Issuance of Debt": "-", "Repayment of Debt": "-", "Repurchase of Capital Stock": "-", "Free Cash Flow": "2,000"}, "12/31/2003": {"Duration": "12/31/2003", "Operating Cash Flow": "4,400", "Investing Cash Flow": "-1,000", "Financing Cash Flow": "-1,800", "End Cash Position": "5,000", "Income Tax Paid Supplemental Data": "-", "Interest Paid Supplemental Data": "-", "Capital Expenditure": "-2,700", "Issuance of Capital Stock": "-", "Issuance of Debt": "-", "Repayment of Debt": "-", "Repurchase of Capital Stock": "-", "Free Cash Flow": "1,700"}, "12/31/2002": {"Duration": "12/31/2002", "Operating Cash Flow": "10,800", "Investing Cash Flow": "-5,100", "Financing Cash Flow": "-7,900", "End Cash Position": "3,400", "Income Tax Paid Supplemental Data": "-", "Interest Paid Supplemental Data": "-", "Capital Expenditure": "-6,600", "Issuance of Capital Stock": "500", "Issuance of Debt": "-", "Repayment of Debt": "-", "Repurchase of Capital Stock": "-1,100", "Free Cash Flow": "4,200"}, "12/31/2001": {"Duration": "12/31/2001", "Operating Cash Flow": "23,100", "Investing Cash Flow": "-3,600", "Financing Cash Flow": "-17,500", "End Cash Position": "5,600", "Income Tax Paid Supplemental Data": "-", "Interest Paid Supplemental Data": "-", "Capital Expenditure": "-3,300", "Issuance of Capital Stock": "-", "Issuance of Debt": "-", "Repayment of Debt": "-", "Repurchase of Capital Stock": "-6,700", "Free Cash Flow": "19,800"}, "12/31/2000": {"Duration": "12/31/2000", "Operating Cash Flow": "34,000", "Investing Cash Flow": "4,000", "Financing Cash Flow": "-41,000", "End Cash Position": "4,000", "Income Tax Paid Supplemental Data": "-", "Interest Paid Supplemental Data": "-", "Capital Expenditure": "-6,000", "Issuance of Capital Stock": "-", "Issuance of Debt": "-", "Repayment of Debt": "-", "Repurchase of Capital Stock": "-", "Free Cash Flow": "28,000"}, "12/31/1999": {"Duration": "12/31/1999", "Operating Cash Flow": "22,700", "Investing Cash Flow": "-6,000", "Financing Cash Flow": "-19,300", "End Cash Position": "6,800", "Income Tax Paid Supplemental Data": "-", "Interest Paid Supplemental Data": "-", "Capital Expenditure": "-8,500", "Issuance of Capital Stock": "-", "Issuance of Debt": "-", "Repayment of Debt": "-", "Repurchase of Capital Stock": "-", "Free Cash Flow": "14,200"}, "12/31/1998": {"Duration": "12/31/1998", "Operating Cash Flow": "34,234", "Investing Cash Flow": "-42,896", "Financing Cash Flow": "15,875", "End Cash Position": "9,423", "Income Tax Paid Supplemental Data": "-", "Interest Paid Supplemental Data": "-", "Capital Expenditure": "-5,765", "Issuance of Capital Stock": "-", "Issuance of Debt": "-", "Repayment of Debt": "-376", "Repurchase of Capital Stock": "-", "Free Cash Flow": "28,469"}}, "ks": {"Current": {"Duration": "Current", "Market Cap (intraday) 5": "164.40M", "Enterprise Value 3": "309.60M", "Trailing P/E ": "9.84", "Forward P/E 1": "N/A", "PEG Ratio (5 yr expected) 1": "N/A", "Price/Sales (ttm)": "0.20", "Price/Book (mrq)": "3.19", "Enterprise Value/Revenue 3": "0.39", "Enterprise Value/EBITDA 7": "12.69"}, "3/31/2021": {"Duration": "3/31/2021", "Market Cap (intraday) 5": "100.30M", "Enterprise Value 3": "228.10M", "Trailing P/E ": "N/A", "Forward P/E 1": "N/A", "PEG Ratio (5 yr expected) 1": "N/A", "Price/Sales (ttm)": "0.12", "Price/Book (mrq)": "2.32", "Enterprise Value/Revenue 3": "1.06", "Enterprise Value/EBITDA 7": "22.58"}, "12/31/2020": {"Duration": "12/31/2020", "Market Cap (intraday) 5": "98.68M", "Enterprise Value 3": "236.08M", "Trailing P/E ": "N/A", "Forward P/E 1": "N/A", "PEG Ratio (5 yr expected) 1": "N/A", "Price/Sales (ttm)": "0.12", "Price/Book (mrq)": "2.31", "Enterprise Value/Revenue 3": "1.28", "Enterprise Value/EBITDA 7": "102.64"}, "9/30/2020": {"Duration": "9/30/2020", "Market Cap (intraday) 5": "58.89M", "Enterprise Value 3": "223.19M", "Trailing P/E ": "N/A", "Forward P/E 1": "N/A", "PEG Ratio (5 yr expected) 1": "N/A", "Price/Sales (ttm)": "0.07", "Price/Book (mrq)": "1.63", "Enterprise Value/Revenue 3": "1.05", "Enterprise Value/EBITDA 7": "27.55"}, "6/30/2020": {"Duration": "6/30/2020", "Market Cap (intraday) 5": "30.39M", "Enterprise Value 3": "218.79M", "Trailing P/E ": "N/A", "Forward P/E 1": "N/A", "PEG Ratio (5 yr expected) 1": "N/A", "Price/Sales (ttm)": "0.04", "Price/Book (mrq)": "0.89", "Enterprise Value/Revenue 3": "1.14", "Enterprise Value/EBITDA 7": "56.10"}, "3/31/2020": {"Duration": "3/31/2020", "Market Cap (intraday) 5": "18.83M", "Enterprise Value 3": "194.73M", "Trailing P/E ": "N/A", "Forward P/E 1": "N/A", "PEG Ratio (5 yr expected) 1": "N/A", "Price/Sales (ttm)": "0.02", "Price/Book (mrq)": "0.44", "Enterprise Value/Revenue 3": "0.96", "Enterprise Value/EBITDA 7": "-30.91"}, "12/31/2019": {"Duration": "12/31/2019", "Market Cap (intraday) 5": "40.72M", "Enterprise Value 3": "231.42M", "Trailing P/E ": "N/A", "Forward P/E 1": "N/A", "PEG Ratio (5 yr expected) 1": "N/A", "Price/Sales (ttm)": "0.05", "Price/Book (mrq)": "0.79", "Enterprise Value/Revenue 3": "1.28", "Enterprise Value/EBITDA 7": "-36.16"}, "9/30/2019": {"Duration": "9/30/2019", "Market Cap (intraday) 5": "55.73M", "Enterprise Value 3": "249.63M", "Trailing P/E ": "N/A", "Forward P/E 1": "N/A", "PEG Ratio (5 yr expected) 1": "N/A", "Price/Sales (ttm)": "0.06", "Price/Book (mrq)": "1.13", "Enterprise Value/Revenue 3": "1.16", "Enterprise Value/EBITDA 7": "52.01"}, "6/30/2019": {"Duration": "6/30/2019", "Market Cap (intraday) 5": "68.50M", "Enterprise Value 3": "248.60M", "Trailing P/E ": "N/A", "Forward P/E 1": "N/A", "PEG Ratio (5 yr expected) 1": "N/A", "Price/Sales (ttm)": "0.08", "Price/Book (mrq)": "1.16", "Enterprise Value/Revenue 3": "1.14", "Enterprise Value/EBITDA 7": "54.04"}, "3/31/2019": {"Duration": "3/31/2019", "Market Cap (intraday) 5": "73.60M", "Enterprise Value 3": "211.70M", "Trailing P/E ": "N/A", "Forward P/E 1": "N/A", "PEG Ratio (5 yr expected) 1": "N/A", "Price/Sales (ttm)": "0.08", "Price/Book (mrq)": "1.19", "Enterprise Value/Revenue 3": "1.07", "Enterprise Value/EBITDA 7": "-264.62"}, "12/31/2018": {"Duration": "12/31/2018", "Market Cap (intraday) 5": "46.79M", "Enterprise Value 3": "213.59M", "Trailing P/E ": "N/A", "Forward P/E 1": "N/A", "PEG Ratio (5 yr expected) 1": "N/A", "Price/Sales (ttm)": "0.05", "Price/Book (mrq)": "0.68", "Enterprise Value/Revenue 3": "1.09", "Enterprise Value/EBITDA 7": "-46.43"}, "9/30/2018": {"Duration": "9/30/2018", "Market Cap (intraday) 5": "110.00M", "Enterprise Value 3": "287.90M", "Trailing P/E ": "N/A", "Forward P/E 1": "N/A", "PEG Ratio (5 yr expected) 1": "N/A", "Price/Sales (ttm)": "0.13", "Price/Book (mrq)": "1.64", "Enterprise Value/Revenue 3": "1.30", "Enterprise Value/EBITDA 7": "58.76"}, "6/30/2018": {"Duration": "6/30/2018", "Market Cap (intraday) 5": "123.84M", "Enterprise Value 3": "269.24M", "Trailing P/E ": "N/A", "Forward P/E 1": "31.65", "PEG Ratio (5 yr expected) 1": "N/A", "Price/Sales (ttm)": "0.15", "Price/Book (mrq)": "1.87", "Enterprise Value/Revenue 3": "1.21", "Enterprise Value/EBITDA 7": "79.19"}, "3/31/2018": {"Duration": "3/31/2018", "Market Cap (intraday) 5": "135.92M", "Enterprise Value 3": "238.62M", "Trailing P/E ": "N/A", "Forward P/E 1": "N/A", "PEG Ratio (5 yr expected) 1": "N/A", "Price/Sales (ttm)": "0.17", "Price/Book (mrq)": "2.05", "Enterprise Value/Revenue 3": "1.21", "Enterprise Value/EBITDA 7": "298.28"}, "12/31/2017": {"Duration": "12/31/2017", "Market Cap (intraday) 5": "172.10M", "Enterprise Value 3": "274.40M", "Trailing P/E ": "47.50", "Forward P/E 1": "20.79", "PEG Ratio (5 yr expected) 1": "N/A", "Price/Sales (ttm)": "0.22", "Price/Book (mrq)": "2.27", "Enterprise Value/Revenue 3": "1.53", "Enterprise Value/EBITDA 7": "-63.81"}, "9/30/2017": {"Duration": "9/30/2017", "Market Cap (intraday) 5": "182.66M", "Enterprise Value 3": "286.06M", "Trailing P/E ": "25.21", "Forward P/E 1": "N/A", "PEG Ratio (5 yr expected) 1": "N/A", "Price/Sales (ttm)": "0.24", "Price/Book (mrq)": "2.47", "Enterprise Value/Revenue 3": "1.43", "Enterprise Value/EBITDA 7": "65.01"}, "6/30/2017": {"Duration": "6/30/2017", "Market Cap (intraday) 5": "181.37M", "Enterprise Value 3": "259.77M", "Trailing P/E ": "16.69", "Forward P/E 1": "N/A", "PEG Ratio (5 yr expected) 1": "N/A", "Price/Sales (ttm)": "0.24", "Price/Book (mrq)": "2.55", "Enterprise Value/Revenue 3": "1.31", "Enterprise Value/EBITDA 7": "49.01"}, "3/31/2017": {"Duration": "3/31/2017", "Market Cap (intraday) 5": "210.67M", "Enterprise Value 3": "265.87M", "Trailing P/E ": "15.65", "Forward P/E 1": "N/A", "PEG Ratio (5 yr expected) 1": "N/A", "Price/Sales (ttm)": "0.28", "Price/Book (mrq)": "2.99", "Enterprise Value/Revenue 3": "1.51", "Enterprise Value/EBITDA 7": "-664.68"}, "12/31/2016": {"Duration": "12/31/2016", "Market Cap (intraday) 5": "168.33M", "Enterprise Value 3": "236.13M", "Trailing P/E ": "12.96", "Forward P/E 1": "N/A", "PEG Ratio (5 yr expected) 1": "N/A", "Price/Sales (ttm)": "0.23", "Price/Book (mrq)": "2.41", "Enterprise Value/Revenue 3": "1.44", "Enterprise Value/EBITDA 7": "81.42"}, "9/30/2016": {"Duration": "9/30/2016", "Market Cap (intraday) 5": "147.19M", "Enterprise Value 3": "222.39M", "Trailing P/E ": "4.66", "Forward P/E 1": "N/A", "PEG Ratio (5 yr expected) 1": "N/A", "Price/Sales (ttm)": "0.20", "Price/Book (mrq)": "2.26", "Enterprise Value/Revenue 3": "1.15", "Enterprise Value/EBITDA 7": "25.27"}, "6/30/2016": {"Duration": "6/30/2016", "Market Cap (intraday) 5": "133.70M", "Enterprise Value 3": "196.20M", "Trailing P/E ": "4.28", "Forward P/E 1": "N/A", "PEG Ratio (5 yr expected) 1": "N/A", "Price/Sales (ttm)": "0.19", "Price/Book (mrq)": "2.46", "Enterprise Value/Revenue 3": "0.99", "Enterprise Value/EBITDA 7": "17.68"}, "3/31/2016": {"Duration": "3/31/2016", "Market Cap (intraday) 5": "92.53M", "Enterprise Value 3": "140.83M", "Trailing P/E ": "3.15", "Forward P/E 1": "N/A", "PEG Ratio (5 yr expected) 1": "N/A", "Price/Sales (ttm)": "0.13", "Price/Book (mrq)": "1.75", "Enterprise Value/Revenue 3": "0.89", "Enterprise Value/EBITDA 7": "37.06"}, "12/31/2015": {"Duration": "12/31/2015", "Market Cap (intraday) 5": "94.91M", "Enterprise Value 3": "160.01M", "Trailing P/E ": "3.39", "Forward P/E 1": "N/A", "PEG Ratio (5 yr expected) 1": "N/A", "Price/Sales (ttm)": "0.14", "Price/Book (mrq)": "1.82", "Enterprise Value/Revenue 3": "1.03", "Enterprise Value/EBITDA 7": "69.57"}, "9/30/2015": {"Duration": "9/30/2015", "Market Cap (intraday) 5": "77.56M", "Enterprise Value 3": "153.36M", "Trailing P/E ": "9.17", "Forward P/E 1": "N/A", "PEG Ratio (5 yr expected) 1": "N/A", "Price/Sales (ttm)": "0.12", "Price/Book (mrq)": "2.50", "Enterprise Value/Revenue 3": "0.84", "Enterprise Value/EBITDA 7": "21.60"}, "6/30/2015": {"Duration": "6/30/2015", "Market Cap (intraday) 5": "78.14M", "Enterprise Value 3": "155.44M", "Trailing P/E ": "11.89", "Forward P/E 1": "N/A", "PEG Ratio (5 yr expected) 1": "N/A", "Price/Sales (ttm)": "0.12", "Price/Book (mrq)": "3.05", "Enterprise Value/Revenue 3": "0.89", "Enterprise Value/EBITDA 7": "22.86"}, "3/31/2015": {"Duration": "3/31/2015", "Market Cap (intraday) 5": "70.88M", "Enterprise Value 3": "134.08M", "Trailing P/E ": "12.39", "Forward P/E 1": "N/A", "PEG Ratio (5 yr expected) 1": "N/A", "Price/Sales (ttm)": "0.11", "Price/Book (mrq)": "2.76", "Enterprise Value/Revenue 3": "0.91", "Enterprise Value/EBITDA 7": "103.14"}, "12/31/2014": {"Duration": "12/31/2014", "Market Cap (intraday) 5": "82.26M", "Enterprise Value 3": "157.66M", "Trailing P/E ": "13.96", "Forward P/E 1": "N/A", "PEG Ratio (5 yr expected) 1": "N/A", "Price/Sales (ttm)": "0.13", "Price/Book (mrq)": "3.18", "Enterprise Value/Revenue 3": "1.09", "Enterprise Value/EBITDA 7": "157.66"}, "9/30/2014": {"Duration": "9/30/2014", "Market Cap (intraday) 5": "90.91M", "Enterprise Value 3": "176.31M", "Trailing P/E ": "16.09", "Forward P/E 1": "N/A", "PEG Ratio (5 yr expected) 1": "N/A", "Price/Sales (ttm)": "0.14", "Price/Book (mrq)": "4.13", "Enterprise Value/Revenue 3": "1.01", "Enterprise Value/EBITDA 7": "35.26"}, "6/30/2014": {"Duration": "6/30/2014", "Market Cap (intraday) 5": "115.98M", "Enterprise Value 3": "192.28M", "Trailing P/E ": "22.48", "Forward P/E 1": "N/A", "PEG Ratio (5 yr expected) 1": "N/A", "Price/Sales (ttm)": "0.19", "Price/Book (mrq)": "6.30", "Enterprise Value/Revenue 3": "1.14", "Enterprise Value/EBITDA 7": "40.06"}, "3/31/2014": {"Duration": "3/31/2014", "Market Cap (intraday) 5": "112.57M", "Enterprise Value 3": "173.97M", "Trailing P/E ": "30.53", "Forward P/E 1": "N/A", "PEG Ratio (5 yr expected) 1": "N/A", "Price/Sales (ttm)": "0.19", "Price/Book (mrq)": "4.92", "Enterprise Value/Revenue 3": "1.29", "Enterprise Value/EBITDA 7": "248.53"}, "12/31/2013": {"Duration": "12/31/2013", "Market Cap (intraday) 5": "93.86M", "Enterprise Value 3": "153.26M", "Trailing P/E ": "69.38", "Forward P/E 1": "N/A", "PEG Ratio (5 yr expected) 1": "N/A", "Price/Sales (ttm)": "0.16", "Price/Book (mrq)": "4.06", "Enterprise Value/Revenue 3": "1.14", "Enterprise Value/EBITDA 7": "191.58"}, "9/30/2013": {"Duration": "9/30/2013", "Market Cap (intraday) 5": "59.81M", "Enterprise Value 3": "127.91M", "Trailing P/E ": "32.53", "Forward P/E 1": "N/A", "PEG Ratio (5 yr expected) 1": "N/A", "Price/Sales (ttm)": "0.10", "Price/Book (mrq)": "3.04", "Enterprise Value/Revenue 3": "0.83", "Enterprise Value/EBITDA 7": "27.81"}, "6/30/2013": {"Duration": "6/30/2013", "Market Cap (intraday) 5": "57.40M", "Enterprise Value 3": "128.70M", "Trailing P/E ": "92.07", "Forward P/E 1": "N/A", "PEG Ratio (5 yr expected) 1": "N/A", "Price/Sales (ttm)": "0.10", "Price/Book (mrq)": "3.40", "Enterprise Value/Revenue 3": "0.86", "Enterprise Value/EBITDA 7": "29.25"}, "3/31/2013": {"Duration": "3/31/2013", "Market Cap (intraday) 5": "65.85M", "Enterprise Value 3": "123.35M", "Trailing P/E ": "N/A", "Forward P/E 1": "N/A", "PEG Ratio (5 yr expected) 1": "N/A", "Price/Sales (ttm)": "0.12", "Price/Book (mrq)": "3.45", "Enterprise Value/Revenue 3": "0.99", "Enterprise Value/EBITDA 7": "-176.22"}, "12/31/2012": {"Duration": "12/31/2012", "Market Cap (intraday) 5": "38.27M", "Enterprise Value 3": "95.77M", "Trailing P/E ": "N/A", "Forward P/E 1": "N/A", "PEG Ratio (5 yr expected) 1": "N/A", "Price/Sales (ttm)": "0.07", "Price/Book (mrq)": "2.00", "Enterprise Value/Revenue 3": "0.76", "Enterprise Value/EBITDA 7": "-56.34"}, "9/30/2012": {"Duration": "9/30/2012", "Market Cap (intraday) 5": "36.12M", "Enterprise Value 3": "103.02M", "Trailing P/E ": "N/A", "Forward P/E 1": "N/A", "PEG Ratio (5 yr expected) 1": "N/A", "Price/Sales (ttm)": "0.07", "Price/Book (mrq)": "1.90", "Enterprise Value/Revenue 3": "0.73", "Enterprise Value/EBITDA 7": "19.81"}, "6/30/2012": {"Duration": "6/30/2012", "Market Cap (intraday) 5": "26.15M", "Enterprise Value 3": "92.25M", "Trailing P/E ": "N/A", "Forward P/E 1": "N/A", "PEG Ratio (5 yr expected) 1": "N/A", "Price/Sales (ttm)": "0.05", "Price/Book (mrq)": "1.52", "Enterprise Value/Revenue 3": "0.67", "Enterprise Value/EBITDA 7": "27.96"}, "3/31/2012": {"Duration": "3/31/2012", "Market Cap (intraday) 5": "36.11M", "Enterprise Value 3": "88.01M", "Trailing P/E ": "N/A", "Forward P/E 1": "N/A", "PEG Ratio (5 yr expected) 1": "N/A", "Price/Sales (ttm)": "0.07", "Price/Book (mrq)": "1.82", "Enterprise Value/Revenue 3": "0.76", "Enterprise Value/EBITDA 7": "-67.70"}, "12/31/2011": {"Duration": "12/31/2011", "Market Cap (intraday) 5": "12.30M", "Enterprise Value 3": "75.60M", "Trailing P/E ": "N/A", "Forward P/E 1": "N/A", "PEG Ratio (5 yr expected) 1": "N/A", "Price/Sales (ttm)": "0.02", "Price/Book (mrq)": "0.55", "Enterprise Value/Revenue 3": "0.67", "Enterprise Value/EBITDA 7": "-39.79"}, "9/30/2011": {"Duration": "9/30/2011", "Market Cap (intraday) 5": "10.41M", "Enterprise Value 3": "73.71M", "Trailing P/E ": "N/A", "Forward P/E 1": "N/A", "PEG Ratio (5 yr expected) 1": "N/A", "Price/Sales (ttm)": "0.02", "Price/Book (mrq)": "0.46", "Enterprise Value/Revenue 3": "0.54", "Enterprise Value/EBITDA 7": "737.05"}, "6/30/2011": {"Duration": "6/30/2011", "Market Cap (intraday) 5": "16.08M", "Enterprise Value 3": "80.08M", "Trailing P/E ": "N/A", "Forward P/E 1": "N/A", "PEG Ratio (5 yr expected) 1": "N/A", "Price/Sales (ttm)": "0.03", "Price/Book (mrq)": "0.66", "Enterprise Value/Revenue 3": "0.61", "Enterprise Value/EBITDA 7": "-200.20"}, "3/31/2011": {"Duration": "3/31/2011", "Market Cap (intraday) 5": "23.18M", "Enterprise Value 3": "76.08M", "Trailing P/E ": "N/A", "Forward P/E 1": "N/A", "PEG Ratio (5 yr expected) 1": "N/A", "Price/Sales (ttm)": "0.05", "Price/Book (mrq)": "0.89", "Enterprise Value/Revenue 3": "0.76", "Enterprise Value/EBITDA 7": "-14.63"}, "12/31/2010": {"Duration": "12/31/2010", "Market Cap (intraday) 5": "21.67M", "Enterprise Value 3": "62.97M", "Trailing P/E ": "N/A", "Forward P/E 1": "N/A", "PEG Ratio (5 yr expected) 1": "N/A", "Price/Sales (ttm)": "0.04", "Price/Book (mrq)": "0.66", "Enterprise Value/Revenue 3": "0.61", "Enterprise Value/EBITDA 7": "-12.11"}, "9/30/2010": {"Duration": "9/30/2010", "Market Cap (intraday) 5": "20.56M", "Enterprise Value 3": "70.76M", "Trailing P/E ": "N/A", "Forward P/E 1": "N/A", "PEG Ratio (5 yr expected) 1": "N/A", "Price/Sales (ttm)": "0.04", "Price/Book (mrq)": "0.53", "Enterprise Value/Revenue 3": "0.56", "Enterprise Value/EBITDA 7": "-26.21"}, "6/30/2010": {"Duration": "6/30/2010", "Market Cap (intraday) 5": "31.22M", "Enterprise Value 3": "81.92M", "Trailing P/E ": "N/A", "Forward P/E 1": "N/A", "PEG Ratio (5 yr expected) 1": "N/A", "Price/Sales (ttm)": "0.06", "Price/Book (mrq)": "0.73", "Enterprise Value/Revenue 3": "0.61", "Enterprise Value/EBITDA 7": "-102.39"}, "3/31/2010": {"Duration": "3/31/2010", "Market Cap (intraday) 5": "19.53M", "Enterprise Value 3": "60.73M", "Trailing P/E ": "N/A", "Forward P/E 1": "N/A", "PEG Ratio (5 yr expected) 1": "N/A", "Price/Sales (ttm)": "0.04", "Price/Book (mrq)": "0.43", "Enterprise Value/Revenue 3": "0.59", "Enterprise Value/EBITDA 7": "-11.25"}, "12/31/2009": {"Duration": "12/31/2009", "Market Cap (intraday) 5": "16.57M", "Enterprise Value 3": "50.67M", "Trailing P/E ": "N/A", "Forward P/E 1": "N/A", "PEG Ratio (5 yr expected) 1": "N/A", "Price/Sales (ttm)": "0.03", "Price/Book (mrq)": "0.33", "Enterprise Value/Revenue 3": "0.49", "Enterprise Value/EBITDA 7": "-50.67"}, "9/30/2009": {"Duration": "9/30/2009", "Market Cap (intraday) 5": "16.48M", "Enterprise Value 3": "46.38M", "Trailing P/E ": "N/A", "Forward P/E 1": "N/A", "PEG Ratio (5 yr expected) 1": "N/A", "Price/Sales (ttm)": "0.04", "Price/Book (mrq)": "0.33", "Enterprise Value/Revenue 3": "0.35", "Enterprise Value/EBITDA 7": "115.94"}, "3/31/2009": {"Duration": "3/31/2009", "Market Cap (intraday) 5": "11.01M", "Enterprise Value 3": "39.61M", "Trailing P/E ": "N/A", "Forward P/E 1": "N/A", "PEG Ratio (5 yr expected) 1": "N/A", "Price/Sales (ttm)": "0.02", "Price/Book (mrq)": "0.20", "Enterprise Value/Revenue 3": "0.40", "Enterprise Value/EBITDA 7": "-3.39"}, "12/31/2008": {"Duration": "12/31/2008", "Market Cap (intraday) 5": "10.78M", "Enterprise Value 3": "32.08M", "Trailing P/E ": "N/A", "Forward P/E 1": "N/A", "PEG Ratio (5 yr expected) 1": "N/A", "Price/Sales (ttm)": "0.02", "Price/Book (mrq)": "0.15", "Enterprise Value/Revenue 3": "0.25", "Enterprise Value/EBITDA 7": "-7.13"}, "9/30/2008": {"Duration": "9/30/2008", "Market Cap (intraday) 5": "45.06M", "Enterprise Value 3": "70.66M", "Trailing P/E ": "N/A", "Forward P/E 1": "N/A", "PEG Ratio (5 yr expected) 1": "N/A", "Price/Sales (ttm)": "0.06", "Price/Book (mrq)": "0.53", "Enterprise Value/Revenue 3": "0.39", "Enterprise Value/EBITDA 7": "-14.13"}, "6/30/2008": {"Duration": "6/30/2008", "Market Cap (intraday) 5": "39.04M", "Enterprise Value 3": "66.54M", "Trailing P/E ": "N/A", "Forward P/E 1": "N/A", "PEG Ratio (5 yr expected) 1": "N/A", "Price/Sales (ttm)": "0.05", "Price/Book (mrq)": "0.42", "Enterprise Value/Revenue 3": "0.34", "Enterprise Value/EBITDA 7": "-39.14"}, "3/31/2008": {"Duration": "3/31/2008", "Market Cap (intraday) 5": "50.02M", "Enterprise Value 3": "98.02M", "Trailing P/E ": "N/A", "Forward P/E 1": "N/A", "PEG Ratio (5 yr expected) 1": "N/A", "Price/Sales (ttm)": "0.06", "Price/Book (mrq)": "0.53", "Enterprise Value/Revenue 3": "0.59", "Enterprise Value/EBITDA 7": "-8.03"}, "12/31/2007": {"Duration": "12/31/2007", "Market Cap (intraday) 5": "73.07M", "Enterprise Value 3": "97.87M", "Trailing P/E ": "N/A", "Forward P/E 1": "N/A", "PEG Ratio (5 yr expected) 1": "N/A", "Price/Sales (ttm)": "0.08", "Price/Book (mrq)": "0.70", "Enterprise Value/Revenue 3": "0.54", "Enterprise Value/EBITDA 7": "-14.83"}, "9/30/2007": {"Duration": "9/30/2007", "Market Cap (intraday) 5": "112.97M", "Enterprise Value 3": "151.07M", "Trailing P/E ": "N/A", "Forward P/E 1": "N/A", "PEG Ratio (5 yr expected) 1": "N/A", "Price/Sales (ttm)": "0.11", "Price/Book (mrq)": "1.03", "Enterprise Value/Revenue 3": "0.65", "Enterprise Value/EBITDA 7": "71.94"}, "6/30/2007": {"Duration": "6/30/2007", "Market Cap (intraday) 5": "158.68M", "Enterprise Value 3": "220.08M", "Trailing P/E ": "N/A", "Forward P/E 1": "N/A", "PEG Ratio (5 yr expected) 1": "N/A", "Price/Sales (ttm)": "0.15", "Price/Book (mrq)": "1.48", "Enterprise Value/Revenue 3": "0.92", "Enterprise Value/EBITDA 7": "51.18"}, "3/31/2007": {"Duration": "3/31/2007", "Market Cap (intraday) 5": "124.65M", "Enterprise Value 3": "164.25M", "Trailing P/E ": "N/A", "Forward P/E 1": "N/A", "PEG Ratio (5 yr expected) 1": "N/A", "Price/Sales (ttm)": "0.11", "Price/Book (mrq)": "1.14", "Enterprise Value/Revenue 3": "0.74", "Enterprise Value/EBITDA 7": "-65.70"}, "12/31/2006": {"Duration": "12/31/2006", "Market Cap (intraday) 5": "108.57M", "Enterprise Value 3": "175.17M", "Trailing P/E ": "N/A", "Forward P/E 1": "N/A", "PEG Ratio (5 yr expected) 1": "N/A", "Price/Sales (ttm)": "0.09", "Price/Book (mrq)": "0.95", "Enterprise Value/Revenue 3": "0.76", "Enterprise Value/EBITDA 7": "-159.25"}, "9/30/2006": {"Duration": "9/30/2006", "Market Cap (intraday) 5": "113.49M", "Enterprise Value 3": "182.89M", "Trailing P/E ": "7.37", "Forward P/E 1": "N/A", "PEG Ratio (5 yr expected) 1": "N/A", "Price/Sales (ttm)": "0.10", "Price/Book (mrq)": "0.92", "Enterprise Value/Revenue 3": "0.62", "Enterprise Value/EBITDA 7": "-16.18"}, "6/30/2006": {"Duration": "6/30/2006", "Market Cap (intraday) 5": "166.23M", "Enterprise Value 3": "235.63M", "Trailing P/E ": "10.80", "Forward P/E 1": "N/A", "PEG Ratio (5 yr expected) 1": "N/A", "Price/Sales (ttm)": "0.14", "Price/Book (mrq)": "1.35", "Enterprise Value/Revenue 3": "0.80", "Enterprise Value/EBITDA 7": "29.09"}, "3/31/2006": {"Duration": "3/31/2006", "Market Cap (intraday) 5": "191.04M", "Enterprise Value 3": "257.04M", "Trailing P/E ": "12.25", "Forward P/E 1": "N/A", "PEG Ratio (5 yr expected) 1": "N/A", "Price/Sales (ttm)": "0.17", "Price/Book (mrq)": "1.61", "Enterprise Value/Revenue 3": "0.91", "Enterprise Value/EBITDA 7": "40.16"}, "12/31/2005": {"Duration": "12/31/2005", "Market Cap (intraday) 5": "172.07M", "Enterprise Value 3": "237.97M", "Trailing P/E ": "9.66", "Forward P/E 1": "N/A", "PEG Ratio (5 yr expected) 1": "N/A", "Price/Sales (ttm)": "0.16", "Price/Book (mrq)": "1.54", "Enterprise Value/Revenue 3": "0.90", "Enterprise Value/EBITDA 7": "31.73"}, "9/30/2005": {"Duration": "9/30/2005", "Market Cap (intraday) 5": "182.57M", "Enterprise Value 3": "248.47M", "Trailing P/E ": "10.40", "Forward P/E 1": "N/A", "PEG Ratio (5 yr expected) 1": "N/A", "Price/Sales (ttm)": "0.17", "Price/Book (mrq)": "1.64", "Enterprise Value/Revenue 3": "0.82", "Enterprise Value/EBITDA 7": "18.97"}, "6/30/2005": {"Duration": "6/30/2005", "Market Cap (intraday) 5": "219.74M", "Enterprise Value 3": "281.64M", "Trailing P/E ": "13.81", "Forward P/E 1": "N/A", "PEG Ratio (5 yr expected) 1": "N/A", "Price/Sales (ttm)": "0.22", "Price/Book (mrq)": "2.10", "Enterprise Value/Revenue 3": "1.00", "Enterprise Value/EBITDA 7": "33.53"}, "3/31/2005": {"Duration": "3/31/2005", "Market Cap (intraday) 5": "217.26M", "Enterprise Value 3": "286.56M", "Trailing P/E ": "12.56", "Forward P/E 1": "N/A", "PEG Ratio (5 yr expected) 1": "N/A", "Price/Sales (ttm)": "0.22", "Price/Book (mrq)": "2.18", "Enterprise Value/Revenue 3": "1.15", "Enterprise Value/EBITDA 7": "31.15"}, "12/31/2004": {"Duration": "12/31/2004", "Market Cap (intraday) 5": "203.19M", "Enterprise Value 3": "238.79M", "Trailing P/E ": "13.40", "Forward P/E 1": "N/A", "PEG Ratio (5 yr expected) 1": "N/A", "Price/Sales (ttm)": "0.22", "Price/Book (mrq)": "2.23", "Enterprise Value/Revenue 3": "1.18", "Enterprise Value/EBITDA 7": "36.74"}, "9/30/2004": {"Duration": "9/30/2004", "Market Cap (intraday) 5": "175.89M", "Enterprise Value 3": "245.09M", "Trailing P/E ": "12.07", "Forward P/E 1": "N/A", "PEG Ratio (5 yr expected) 1": "N/A", "Price/Sales (ttm)": "0.17", "Price/Book (mrq)": "2.01", "Enterprise Value/Revenue 3": "0.92", "Enterprise Value/EBITDA 7": "21.88"}, "6/30/2004": {"Duration": "6/30/2004", "Market Cap (intraday) 5": "149.27M", "Enterprise Value 3": "232.27M", "Trailing P/E ": "9.37", "Forward P/E 1": "N/A", "PEG Ratio (5 yr expected) 1": "N/A", "Price/Sales (ttm)": "0.15", "Price/Book (mrq)": "1.83", "Enterprise Value/Revenue 3": "0.84", "Enterprise Value/EBITDA 7": "18.58"}, "3/31/2004": {"Duration": "3/31/2004", "Market Cap (intraday) 5": "97.18M", "Enterprise Value 3": "190.08M", "Trailing P/E ": "8.93", "Forward P/E 1": "N/A", "PEG Ratio (5 yr expected) 1": "N/A", "Price/Sales (ttm)": "0.10", "Price/Book (mrq)": "1.30", "Enterprise Value/Revenue 3": "0.78", "Enterprise Value/EBITDA 7": "26.04"}, "12/31/2003": {"Duration": "12/31/2003", "Market Cap (intraday) 5": "58.31M", "Enterprise Value 3": "121.11M", "Trailing P/E ": "17.65", "Forward P/E 1": "N/A", "PEG Ratio (5 yr expected) 1": "N/A", "Price/Sales (ttm)": "0.06", "Price/Book (mrq)": "0.81", "Enterprise Value/Revenue 3": "0.52", "Enterprise Value/EBITDA 7": "22.85"}, "9/30/2003": {"Duration": "9/30/2003", "Market Cap (intraday) 5": "52.67M", "Enterprise Value 3": "140.37M", "Trailing P/E ": "30.11", "Forward P/E 1": "N/A", "PEG Ratio (5 yr expected) 1": "N/A", "Price/Sales (ttm)": "0.06", "Price/Book (mrq)": "0.75", "Enterprise Value/Revenue 3": "0.55", "Enterprise Value/EBITDA 7": "12.00"}, "6/30/2003": {"Duration": "6/30/2003", "Market Cap (intraday) 5": "52.71M", "Enterprise Value 3": "141.31M", "Trailing P/E ": "N/A", "Forward P/E 1": "N/A", "PEG Ratio (5 yr expected) 1": "N/A", "Price/Sales (ttm)": "0.06", "Price/Book (mrq)": "0.81", "Enterprise Value/Revenue 3": "0.63", "Enterprise Value/EBITDA 7": "23.17"}, "3/31/2003": {"Duration": "3/31/2003", "Market Cap (intraday) 5": "39.68M", "Enterprise Value 3": "128.48M", "Trailing P/E ": "N/A", "Forward P/E 1": "N/A", "PEG Ratio (5 yr expected) 1": "N/A", "Price/Sales (ttm)": "0.05", "Price/Book (mrq)": "0.63", "Enterprise Value/Revenue 3": "0.66", "Enterprise Value/EBITDA 7": "-28.55"}, "12/31/2002": {"Duration": "12/31/2002", "Market Cap (intraday) 5": "55.55M", "Enterprise Value 3": "120.05M", "Trailing P/E ": "57.00", "Forward P/E 1": "N/A", "PEG Ratio (5 yr expected) 1": "N/A", "Price/Sales (ttm)": "0.06", "Price/Book (mrq)": "0.81", "Enterprise Value/Revenue 3": "0.60", "Enterprise Value/EBITDA 7": "-1.54"}, "9/30/2002": {"Duration": "9/30/2002", "Market Cap (intraday) 5": "66.92M", "Enterprise Value 3": "152.72M", "Trailing P/E ": "N/A", "Forward P/E 1": "N/A", "PEG Ratio (5 yr expected) 1": "N/A", "Price/Sales (ttm)": "0.08", "Price/Book (mrq)": "0.97", "Enterprise Value/Revenue 3": "0.65", "Enterprise Value/EBITDA 7": "15.91"}, "6/30/2002": {"Duration": "6/30/2002", "Market Cap (intraday) 5": "106.01M", "Enterprise Value 3": "187.31M", "Trailing P/E ": "20.65", "Forward P/E 1": "N/A", "PEG Ratio (5 yr expected) 1": "N/A", "Price/Sales (ttm)": "0.11", "Price/Book (mrq)": "1.34", "Enterprise Value/Revenue 3": "0.85", "Enterprise Value/EBITDA 7": "93.65"}, "3/31/2002": {"Duration": "3/31/2002", "Market Cap (intraday) 5": "109.27M", "Enterprise Value 3": "177.27M", "Trailing P/E ": "19.79", "Forward P/E 1": "N/A", "PEG Ratio (5 yr expected) 1": "N/A", "Price/Sales (ttm)": "0.12", "Price/Book (mrq)": "1.38", "Enterprise Value/Revenue 3": "0.82", "Enterprise Value/EBITDA 7": "70.91"}, "12/31/2001": {"Duration": "12/31/2001", "Market Cap (intraday) 5": "119.84M", "Enterprise Value 3": "187.84M", "Trailing P/E ": "21.79", "Forward P/E 1": "N/A", "PEG Ratio (5 yr expected) 1": "N/A", "Price/Sales (ttm)": "0.13", "Price/Book (mrq)": "1.52", "Enterprise Value/Revenue 3": "0.85", "Enterprise Value/EBITDA 7": "40.83"}, "9/30/2001": {"Duration": "9/30/2001", "Market Cap (intraday) 5": "101.14M", "Enterprise Value 3": "182.94M", "Trailing P/E ": "11.20", "Forward P/E 1": "N/A", "PEG Ratio (5 yr expected) 1": "N/A", "Price/Sales (ttm)": "0.11", "Price/Book (mrq)": "1.20", "Enterprise Value/Revenue 3": "0.71", "Enterprise Value/EBITDA 7": "17.76"}, "6/30/2001": {"Duration": "6/30/2001", "Market Cap (intraday) 5": "105.14M", "Enterprise Value 3": "199.44M", "Trailing P/E ": "10.35", "Forward P/E 1": "N/A", "PEG Ratio (5 yr expected) 1": "N/A", "Price/Sales (ttm)": "0.10", "Price/Book (mrq)": "1.33", "Enterprise Value/Revenue 3": "0.80", "Enterprise Value/EBITDA 7": "16.08"}, "3/31/2001": {"Duration": "3/31/2001", "Market Cap (intraday) 5": "85.83M", "Enterprise Value 3": "162.83M", "Trailing P/E ": "6.13", "Forward P/E 1": "N/A", "PEG Ratio (5 yr expected) 1": "N/A", "Price/Sales (ttm)": "0.08", "Price/Book (mrq)": "1.06", "Enterprise Value/Revenue 3": "0.75", "Enterprise Value/EBITDA 7": "33.23"}, "12/31/2000": {"Duration": "12/31/2000", "Market Cap (intraday) 5": "84.92M", "Enterprise Value 3": "177.51M", "Trailing P/E ": "6.99", "Forward P/E 1": "N/A", "PEG Ratio (5 yr expected) 1": "N/A", "Price/Sales (ttm)": "0.11", "Price/Book (mrq)": "1.05", "Enterprise Value/Revenue 3": "0.78", "Enterprise Value/EBITDA 7": "8.57"}, "9/30/2000": {"Duration": "9/30/2000", "Market Cap (intraday) 5": "92.64M", "Enterprise Value 3": "203.29M", "Trailing P/E ": "7.63", "Forward P/E 1": "N/A", "PEG Ratio (5 yr expected) 1": "N/A", "Price/Sales (ttm)": "0.12", "Price/Book (mrq)": "1.22", "Enterprise Value/Revenue 3": "0.73", "Enterprise Value/EBITDA 7": "15.77"}, "6/30/2000": {"Duration": "6/30/2000", "Market Cap (intraday) 5": "84.92M", "Enterprise Value 3": "195.57M", "Trailing P/E ": "6.99", "Forward P/E 1": "N/A", "PEG Ratio (5 yr expected) 1": "N/A", "Price/Sales (ttm)": "0.11", "Price/Book (mrq)": "1.12", "Enterprise Value/Revenue 3": "0.68", "Enterprise Value/EBITDA 7": "16.18"}, "3/31/2000": {"Duration": "3/31/2000", "Market Cap (intraday) 5": "92.64M", "Enterprise Value 3": "205.92M", "Trailing P/E ": "7.63", "Forward P/E 1": "N/A", "PEG Ratio (5 yr expected) 1": "N/A", "Price/Sales (ttm)": "0.12", "Price/Book (mrq)": "1.30", "Enterprise Value/Revenue 3": "0.73", "Enterprise Value/EBITDA 7": "32.56"}}}}, {"LPX": {"quote": {"04/26/2021": {"value": "68.08", "Market Cap": "6.814B", "Beta (5Y Monthly)": "1.87", "PE Ratio (TTM)": "15.26", "EPS (TTM)": "4.46", "Earnings Date": "May 04, 2021", "Forward Dividend & Yield": "0.64 (0.95%)", "Ex-Dividend Date": "Feb 19, 2021", "1y Target Est": "61.63"}}, "fin": {"TTM": {"Duration": "TTM", "Total Revenue": "2,788,000", "Cost of Revenue": "1,920,000", "Gross Profit": "868,000", "Operating Expense": "202,000", "Operating Income": "666,000", "Net Non Operating Interest Income Expense": "-17,000", "Other Income Expense": "-27,000", "Pretax Income": "621,000", "Tax Provision": "125,000", "Earnings from Equity Interest Net of Tax": "1,000", "Net Income Common Stockholders": "499,000", "Diluted NI Available to Com Stockholders": "499,000", "Basic EPS": "-", "Diluted EPS": "-", "Basic Average Shares": "-", "Diluted Average Shares": "-", "Total Operating Income as Reported": "636,000", "Total Expenses": "2,122,000", "Net Income from Continuing & Discontinued Operation": "499,000", "Normalized Income": "519,000", "Interest Income": "2,000", "Interest Expense": "17,000", "Net Interest Income": "-17,000", "EBIT": "638,000", "EBITDA": "749,000", "Reconciled Cost of Revenue": "1,920,000", "Reconciled Depreciation": "111,000", "Net Income from Continuing Operation Net Minority Interest": "499,000", "Total Unusual Items Excluding Goodwill": "-25,000", "Total Unusual Items": "-25,000", "Normalized EBITDA": "774,000", "Tax Rate for Calcs": "0", "Tax Effect of Unusual Items": "-5,000"}, "12/31/2020": {"Duration": "12/31/2020", "Total Revenue": "2,788,000", "Cost of Revenue": "1,920,000", "Gross Profit": "868,000", "Operating Expense": "202,000", "Operating Income": "666,000", "Net Non Operating Interest Income Expense": "-17,000", "Other Income Expense": "-27,000", "Pretax Income": "621,000", "Tax Provision": "125,000", "Earnings from Equity Interest Net of Tax": "1,000", "Net Income Common Stockholders": "499,000", "Diluted NI Available to Com Stockholders": "499,000", "Basic EPS": "-", "Diluted EPS": "-", "Basic Average Shares": "-", "Diluted Average Shares": "-", "Total Operating Income as Reported": "636,000", "Total Expenses": "2,122,000", "Net Income from Continuing & Discontinued Operation": "499,000", "Normalized Income": "519,000", "Interest Income": "2,000", "Interest Expense": "17,000", "Net Interest Income": "-17,000", "EBIT": "638,000", "EBITDA": "-", "Reconciled Cost of Revenue": "1,920,000", "Reconciled Depreciation": "111,000", "Net Income from Continuing Operation Net Minority Interest": "499,000", "Total Unusual Items Excluding Goodwill": "-25,000", "Total Unusual Items": "-25,000", "Normalized EBITDA": "774,000", "Tax Rate for Calcs": "0", "Tax Effect of Unusual Items": "-5,000"}, "12/31/2019": {"Duration": "12/31/2019", "Total Revenue": "2,310,000", "Cost of Revenue": "2,007,000", "Gross Profit": "303,000", "Operating Expense": "227,000", "Operating Income": "76,000", "Net Non Operating Interest Income Expense": "-10,000", "Other Income Expense": "-89,000", "Pretax Income": "-23,000", "Tax Provision": "-13,000", "Earnings from Equity Interest Net of Tax": "0", "Net Income Common Stockholders": "-5,000", "Diluted NI Available to Com Stockholders": "-5,000", "Basic EPS": "-0.04", "Diluted EPS": "-0.04", "Basic Average Shares": "123,000", "Diluted Average Shares": "123,000", "Total Operating Income as Reported": "-20,000", "Total Expenses": "2,234,000", "Net Income from Continuing & Discontinued Operation": "-5,000", "Normalized Income": "58,510", "Interest Income": "9,000", "Interest Expense": "17,000", "Net Interest Income": "-10,000", "EBIT": "-6,000", "EBITDA": "-", "Reconciled Cost of Revenue": "2,007,000", "Reconciled Depreciation": "123,000", "Net Income from Continuing Operation Net Minority Interest": "-5,000", "Total Unusual Items Excluding Goodwill": "-87,000", "Total Unusual Items": "-87,000", "Normalized EBITDA": "204,000", "Tax Rate for Calcs": "0", "Tax Effect of Unusual Items": "-23,490"}, "12/31/2018": {"Duration": "12/31/2018", "Total Revenue": "2,828,000", "Cost of Revenue": "2,084,000", "Gross Profit": "744,000", "Operating Expense": "192,300", "Operating Income": "551,700", "Net Non Operating Interest Income Expense": "2,300", "Other Income Expense": "-30,000", "Pretax Income": "524,000", "Tax Provision": "122,300", "Earnings from Equity Interest Net of Tax": "-2,900", "Net Income Common Stockholders": "394,600", "Diluted NI Available to Com Stockholders": "394,600", "Basic EPS": "2.76", "Diluted EPS": "2.73", "Basic Average Shares": "143,000", "Diluted Average Shares": "144,400", "Total Operating Income as Reported": "526,100", "Total Expenses": "2,276,300", "Net Income from Continuing & Discontinued Operation": "394,600", "Normalized Income": "417,896", "Interest Income": "18,100", "Interest Expense": "15,000", "Net Interest Income": "2,300", "EBIT": "539,000", "EBITDA": "-", "Reconciled Cost of Revenue": "2,084,000", "Reconciled Depreciation": "120,000", "Net Income from Continuing Operation Net Minority Interest": "398,800", "Total Unusual Items Excluding Goodwill": "-24,800", "Total Unusual Items": "-24,800", "Normalized EBITDA": "683,800", "Tax Rate for Calcs": "0", "Tax Effect of Unusual Items": "-5,704"}}, "bs": {"12/31/2020": {"Duration": "12/31/2020", "Total Assets": "2,086,000", "Total Liabilities Net Minority Interest": "852,000", "Total Equity Gross Minority Interest": "1,234,000", "Total Capitalization": "1,582,000", "Common Stock Equity": "1,234,000", "Capital Lease Obligations": "41,000", "Net Tangible Assets": "1,188,000", "Working Capital": "707,000", "Invested Capital": "1,582,000", "Tangible Book Value": "1,188,000", "Total Debt": "389,000", "Net Debt": "-", "Share Issued": "123,548", "Ordinary Shares Number": "106,240", "Treasury Shares Number": "17,308"}, "12/31/2019": {"Duration": "12/31/2019", "Total Assets": "1,835,000", "Total Liabilities Net Minority Interest": "844,000", "Total Equity Gross Minority Interest": "991,000", "Total Capitalization": "1,338,000", "Common Stock Equity": "991,000", "Capital Lease Obligations": "45,000", "Net Tangible Assets": "941,000", "Working Capital": "375,000", "Invested Capital": "1,338,000", "Tangible Book Value": "941,000", "Total Debt": "392,000", "Net Debt": "166,000", "Share Issued": "129,666", "Ordinary Shares Number": "111,945", "Treasury Shares Number": "17,721"}, "12/31/2018": {"Duration": "12/31/2018", "Total Assets": "2,514,100", "Total Liabilities Net Minority Interest": "813,900", "Total Equity Gross Minority Interest": "1,700,200", "Total Capitalization": "2,047,100", "Common Stock Equity": "1,700,200", "Capital Lease Obligations": "-", "Net Tangible Assets": "1,674,000", "Working Capital": "1,025,600", "Invested Capital": "2,052,100", "Tangible Book Value": "1,674,000", "Total Debt": "351,900", "Net Debt": "-", "Share Issued": "153,359", "Ordinary Shares Number": "136,833", "Treasury Shares Number": "16,525"}}, "cf": {"TTM": {"Duration": "TTM", "Operating Cash Flow": "659,000", "Investing Cash Flow": "-49,000", "Financing Cash Flow": "-272,000", "End Cash Position": "535,000", "Income Tax Paid Supplemental Data": "70,000", "Interest Paid Supplemental Data": "18,000", "Capital Expenditure": "-77,000", "Issuance of Capital Stock": "-", "Issuance of Debt": "350,000", "Repayment of Debt": "-350,000", "Repurchase of Capital Stock": "-200,000", "Free Cash Flow": "582,000"}, "12/31/2020": {"Duration": "12/31/2020", "Operating Cash Flow": "659,000", "Investing Cash Flow": "-49,000", "Financing Cash Flow": "-272,000", "End Cash Position": "535,000", "Income Tax Paid Supplemental Data": "70,000", "Interest Paid Supplemental Data": "18,000", "Capital Expenditure": "-77,000", "Issuance of Capital Stock": "-", "Issuance of Debt": "350,000", "Repayment of Debt": "-350,000", "Repurchase of Capital Stock": "-200,000", "Free Cash Flow": "582,000"}, "12/31/2019": {"Duration": "12/31/2019", "Operating Cash Flow": "159,000", "Investing Cash Flow": "-137,000", "Financing Cash Flow": "-717,000", "End Cash Position": "195,000", "Income Tax Paid Supplemental Data": "20,000", "Interest Paid Supplemental Data": "13,000", "Capital Expenditure": "-163,000", "Issuance of Capital Stock": "-", "Issuance of Debt": "-", "Repayment of Debt": "-5,000", "Repurchase of Capital Stock": "-638,000", "Free Cash Flow": "-4,000"}, "12/31/2018": {"Duration": "12/31/2018", "Operating Cash Flow": "510,500", "Investing Cash Flow": "-238,200", "Financing Cash Flow": "-317,000", "End Cash Position": "891,800", "Income Tax Paid Supplemental Data": "-", "Interest Paid Supplemental Data": "-", "Capital Expenditure": "-214,200", "Issuance of Capital Stock": "-", "Issuance of Debt": "0", "Repayment of Debt": "-24,700", "Repurchase of Capital Stock": "-211,800", "Free Cash Flow": "296,300"}}}}, {"GMS": {"ks": {"Current": {"Duration": "Current", "Market Cap (intraday) 5": "1.93B", "Enterprise Value 3": "2.90B", "Trailing P/E ": "65.17", "Forward P/E 1": "11.47", "PEG Ratio (5 yr expected) 1": "N/A", "Price/Sales (ttm)": "0.62", "Price/Book (mrq)": "2.53", "Enterprise Value/Revenue 3": "0.92", "Enterprise Value/EBITDA 7": "12.97"}, "1/31/2021": {"Duration": "1/31/2021", "Market Cap (intraday) 5": "1.24B", "Enterprise Value 3": "2.23B", "Trailing P/E ": "51.77", "Forward P/E 1": "9.06", "PEG Ratio (5 yr expected) 1": "N/A", "Price/Sales (ttm)": "0.40", "Price/Book (mrq)": "1.73", "Enterprise Value/Revenue 3": "2.98", "Enterprise Value/EBITDA 7": "36.73"}, "10/31/2020": {"Duration": "10/31/2020", "Market Cap (intraday) 5": "965.82M", "Enterprise Value 3": "1.99B", "Trailing P/E ": "38.31", "Forward P/E 1": "7.20", "PEG Ratio (5 yr expected) 1": "N/A", "Price/Sales (ttm)": "0.30", "Price/Book (mrq)": "1.41", "Enterprise Value/Revenue 3": "2.45", "Enterprise Value/EBITDA 7": "25.69"}, "7/31/2020": {"Duration": "7/31/2020", "Market Cap (intraday) 5": "999.83M", "Enterprise Value 3": "2.01B", "Trailing P/E ": "42.60", "Forward P/E 1": "7.94", "PEG Ratio (5 yr expected) 1": "N/A", "Price/Sales (ttm)": "0.31", "Price/Book (mrq)": "1.58", "Enterprise Value/Revenue 3": "2.50", "Enterprise Value/EBITDA 7": "25.76"}, "4/30/2020": {"Duration": "4/30/2020", "Market Cap (intraday) 5": "782.14M", "Enterprise Value 3": "1.93B", "Trailing P/E ": "9.62", "Forward P/E 1": "6.79", "PEG Ratio (5 yr expected) 1": "N/A", "Price/Sales (ttm)": "0.24", "Price/Book (mrq)": "1.11", "Enterprise Value/Revenue 3": "2.51", "Enterprise Value/EBITDA 7": "281.01"}, "1/31/2020": {"Duration": "1/31/2020", "Market Cap (intraday) 5": "1.13B", "Enterprise Value 3": "2.31B", "Trailing P/E ": "14.84", "Forward P/E 1": "7.26", "PEG Ratio (5 yr expected) 1": "N/A", "Price/Sales (ttm)": "0.35", "Price/Book (mrq)": "1.62", "Enterprise Value/Revenue 3": "3.03", "Enterprise Value/EBITDA 7": "38.72"}, "10/31/2019": {"Duration": "10/31/2019", "Market Cap (intraday) 5": "1.26B", "Enterprise Value 3": "2.52B", "Trailing P/E ": "17.62", "Forward P/E 1": "9.22", "PEG Ratio (5 yr expected) 1": "N/A", "Price/Sales (ttm)": "0.39", "Price/Book (mrq)": "1.91", "Enterprise Value/Revenue 3": "2.92", "Enterprise Value/EBITDA 7": "29.91"}, "7/31/2019": {"Duration": "7/31/2019", "Market Cap (intraday) 5": "936.17M", "Enterprise Value 3": "2.03B", "Trailing P/E ": "17.18", "Forward P/E 1": "7.50", "PEG Ratio (5 yr expected) 1": "N/A", "Price/Sales (ttm)": "0.30", "Price/Book (mrq)": "1.49", "Enterprise Value/Revenue 3": "2.40", "Enterprise Value/EBITDA 7": "25.39"}, "4/30/2019": {"Duration": "4/30/2019", "Market Cap (intraday) 5": "711.41M", "Enterprise Value 3": "1.87B", "Trailing P/E ": "15.32", "Forward P/E 1": "5.78", "PEG Ratio (5 yr expected) 1": "N/A", "Price/Sales (ttm)": "0.25", "Price/Book (mrq)": "1.12", "Enterprise Value/Revenue 3": "2.40", "Enterprise Value/EBITDA 7": "27.83"}, "1/31/2019": {"Duration": "1/31/2019", "Market Cap (intraday) 5": "767.82M", "Enterprise Value 3": "1.96B", "Trailing P/E ": "12.79", "Forward P/E 1": "5.62", "PEG Ratio (5 yr expected) 1": "N/A", "Price/Sales (ttm)": "0.28", "Price/Book (mrq)": "1.20", "Enterprise Value/Revenue 3": "2.71", "Enterprise Value/EBITDA 7": "34.39"}, "10/31/2018": {"Duration": "10/31/2018", "Market Cap (intraday) 5": "676.62M", "Enterprise Value 3": "1.94B", "Trailing P/E ": "12.36", "Forward P/E 1": "4.98", "PEG Ratio (5 yr expected) 1": "N/A", "Price/Sales (ttm)": "0.26", "Price/Book (mrq)": "1.09", "Enterprise Value/Revenue 3": "2.33", "Enterprise Value/EBITDA 7": "23.43"}, "7/31/2018": {"Duration": "7/31/2018", "Market Cap (intraday) 5": "1.08B", "Enterprise Value 3": "1.64B", "Trailing P/E ": "17.61", "Forward P/E 1": "7.95", "PEG Ratio (5 yr expected) 1": "N/A", "Price/Sales (ttm)": "0.44", "Price/Book (mrq)": "1.86", "Enterprise Value/Revenue 3": "2.11", "Enterprise Value/EBITDA 7": "30.35"}, "4/30/2018": {"Duration": "4/30/2018", "Market Cap (intraday) 5": "1.28B", "Enterprise Value 3": "1.85B", "Trailing P/E ": "19.48", "Forward P/E 1": "11.03", "PEG Ratio (5 yr expected) 1": "N/A", "Price/Sales (ttm)": "0.53", "Price/Book (mrq)": "2.25", "Enterprise Value/Revenue 3": "2.91", "Enterprise Value/EBITDA 7": "46.99"}, "1/31/2018": {"Duration": "1/31/2018", "Market Cap (intraday) 5": "1.41B", "Enterprise Value 3": "2.00B", "Trailing P/E ": "25.97", "Forward P/E 1": "14.58", "PEG Ratio (5 yr expected) 1": "N/A", "Price/Sales (ttm)": "0.59", "Price/Book (mrq)": "2.57", "Enterprise Value/Revenue 3": "3.41", "Enterprise Value/EBITDA 7": "50.50"}, "10/31/2017": {"Duration": "10/31/2017", "Market Cap (intraday) 5": "1.40B", "Enterprise Value 3": "1.98B", "Trailing P/E ": "25.99", "Forward P/E 1": "16.61", "PEG Ratio (5 yr expected) 1": "N/A", "Price/Sales (ttm)": "0.59", "Price/Book (mrq)": "2.63", "Enterprise Value/Revenue 3": "3.06", "Enterprise Value/EBITDA 7": "37.62"}, "7/31/2017": {"Duration": "7/31/2017", "Market Cap (intraday) 5": "1.23B", "Enterprise Value 3": "1.81B", "Trailing P/E ": "25.23", "Forward P/E 1": "15.02", "PEG Ratio (5 yr expected) 1": "N/A", "Price/Sales (ttm)": "0.53", "Price/Book (mrq)": "2.39", "Enterprise Value/Revenue 3": "2.82", "Enterprise Value/EBITDA 7": "36.76"}, "4/30/2017": {"Duration": "4/30/2017", "Market Cap (intraday) 5": "1.48B", "Enterprise Value 3": "2.08B", "Trailing P/E ": "33.99", "Forward P/E 1": "17.64", "PEG Ratio (5 yr expected) 1": "N/A", "Price/Sales (ttm)": "0.66", "Price/Book (mrq)": "2.97", "Enterprise Value/Revenue 3": "3.39", "Enterprise Value/EBITDA 7": "41.93"}, "1/31/2017": {"Duration": "1/31/2017", "Market Cap (intraday) 5": "1.22B", "Enterprise Value 3": "1.85B", "Trailing P/E ": "36.89", "Forward P/E 1": "14.93", "PEG Ratio (5 yr expected) 1": "N/A", "Price/Sales (ttm)": "0.58", "Price/Book (mrq)": "2.49", "Enterprise Value/Revenue 3": "3.29", "Enterprise Value/EBITDA 7": "47.03"}, "10/31/2016": {"Duration": "10/31/2016", "Market Cap (intraday) 5": "850.79M", "Enterprise Value 3": "1.39B", "Trailing P/E ": "45.46", "Forward P/E 1": "N/A", "PEG Ratio (5 yr expected) 1": "N/A", "Price/Sales (ttm)": "0.44", "Price/Book (mrq)": "1.80", "Enterprise Value/Revenue 3": "2.34", "Enterprise Value/EBITDA 7": "32.69"}, "7/31/2016": {"Duration": "7/31/2016", "Market Cap (intraday) 5": "1.03B", "Enterprise Value 3": "1.66B", "Trailing P/E ": "66.11", "Forward P/E 1": "N/A", "PEG Ratio (5 yr expected) 1": "N/A", "Price/Sales (ttm)": "0.45", "Price/Book (mrq)": "3.32", "Enterprise Value/Revenue 3": "3.02", "Enterprise Value/EBITDA 7": "42.88"}}, "fin": {"TTM": {"Duration": "TTM", "Total Revenue": "3,137,470", "Cost of Revenue": "2,117,023", "Gross Profit": "1,020,447", "Operating Expense": "860,139", "Operating Income": "160,308", "Net Non Operating Interest Income Expense": "-56,468", "Other Income Expense": "-45,281", "Pretax Income": "58,559", "Tax Provision": "28,201", "Net Income Common Stockholders": "30,557", "Diluted NI Available to Com Stockholders": "30,557", "Basic EPS": "-", "Diluted EPS": "-", "Basic Average Shares": "-", "Diluted Average Shares": "-", "Total Operating Income as Reported": "97,234", "Total Expenses": "2,977,162", "Net Income from Continuing & Discontinued Operation": "30,358", "Normalized Income": "58,956", "Interest Expense": "56,468", "Net Interest Income": "-56,468", "EBIT": "115,027", "EBITDA": "223,249", "Reconciled Cost of Revenue": "2,117,023", "Reconciled Depreciation": "108,222", "Net Income from Continuing Operation Net Minority Interest": "30,358", "Total Unusual Items Excluding Goodwill": "-47,663", "Total Unusual Items": "-47,663", "Normalized EBITDA": "270,912", "Tax Rate for Calcs": "0", "Tax Effect of Unusual Items": "-19,065"}, "4/30/2020": {"Duration": "4/30/2020", "Total Revenue": "3,241,307", "Cost of Revenue": "2,178,093", "Gross Profit": "1,063,214", "Operating Expense": "900,614", "Operating Income": "162,600", "Net Non Operating Interest Income Expense": "-67,718", "Other Income Expense": "-48,557", "Pretax Income": "46,325", "Tax Provision": "22,944", "Net Income Common Stockholders": "23,307", "Diluted NI Available to Com Stockholders": "23,307", "Basic EPS": "0.56", "Diluted EPS": "0.55", "Basic Average Shares": "41,853", "Diluted Average Shares": "42,504", "Total Operating Income as Reported": "99,526", "Total Expenses": "3,078,707", "Net Income from Continuing & Discontinued Operation": "23,381", "Normalized Income": "59,184", "Interest Expense": "67,718", "Net Interest Income": "-67,718", "EBIT": "114,043", "EBITDA": "-", "Reconciled Cost of Revenue": "2,178,093", "Reconciled Depreciation": "116,533", "Net Income from Continuing Operation Net Minority Interest": "23,381", "Total Unusual Items Excluding Goodwill": "-49,045", "Total Unusual Items": "-49,045", "Normalized EBITDA": "279,621", "Tax Rate for Calcs": "0", "Tax Effect of Unusual Items": "-13,242"}, "4/30/2019": {"Duration": "4/30/2019", "Total Revenue": "3,116,032", "Cost of Revenue": "2,111,913", "Gross Profit": "1,004,119", "Operating Expense": "856,919", "Operating Income": "147,200", "Net Non Operating Interest Income Expense": "-73,677", "Other Income Expense": "-3,482", "Pretax Income": "70,041", "Tax Provision": "14,039", "Net Income Common Stockholders": "56,002", "Diluted NI Available to Com Stockholders": "56,002", "Basic EPS": "1.33", "Diluted EPS": "1.31", "Basic Average Shares": "40,914", "Diluted Average Shares": "41,589", "Total Operating Income as Reported": "147,200", "Total Expenses": "2,968,832", "Net Income from Continuing & Discontinued Operation": "56,002", "Normalized Income": "61,118", "Interest Expense": "73,677", "Net Interest Income": "-73,677", "EBIT": "143,718", "EBITDA": "-", "Reconciled Cost of Revenue": "2,111,913", "Reconciled Depreciation": "117,459", "Net Income from Continuing Operation Net Minority Interest": "56,002", "Total Unusual Items Excluding Goodwill": "-6,395", "Total Unusual Items": "-6,395", "Normalized EBITDA": "267,572", "Tax Rate for Calcs": "0", "Tax Effect of Unusual Items": "-1,279"}, "4/30/2018": {"Duration": "4/30/2018", "Total Revenue": "2,511,469", "Cost of Revenue": "1,692,893", "Gross Profit": "818,576", "Operating Expense": "699,407", "Operating Income": "119,169", "Net Non Operating Interest Income Expense": "-31,395", "Other Income Expense": "-3,920", "Pretax Income": "83,854", "Tax Provision": "20,883", "Net Income Common Stockholders": "62,971", "Diluted NI Available to Com Stockholders": "62,971", "Basic EPS": "1.54", "Diluted EPS": "1.49", "Basic Average Shares": "41,015", "Diluted Average Shares": "42,163", "Total Operating Income as Reported": "119,169", "Total Expenses": "2,392,300", "Net Income from Continuing & Discontinued Operation": "62,971", "Normalized Income": "67,571", "Interest Expense": "31,395", "Net Interest Income": "-31,395", "EBIT": "115,249", "EBITDA": "-", "Reconciled Cost of Revenue": "1,692,893", "Reconciled Depreciation": "65,530", "Net Income from Continuing Operation Net Minority Interest": "62,971", "Total Unusual Items Excluding Goodwill": "-6,125", "Total Unusual Items": "-6,125", "Normalized EBITDA": "186,904", "Tax Rate for Calcs": "0", "Tax Effect of Unusual Items": "-1,525"}, "4/30/2017": {"Duration": "4/30/2017", "Total Revenue": "2,319,146", "Cost of Revenue": "1,560,575", "Gross Profit": "758,571", "Operating Expense": "654,318", "Operating Income": "104,253", "Net Non Operating Interest Income Expense": "-29,360", "Other Income Expense": "-3,352", "Pretax Income": "71,540", "Tax Provision": "22,654", "Net Income Common Stockholders": "48,886", "Diluted NI Available to Com Stockholders": "48,886", "Basic EPS": "1.21", "Diluted EPS": "1.19", "Basic Average Shares": "40,260", "Diluted Average Shares": "41,070", "Total Operating Income as Reported": "104,253", "Total Expenses": "2,214,893", "Net Income from Continuing & Discontinued Operation": "48,886", "Normalized Income": "49,146", "Interest Expense": "29,360", "Net Interest Income": "-29,360", "EBIT": "100,900", "EBITDA": "-", "Reconciled Cost of Revenue": "1,560,575", "Reconciled Depreciation": "69,240", "Net Income from Continuing Operation Net Minority Interest": "48,886", "Total Unusual Items Excluding Goodwill": "-381", "Total Unusual Items": "-381", "Normalized EBITDA": "170,521", "Tax Rate for Calcs": "0", "Tax Effect of Unusual Items": "-120.777"}, "4/30/2016": {"Duration": "4/30/2016", "Total Revenue": "1,858,182", "Cost of Revenue": "1,265,018", "Gross Profit": "593,164", "Operating Expense": "534,250", "Operating Income": "58,914", "Net Non Operating Interest Income Expense": "-37,418", "Other Income Expense": "3,652", "Pretax Income": "25,148", "Tax Provision": "12,584", "Net Income Common Stockholders": "12,564", "Diluted NI Available to Com Stockholders": "12,564", "Basic EPS": "0.38", "Diluted EPS": "0.38", "Basic Average Shares": "32,893", "Diluted Average Shares": "32,893", "Total Operating Income as Reported": "58,914", "Total Expenses": "1,799,268", "Net Income from Continuing & Discontinued Operation": "12,564", "Normalized Income": "12,575", "Interest Expense": "37,418", "Net Interest Income": "-37,418", "EBIT": "62,566", "EBITDA": "-", "Reconciled Cost of Revenue": "1,265,018", "Reconciled Depreciation": "64,215", "Net Income from Continuing Operation Net Minority Interest": "12,564", "Total Unusual Items Excluding Goodwill": "-19", "Total Unusual Items": "-19", "Normalized EBITDA": "126,800", "Tax Rate for Calcs": "0", "Tax Effect of Unusual Items": "-7.6"}, "4/30/2015": {"Duration": "4/30/2015", "Total Revenue": "1,570,085", "Cost of Revenue": "1,091,114", "Gross Profit": "478,971", "Operating Expense": "460,320", "Operating Income": "18,651", "Net Non Operating Interest Income Expense": "-36,396", "Other Income Expense": "-578", "Pretax Income": "-18,323", "Tax Provision": "-4,526", "Net Income Common Stockholders": "-5,806", "Diluted NI Available to Com Stockholders": "-5,806", "Basic EPS": "-0.15", "Diluted EPS": "-0.15", "Basic Average Shares": "39,450", "Diluted Average Shares": "39,450", "Total Operating Income as Reported": "18,651", "Total Expenses": "1,551,434", "Net Income from Continuing & Discontinued Operation": "-13,797", "Normalized Income": "-11,919", "Interest Expense": "36,396", "Net Interest Income": "-36,396", "EBIT": "18,073", "EBITDA": "-", "Reconciled Cost of Revenue": "1,091,114", "Reconciled Depreciation": "64,165", "Net Income from Continuing Operation Net Minority Interest": "-13,797", "Total Unusual Items Excluding Goodwill": "-2,494", "Total Unusual Items": "-2,494", "Normalized EBITDA": "84,732", "Tax Rate for Calcs": "0", "Tax Effect of Unusual Items": "-616.018"}, "4/30/2013": {"Duration": "4/30/2013", "Total Revenue": "1,161,610", "Cost of Revenue": "824,331", "Gross Profit": "337,279", "Operating Expense": "306,916", "Operating Income": "30,363", "Net Non Operating Interest Income Expense": "-4,413", "Other Income Expense": "-197,043", "Pretax Income": "-171,093", "Tax Provision": "11,534", "Net Income Common Stockholders": "-182,627", "Diluted NI Available to Com Stockholders": "-182,627", "Basic EPS": "-4.63", "Diluted EPS": "-4.63", "Basic Average Shares": "39,450", "Diluted Average Shares": "39,450", "Total Operating Income as Reported": "30,363", "Total Expenses": "1,131,247", "Net Income from Continuing & Discontinued Operation": "-182,627", "Normalized Income": "-182,627", "Interest Expense": "4,413", "Net Interest Income": "-4,413", "EBIT": "-166,680", "EBITDA": "-", "Reconciled Cost of Revenue": "824,230", "Reconciled Depreciation": "11,728", "Net Income from Continuing Operation Net Minority Interest": "-182,627", "Total Unusual Items Excluding Goodwill": "-", "Total Unusual Items": "-", "Normalized EBITDA": "-154,952", "Tax Rate for Calcs": "0", "Tax Effect of Unusual Items": "0"}}, "bs": {"4/30/2020": {"Duration": "4/30/2020", "Total Assets": "2,288,782", "Total Liabilities Net Minority Interest": "1,654,801", "Total Equity Gross Minority Interest": "633,981", "Total Capitalization": "1,681,260", "Common Stock Equity": "633,981", "Capital Lease Obligations": "122,645", "Net Tangible Assets": "-281,009", "Working Capital": "503,077", "Invested Capital": "1,731,461", "Tangible Book Value": "-281,009", "Total Debt": "1,220,125", "Net Debt": "886,571", "Share Issued": "42,554", "Ordinary Shares Number": "42,554"}, "4/30/2019": {"Duration": "4/30/2019", "Total Assets": "2,149,554", "Total Liabilities Net Minority Interest": "1,520,378", "Total Equity Gross Minority Interest": "629,176", "Total Capitalization": "1,728,253", "Common Stock Equity": "629,176", "Capital Lease Obligations": "-", "Net Tangible Assets": "-417,497", "Working Capital": "443,731", "Invested Capital": "1,770,371", "Tangible Book Value": "-417,497", "Total Debt": "1,141,195", "Net Debt": "1,093,857", "Share Issued": "40,375", "Ordinary Shares Number": "40,375"}, "4/30/2018": {"Duration": "4/30/2018", "Total Assets": "1,454,511", "Total Liabilities Net Minority Interest": "875,060", "Total Equity Gross Minority Interest": "579,451", "Total Capitalization": "1,159,053", "Common Stock Equity": "579,451", "Capital Lease Obligations": "-", "Net Tangible Assets": "-70,909", "Working Capital": "399,915", "Invested Capital": "1,175,337", "Tangible Book Value": "-70,909", "Total Debt": "595,886", "Net Debt": "559,449", "Share Issued": "41,069", "Ordinary Shares Number": "41,069"}, "4/30/2017": {"Duration": "4/30/2017", "Total Assets": "1,393,265", "Total Liabilities Net Minority Interest": "878,659", "Total Equity Gross Minority Interest": "514,606", "Total Capitalization": "1,097,996", "Common Stock Equity": "514,606", "Capital Lease Obligations": "-", "Net Tangible Assets": "-161,331", "Working Capital": "344,684", "Invested Capital": "1,109,526", "Tangible Book Value": "-161,331", "Total Debt": "594,920", "Net Debt": "580,359", "Share Issued": "40,971", "Ordinary Shares Number": "40,971"}, "4/30/2016": {"Duration": "4/30/2016", "Total Assets": "1,251,861", "Total Liabilities Net Minority Interest": "940,701", "Total Equity Gross Minority Interest": "311,160", "Total Capitalization": "920,189", "Common Stock Equity": "311,160", "Capital Lease Obligations": "-", "Net Tangible Assets": "-296,936", "Working Capital": "262,115", "Invested Capital": "955,770", "Tangible Book Value": "-296,936", "Total Debt": "644,610", "Net Debt": "625,538", "Share Issued": "32,893", "Ordinary Shares Number": "32,893"}, "4/30/2015": {"Duration": "4/30/2015", "Total Assets": "1,154,576", "Total Liabilities Net Minority Interest": "857,104", "Total Equity Gross Minority Interest": "297,472", "Total Capitalization": "830,747", "Common Stock Equity": "297,472", "Capital Lease Obligations": "-", "Net Tangible Assets": "-260,701", "Working Capital": "220,196", "Invested Capital": "854,456", "Tangible Book Value": "-260,701", "Total Debt": "556,984", "Net Debt": "544,700", "Share Issued": "32,893", "Ordinary Shares Number": "32,893"}, "4/30/2014": {"Duration": "4/30/2014", "Total Assets": "1,122,351", "Total Liabilities Net Minority Interest": "822,917", "Total Equity Gross Minority Interest": "299,434", "Total Capitalization": "832,134", "Common Stock Equity": "299,434", "Capital Lease Obligations": "-", "Net Tangible Assets": "-234,921", "Working Capital": "247,469", "Invested Capital": "838,219", "Tangible Book Value": "-234,921", "Total Debt": "538,785", "Net Debt": "506,123", "Share Issued": "32,893", "Ordinary Shares Number": "32,893"}}, "cf": {"TTM": {"Duration": "TTM", "Operating Cash Flow": "236,208", "Investing Cash Flow": "-23,387", "Financing Cash Flow": "-104,615", "End Cash Position": "149,155", "Income Tax Paid Supplemental Data": "31,504", "Interest Paid Supplemental Data": "52,635", "Capital Expenditure": "-22,166", "Issuance of Capital Stock": "-", "Issuance of Debt": "135,004", "Repayment of Debt": "-234,924", "Repurchase of Capital Stock": "-2,000", "Free Cash Flow": "214,042"}, "4/30/2020": {"Duration": "4/30/2020", "Operating Cash Flow": "303,079", "Investing Cash Flow": "-47,100", "Financing Cash Flow": "-91,334", "End Cash Position": "210,909", "Income Tax Paid Supplemental Data": "29,761", "Interest Paid Supplemental Data": "63,745", "Capital Expenditure": "-25,193", "Issuance of Capital Stock": "-", "Issuance of Debt": "880,698", "Repayment of Debt": "-972,667", "Repurchase of Capital Stock": "0", "Free Cash Flow": "277,886"}, "4/30/2019": {"Duration": "4/30/2019", "Operating Cash Flow": "193,615", "Investing Cash Flow": "-600,692", "Financing Cash Flow": "418,970", "End Cash Position": "47,338", "Income Tax Paid Supplemental Data": "19,351", "Interest Paid Supplemental Data": "66,435", "Capital Expenditure": "-18,770", "Issuance of Capital Stock": "0", "Issuance of Debt": "1,977,988", "Repayment of Debt": "-1,538,458", "Repurchase of Capital Stock": "-16,520", "Free Cash Flow": "174,845"}, "4/30/2018": {"Duration": "4/30/2018", "Operating Cash Flow": "88,616", "Investing Cash Flow": "-49,209", "Financing Cash Flow": "-17,531", "End Cash Position": "36,437", "Income Tax Paid Supplemental Data": "38,954", "Interest Paid Supplemental Data": "28,613", "Capital Expenditure": "-23,741", "Issuance of Capital Stock": "0", "Issuance of Debt": "1,091,494", "Repayment of Debt": "-1,106,754", "Repurchase of Capital Stock": "0", "Free Cash Flow": "64,875"}, "4/30/2017": {"Duration": "4/30/2017", "Operating Cash Flow": "66,708", "Investing Cash Flow": "-157,516", "Financing Cash Flow": "86,297", "End Cash Position": "14,561", "Income Tax Paid Supplemental Data": "49,163", "Interest Paid Supplemental Data": "26,443", "Capital Expenditure": "-11,083", "Issuance of Capital Stock": "156,941", "Issuance of Debt": "1,494,590", "Repayment of Debt": "-1,562,942", "Repurchase of Capital Stock": "0", "Free Cash Flow": "55,625"}, "4/30/2016": {"Duration": "4/30/2016", "Operating Cash Flow": "47,747", "Investing Cash Flow": "-111,442", "Financing Cash Flow": "70,483", "End Cash Position": "19,072", "Income Tax Paid Supplemental Data": "26,067", "Interest Paid Supplemental Data": "34,557", "Capital Expenditure": "-7,692", "Issuance of Capital Stock": "-", "Issuance of Debt": "782,104", "Repayment of Debt": "-705,324", "Repurchase of Capital Stock": "-5,827", "Free Cash Flow": "40,055"}, "4/30/2015": {"Duration": "4/30/2015", "Operating Cash Flow": "48,023", "Investing Cash Flow": "-81,466", "Financing Cash Flow": "13,065", "End Cash Position": "12,284", "Income Tax Paid Supplemental Data": "16,111", "Interest Paid Supplemental Data": "31,720", "Capital Expenditure": "-13,940", "Issuance of Capital Stock": "-", "Issuance of Debt": "320,049", "Repayment of Debt": "-311,353", "Repurchase of Capital Stock": "-", "Free Cash Flow": "34,083"}, "4/30/2013": {"Duration": "4/30/2013", "Operating Cash Flow": "13,316", "Investing Cash Flow": "-14,421", "Financing Cash Flow": "5,375", "End Cash Position": "13,383", "Income Tax Paid Supplemental Data": "9,653", "Interest Paid Supplemental Data": "3,850", "Capital Expenditure": "-16,923", "Issuance of Capital Stock": "-", "Issuance of Debt": "357,588", "Repayment of Debt": "-352,275", "Repurchase of Capital Stock": "-", "Free Cash Flow": "-3,607"}}, "inside": {"Date": ["INSIDER NAME", "TITLE", "DATE", "TRANSATION", "SHARE", "PRICE", "AMOUNT"], "2021-05-03 18:17:01": ["TURNER JOHN C JR", "PRESIDENT AND CEO", "2021-05-01", "OPTION EXERCISE", "13,858", "0.00", "0"], "2021-04-15 19:05:01": ["COLISEUM CAPITAL MANAGEMENT, LLC", " 10% OWNER", "2021-04-13", "BUY", "121,210", "43.42", "5,262,877"], "2021-03-30 19:03:49": ["COLISEUM CAPITAL MANAGEMENT, LLC", " 10% OWNER", "2021-03-29", "BUY", "115,000", "40.18", "4,620,850"], "2021-03-12 16:04:06": ["GILLIAM THERON I", "DIRECTIOR", "2021-03-10", "SELL", "10,000", "41.51", "415,056"], "2021-03-05 18:13:07": ["COLISEUM CAPITAL MANAGEMENT, LLC", " 10% OWNER", "2021-03-03", "BUY", "163,600", "36.74", "6,010,968"], "2021-02-02 16:04:55": ["BACHMANN LISA M", "DIRECTIOR", "2021-01-29", "OPTION EXERCISE", "941", "0.00", "0"], "2020-12-03 16:56:31": ["APOLINSKY CRAIG D", "VP, GC AND CORPORATE SECRETARY", "2020-12-01", "OPTION EXERCISE", "400", "0.00", "0"], "2020-10-23 16:16:01": ["DEAKIN SCOTT M", "VP, CHIEF FINANCIAL OFFICER", "2020-10-21", "OPTION EXERCISE", "3,322", "0.00", "0"], "2020-08-04 17:40:59": ["SMITH J DAVID", "DIRECTIOR", "2020-08-01", "OPTION EXERCISE", "4,794", "0.00", "0"], "2020-08-04 17:34:46": ["MUELLER RICHARD K", "DIRECTIOR", "2020-08-01", "OPTION EXERCISE", "4,794", "0.00", "0"], "2020-08-04 17:24:55": ["LEWIS MITCHELL B", "DIRECTIOR", "2020-08-01", "OPTION EXERCISE", "4,794", "0.00", "0"], "2020-08-04 17:21:29": ["GILLIAM THERON I", "DIRECTIOR", "2020-08-01", "OPTION EXERCISE", "4,794", "0.00", "0"], "2020-08-04 17:13:37": ["GAVIN JOHN J", "DIRECTIOR", "2020-08-01", "OPTION EXERCISE", "4,794", "0.00", "0"], "2020-08-04 17:09:03": ["BROWNING PETER C", "DIRECTIOR", "2020-08-01", "OPTION EXERCISE", "4,794", "0.00", "0"], "2020-08-04 16:51:30": ["TURNER JOHN C JR", "PRESIDENT AND CEO", "2020-08-01", "OPTION EXERCISE", "11,416", "0.00", "0"], "2020-08-04 16:39:17": ["APOLINSKY CRAIG D", "VP, GC AND CORPORATE SECRETARY", "2020-08-01", "OPTION EXERCISE", "7,403", "0.00", "0"]}}}]