[{"VJET": {"quote": {"05/12/2021": {"value": "13.06", "Market Cap": "77.06M", "Beta (5Y Monthly)": "2.19", "PE Ratio (TTM)": "N/A", "EPS (TTM)": "-3.86", "Earnings Date": "May 14, 2021", "Forward Dividend & Yield": "N/A (N/A)", "Ex-Dividend Date": "N/A", "1y Target Est": "28.02"}}, "fin": {"TTM": {"Duration": "TTM", "Total Revenue": "21,567", "Cost of Revenue": "14,812", "Gross Profit": "6,755", "Operating Expense": "18,003", "Operating Income": "-11,248", "Net Non Operating Interest Income Expense": "-1,680", "Other Income Expense": "-2,641", "Pretax Income": "-15,569", "Tax Provision": "-88", "Net Income Common Stockholders": "-15,339", "Diluted NI Available to Com Stockholders": "-15,339", "Basic EPS": "-", "Diluted EPS": "-", "Basic Average Shares": "-", "Diluted Average Shares": "-", "Total Operating Income as Reported": "-13,164", "Total Expenses": "32,815", "Net Income from Continuing & Discontinued Operation": "-15,339", "Normalized Income": "-12,713", "Interest Income": "91", "Interest Expense": "1,771", "Net Interest Income": "-1,680", "EBIT": "-13,798", "EBITDA": "-10,356", "Reconciled Cost of Revenue": "14,812", "Reconciled Depreciation": "3,442", "Net Income from Continuing Operation Net Minority Interest": "-15,339", "Total Unusual Items Excluding Goodwill": "-2,641", "Total Unusual Items": "-2,641", "Normalized EBITDA": "-7,715", "Tax Rate for Calcs": "0", "Tax Effect of Unusual Items": "-14.9276"}, "12/31/2020": {"Duration": "12/31/2020", "Total Revenue": "21,567", "Cost of Revenue": "14,812", "Gross Profit": "6,755", "Operating Expense": "18,003", "Operating Income": "-11,248", "Net Non Operating Interest Income Expense": "-1,680", "Other Income Expense": "-2,641", "Pretax Income": "-15,569", "Tax Provision": "-88", "Net Income Common Stockholders": "-15,339", "Diluted NI Available to Com Stockholders": "-15,339", "Basic EPS": "-3.20", "Diluted EPS": "-3.20", "Basic Average Shares": "4,836", "Diluted Average Shares": "4,836", "Total Operating Income as Reported": "-13,164", "Total Expenses": "32,815", "Net Income from Continuing & Discontinued Operation": "-15,339", "Normalized Income": "-12,713", "Interest Income": "91", "Interest Expense": "1,771", "Net Interest Income": "-1,680", "EBIT": "-13,798", "EBITDA": "-", "Reconciled Cost of Revenue": "14,812", "Reconciled Depreciation": "3,442", "Net Income from Continuing Operation Net Minority Interest": "-15,339", "Total Unusual Items Excluding Goodwill": "-2,641", "Total Unusual Items": "-2,641", "Normalized EBITDA": "-7,715", "Tax Rate for Calcs": "0", "Tax Effect of Unusual Items": "-14.9276"}, "12/31/2019": {"Duration": "12/31/2019", "Total Revenue": "24,602", "Cost of Revenue": "17,426", "Gross Profit": "7,176", "Operating Expense": "20,801", "Operating Income": "-13,625", "Net Non Operating Interest Income Expense": "-1,099", "Other Income Expense": "502", "Pretax Income": "-14,222", "Tax Provision": "9", "Net Income Common Stockholders": "-13,967", "Diluted NI Available to Com Stockholders": "-13,967", "Basic EPS": "-2.94", "Diluted EPS": "-2.94", "Basic Average Shares": "4,836", "Diluted Average Shares": "4,836", "Total Operating Income as Reported": "-12,908", "Total Expenses": "38,227", "Net Income from Continuing & Discontinued Operation": "-13,967", "Normalized Income": "-14,318", "Interest Income": "144", "Interest Expense": "1,243", "Net Interest Income": "-1,099", "EBIT": "-12,979", "EBITDA": "-", "Reconciled Cost of Revenue": "17,426", "Reconciled Depreciation": "4,211", "Net Income from Continuing Operation Net Minority Interest": "-13,967", "Total Unusual Items Excluding Goodwill": "502", "Total Unusual Items": "502", "Normalized EBITDA": "-9,270", "Tax Rate for Calcs": "0", "Tax Effect of Unusual Items": "150.6"}, "12/31/2018": {"Duration": "12/31/2018", "Total Revenue": "26,009", "Cost of Revenue": "16,864", "Gross Profit": "9,145", "Operating Expense": "18,766", "Operating Income": "-9,621", "Net Non Operating Interest Income Expense": "-1,068", "Other Income Expense": "1,936", "Pretax Income": "-8,753", "Tax Provision": "11", "Net Income Common Stockholders": "-8,728", "Diluted NI Available to Com Stockholders": "-8,728", "Basic EPS": "-2.21", "Diluted EPS": "-2.21", "Basic Average Shares": "3,941", "Diluted Average Shares": "3,941", "Total Operating Income as Reported": "-9,562", "Total Expenses": "35,630", "Net Income from Continuing & Discontinued Operation": "-8,728", "Normalized Income": "-10,083", "Interest Income": "75", "Interest Expense": "1,143", "Net Interest Income": "-1,068", "EBIT": "-7,610", "EBITDA": "-", "Reconciled Cost of Revenue": "16,864", "Reconciled Depreciation": "3,506", "Net Income from Continuing Operation Net Minority Interest": "-8,728", "Total Unusual Items Excluding Goodwill": "1,936", "Total Unusual Items": "1,936", "Normalized EBITDA": "-6,040", "Tax Rate for Calcs": "0", "Tax Effect of Unusual Items": "580.8"}}, "bs": {"12/31/2020": {"Duration": "12/31/2020", "Total Assets": "53,227", "Total Liabilities Net Minority Interest": "33,586", "Total Equity Gross Minority Interest": "19,641", "Total Capitalization": "24,298", "Common Stock Equity": "19,796", "Capital Lease Obligations": "3,124", "Net Tangible Assets": "18,653", "Working Capital": "1,922", "Invested Capital": "42,948", "Tangible Book Value": "18,653", "Total Debt": "26,276", "Net Debt": "17,828", "Share Issued": "4,836", "Ordinary Shares Number": "4,836"}, "12/31/2019": {"Duration": "12/31/2019", "Total Assets": "62,305", "Total Liabilities Net Minority Interest": "28,974", "Total Equity Gross Minority Interest": "33,331", "Total Capitalization": "43,210", "Common Stock Equity": "33,344", "Capital Lease Obligations": "-", "Net Tangible Assets": "31,988", "Working Capital": "12,658", "Invested Capital": "54,500", "Tangible Book Value": "31,988", "Total Debt": "21,156", "Net Debt": "16,788", "Share Issued": "4,836", "Ordinary Shares Number": "4,836"}, "12/31/2018": {"Duration": "12/31/2018", "Total Assets": "69,352", "Total Liabilities Net Minority Interest": "22,877", "Total Equity Gross Minority Interest": "46,475", "Total Capitalization": "62,690", "Common Stock Equity": "46,440", "Capital Lease Obligations": "105", "Net Tangible Assets": "45,020", "Working Capital": "31,634", "Invested Capital": "63,506", "Tangible Book Value": "45,020", "Total Debt": "17,171", "Net Debt": "9,664", "Share Issued": "4,836", "Ordinary Shares Number": "4,836"}}, "cf": {"TTM": {"Duration": "TTM", "Operating Cash Flow": "-6,598", "Investing Cash Flow": "3,921", "Financing Cash Flow": "3,467", "End Cash Position": "5,324", "Income Tax Paid Supplemental Data": "-", "Interest Paid Supplemental Data": "320", "Capital Expenditure": "-139", "Issuance of Capital Stock": "-", "Issuance of Debt": "5,000", "Repayment of Debt": "-1,275", "Free Cash Flow": "-6,737"}, "12/31/2020": {"Duration": "12/31/2020", "Operating Cash Flow": "-6,598", "Investing Cash Flow": "3,921", "Financing Cash Flow": "3,467", "End Cash Position": "5,324", "Income Tax Paid Supplemental Data": "-", "Interest Paid Supplemental Data": "-", "Capital Expenditure": "-139", "Issuance of Capital Stock": "-", "Issuance of Debt": "5,000", "Repayment of Debt": "-1,275", "Free Cash Flow": "-6,737"}, "12/31/2019": {"Duration": "12/31/2019", "Operating Cash Flow": "-6,819", "Investing Cash Flow": "4,548", "Financing Cash Flow": "-837", "End Cash Position": "4,368", "Income Tax Paid Supplemental Data": "-", "Interest Paid Supplemental Data": "320", "Capital Expenditure": "-1,100", "Issuance of Capital Stock": "-", "Issuance of Debt": "529", "Repayment of Debt": "-1,366", "Free Cash Flow": "-7,919"}, "12/31/2018": {"Duration": "12/31/2018", "Operating Cash Flow": "-7,714", "Investing Cash Flow": "-2,027", "Financing Cash Flow": "9,544", "End Cash Position": "7,402", "Income Tax Paid Supplemental Data": "-", "Interest Paid Supplemental Data": "231", "Capital Expenditure": "-3,812", "Issuance of Capital Stock": "11,088", "Issuance of Debt": "1,639", "Repayment of Debt": "-3,183", "Free Cash Flow": "-11,526"}}}}, {"ALOT": {"quote": {"05/12/2021": {"value": "15.15", "Market Cap": "109.277M", "Beta (5Y Monthly)": "0.81", "PE Ratio (TTM)": "84.17", "EPS (TTM)": "0.18", "Earnings Date": "Jun 09, 2021 - Jun 14, 2021", "Forward Dividend & Yield": "N/A (N/A)", "Ex-Dividend Date": "Mar 25, 2020", "1y Target Est": "N/A"}}, "fin": {"TTM": {"Duration": "TTM", "Total Revenue": "116,033", "Cost of Revenue": "74,673", "Gross Profit": "41,360", "Operating Expense": "38,927", "Operating Income": "2,433", "Net Non Operating Interest Income Expense": "-955", "Other Income Expense": "701", "Pretax Income": "2,179", "Tax Provision": "895", "Net Income Common Stockholders": "1,284", "Diluted NI Available to Com Stockholders": "1,284", "Basic EPS": "-", "Diluted EPS": "-", "Basic Average Shares": "-", "Diluted Average Shares": "-", "Total Operating Income as Reported": "2,433", "Total Expenses": "113,600", "Net Income from Continuing & Discontinued Operation": "1,284", "Normalized Income": "930", "Interest Expense": "-", "Net Interest Income": "-955", "EBIT": "2,433", "EBITDA": "8,416", "Reconciled Cost of Revenue": "74,673", "Reconciled Depreciation": "5,983", "Net Income from Continuing Operation Net Minority Interest": "1,284", "Total Unusual Items Excluding Goodwill": "590", "Total Unusual Items": "590", "Normalized EBITDA": "7,826", "Tax Rate for Calcs": "0", "Tax Effect of Unusual Items": "236"}, "1/31/2021": {"Duration": "1/31/2021", "Total Revenue": "116,033", "Cost of Revenue": "74,673", "Gross Profit": "41,360", "Operating Expense": "38,927", "Operating Income": "2,433", "Net Non Operating Interest Income Expense": "-955", "Other Income Expense": "701", "Pretax Income": "2,179", "Tax Provision": "895", "Net Income Common Stockholders": "1,284", "Diluted NI Available to Com Stockholders": "1,284", "Basic EPS": "0.18", "Diluted EPS": "0.18", "Basic Average Shares": "7,104", "Diluted Average Shares": "7,166", "Total Operating Income as Reported": "2,433", "Total Expenses": "113,600", "Net Income from Continuing & Discontinued Operation": "1,284", "Normalized Income": "930", "Interest Expense": "-", "Net Interest Income": "-955", "EBIT": "2,433", "EBITDA": "-", "Reconciled Cost of Revenue": "74,673", "Reconciled Depreciation": "5,983", "Net Income from Continuing Operation Net Minority Interest": "1,284", "Total Unusual Items Excluding Goodwill": "590", "Total Unusual Items": "590", "Normalized EBITDA": "7,826", "Tax Rate for Calcs": "0", "Tax Effect of Unusual Items": "236"}, "1/31/2020": {"Duration": "1/31/2020", "Total Revenue": "133,446", "Cost of Revenue": "84,688", "Gross Profit": "48,758", "Operating Expense": "46,325", "Operating Income": "2,433", "Net Non Operating Interest Income Expense": "-826", "Other Income Expense": "-237", "Pretax Income": "1,370", "Tax Provision": "-389", "Net Income Common Stockholders": "1,759", "Diluted NI Available to Com Stockholders": "1,759", "Basic EPS": "0.25", "Diluted EPS": "0.24", "Basic Average Shares": "7,024", "Diluted Average Shares": "7,238", "Total Operating Income as Reported": "2,433", "Total Expenses": "131,013", "Net Income from Continuing & Discontinued Operation": "1,759", "Normalized Income": "1,655", "Interest Expense": "826", "Net Interest Income": "-826", "EBIT": "2,196", "EBITDA": "-", "Reconciled Cost of Revenue": "84,688", "Reconciled Depreciation": "6,284", "Net Income from Continuing Operation Net Minority Interest": "1,759", "Total Unusual Items Excluding Goodwill": "143", "Total Unusual Items": "143", "Normalized EBITDA": "8,337", "Tax Rate for Calcs": "0", "Tax Effect of Unusual Items": "38.61"}, "1/31/2019": {"Duration": "1/31/2019", "Total Revenue": "136,657", "Cost of Revenue": "82,658", "Gross Profit": "53,999", "Operating Expense": "45,279", "Operating Income": "8,720", "Net Non Operating Interest Income Expense": "-876", "Other Income Expense": "-536", "Pretax Income": "7,308", "Tax Provision": "1,578", "Net Income Common Stockholders": "5,730", "Diluted NI Available to Com Stockholders": "5,730", "Basic EPS": "0.83", "Diluted EPS": "0.81", "Basic Average Shares": "6,881", "Diluted Average Shares": "7,084", "Total Operating Income as Reported": "8,720", "Total Expenses": "127,937", "Net Income from Continuing & Discontinued Operation": "5,730", "Normalized Income": "5,616", "Interest Expense": "876", "Net Interest Income": "-876", "EBIT": "8,184", "EBITDA": "-", "Reconciled Cost of Revenue": "82,658", "Reconciled Depreciation": "6,152", "Net Income from Continuing Operation Net Minority Interest": "5,730", "Total Unusual Items Excluding Goodwill": "145", "Total Unusual Items": "145", "Normalized EBITDA": "14,191", "Tax Rate for Calcs": "0", "Tax Effect of Unusual Items": "31.32"}}, "bs": {"1/31/2021": {"Duration": "1/31/2021", "Total Assets": "115,473", "Total Liabilities Net Minority Interest": "40,790", "Total Equity Gross Minority Interest": "74,683", "Total Capitalization": "86,214", "Common Stock Equity": "74,683", "Capital Lease Obligations": "1,437", "Net Tangible Assets": "40,375", "Working Capital": "39,753", "Invested Capital": "91,540", "Tangible Book Value": "40,375", "Total Debt": "18,294", "Net Debt": "5,418", "Share Issued": "10,425", "Ordinary Shares Number": "7,128", "Treasury Shares Number": "3,297"}, "1/31/2020": {"Duration": "1/31/2020", "Total Assets": "116,664", "Total Liabilities Net Minority Interest": "45,289", "Total Equity Gross Minority Interest": "71,375", "Total Capitalization": "79,090", "Common Stock Equity": "71,375", "Capital Lease Obligations": "1,695", "Net Tangible Assets": "33,958", "Working Capital": "33,384", "Invested Capital": "90,798", "Tangible Book Value": "33,958", "Total Debt": "21,118", "Net Debt": "15,174", "Share Issued": "10,344", "Ordinary Shares Number": "7,062", "Treasury Shares Number": "3,282"}, "1/31/2019": {"Duration": "1/31/2019", "Total Assets": "118,983", "Total Liabilities Net Minority Interest": "49,208", "Total Equity Gross Minority Interest": "69,775", "Total Capitalization": "82,645", "Common Stock Equity": "69,775", "Capital Lease Obligations": "-", "Net Tangible Assets": "27,772", "Working Capital": "37,943", "Invested Capital": "89,353", "Tangible Book Value": "27,772", "Total Debt": "19,578", "Net Debt": "12,044", "Share Issued": "10,219", "Ordinary Shares Number": "6,957", "Treasury Shares Number": "3,262"}}, "cf": {"TTM": {"Duration": "TTM", "Operating Cash Flow": "15,544", "Investing Cash Flow": "-2,587", "Financing Cash Flow": "-5,140", "End Cash Position": "11,439", "Income Tax Paid Supplemental Data": "446", "Interest Paid Supplemental Data": "677", "Capital Expenditure": "-2,587", "Issuance of Debt": "19,654", "Repayment of Debt": "-22,190", "Repurchase of Capital Stock": "-", "Free Cash Flow": "12,957"}, "1/31/2021": {"Duration": "1/31/2021", "Operating Cash Flow": "15,544", "Investing Cash Flow": "-2,587", "Financing Cash Flow": "-5,140", "End Cash Position": "11,439", "Income Tax Paid Supplemental Data": "446", "Interest Paid Supplemental Data": "677", "Capital Expenditure": "-2,587", "Issuance of Debt": "19,654", "Repayment of Debt": "-22,190", "Repurchase of Capital Stock": "-", "Free Cash Flow": "12,957"}, "1/31/2020": {"Duration": "1/31/2020", "Operating Cash Flow": "3,224", "Investing Cash Flow": "-2,906", "Financing Cash Flow": "-3,742", "End Cash Position": "4,249", "Income Tax Paid Supplemental Data": "2,913", "Interest Paid Supplemental Data": "531", "Capital Expenditure": "-2,906", "Issuance of Debt": "5,000", "Repayment of Debt": "-5,208", "Repurchase of Capital Stock": "-", "Free Cash Flow": "318"}, "1/31/2019": {"Duration": "1/31/2019", "Operating Cash Flow": "3,380", "Investing Cash Flow": "-1,534", "Financing Cash Flow": "-4,118", "End Cash Position": "7,534", "Income Tax Paid Supplemental Data": "3,472", "Interest Paid Supplemental Data": "636", "Capital Expenditure": "-2,645", "Issuance of Debt": "3,000", "Repayment of Debt": "-6,262", "Repurchase of Capital Stock": "0", "Free Cash Flow": "735"}}}}, {"DDD": {"quote": {"05/12/2021": {"value": "24.03", "Market Cap": "3.001B", "Beta (5Y Monthly)": "1.17", "PE Ratio (TTM)": "N/A", "EPS (TTM)": "-0.72", "Earnings Date": "Aug 03, 2021 - Aug 09, 2021", "Forward Dividend & Yield": "N/A (N/A)", "Ex-Dividend Date": "N/A", "1y Target Est": "24.83"}}, "fin": {"TTM": {"Duration": "TTM", "Total Revenue": "557,240", "Cost of Revenue": "333,865", "Gross Profit": "223,375", "Operating Expense": "294,038", "Operating Income": "-70,663", "Net Non Operating Interest Income Expense": "-3,991", "Other Income Expense": "-68,756", "Pretax Income": "-143,410", "Tax Provision": "6,184", "Net Income Common Stockholders": "-149,594", "Diluted NI Available to Com Stockholders": "-149,594", "Basic EPS": "-", "Diluted EPS": "-", "Basic Average Shares": "-", "Diluted Average Shares": "-", "Total Operating Income as Reported": "-118,963", "Total Expenses": "627,903", "Net Income from Continuing & Discontinued Operation": "-149,594", "Normalized Income": "-110,859", "Interest Income": "-", "Interest Expense": "3,991", "Net Interest Income": "-3,991", "EBIT": "-139,419", "EBITDA": "-94,824", "Reconciled Cost of Revenue": "333,865", "Reconciled Depreciation": "44,595", "Net Income from Continuing Operation Net Minority Interest": "-149,594", "Total Unusual Items Excluding Goodwill": "-53,062", "Total Unusual Items": "-53,062", "Normalized EBITDA": "-41,762", "Tax Rate for Calcs": "0", "Tax Effect of Unusual Items": "-14,327"}, "12/31/2020": {"Duration": "12/31/2020", "Total Revenue": "557,240", "Cost of Revenue": "333,865", "Gross Profit": "223,375", "Operating Expense": "294,038", "Operating Income": "-70,663", "Net Non Operating Interest Income Expense": "-3,991", "Other Income Expense": "-68,756", "Pretax Income": "-143,410", "Tax Provision": "6,184", "Net Income Common Stockholders": "-149,594", "Diluted NI Available to Com Stockholders": "-149,594", "Basic EPS": "-1.27", "Diluted EPS": "-1.27", "Basic Average Shares": "117,579", "Diluted Average Shares": "117,579", "Total Operating Income as Reported": "-118,963", "Total Expenses": "627,903", "Net Income from Continuing & Discontinued Operation": "-149,594", "Normalized Income": "-110,859", "Interest Income": "-", "Interest Expense": "3,991", "Net Interest Income": "-3,991", "EBIT": "-139,419", "EBITDA": "-", "Reconciled Cost of Revenue": "333,865", "Reconciled Depreciation": "44,595", "Net Income from Continuing Operation Net Minority Interest": "-149,594", "Total Unusual Items Excluding Goodwill": "-53,062", "Total Unusual Items": "-53,062", "Normalized EBITDA": "-41,762", "Tax Rate for Calcs": "0", "Tax Effect of Unusual Items": "-14,327"}, "12/31/2019": {"Duration": "12/31/2019", "Total Revenue": "629,094", "Cost of Revenue": "351,053", "Gross Profit": "278,041", "Operating Expense": "335,145", "Operating Income": "-57,104", "Net Non Operating Interest Income Expense": "-3,233", "Other Income Expense": "-4,763", "Pretax Income": "-65,100", "Tax Provision": "4,532", "Net Income Common Stockholders": "-69,880", "Diluted NI Available to Com Stockholders": "-69,880", "Basic EPS": "-0.61", "Diluted EPS": "-0.61", "Basic Average Shares": "113,811", "Diluted Average Shares": "113,811", "Total Operating Income as Reported": "-57,104", "Total Expenses": "686,198", "Net Income from Continuing & Discontinued Operation": "-69,880", "Normalized Income": "-68,210", "Interest Income": "-", "Interest Expense": "3,233", "Net Interest Income": "-3,233", "EBIT": "-61,867", "EBITDA": "-", "Reconciled Cost of Revenue": "351,053", "Reconciled Depreciation": "50,396", "Net Income from Continuing Operation Net Minority Interest": "-69,880", "Total Unusual Items Excluding Goodwill": "-2,287", "Total Unusual Items": "-2,287", "Normalized EBITDA": "-9,184", "Tax Rate for Calcs": "0", "Tax Effect of Unusual Items": "-617.49"}, "12/31/2018": {"Duration": "12/31/2018", "Total Revenue": "687,660", "Cost of Revenue": "363,266", "Gross Profit": "324,394", "Operating Expense": "367,585", "Operating Income": "-43,191", "Net Non Operating Interest Income Expense": "-399", "Other Income Expense": "362", "Pretax Income": "-43,228", "Tax Provision": "2,035", "Net Income Common Stockholders": "-45,505", "Diluted NI Available to Com Stockholders": "-45,505", "Basic EPS": "-0.41", "Diluted EPS": "-0.41", "Basic Average Shares": "112,327", "Diluted Average Shares": "112,327", "Total Operating Income as Reported": "-43,191", "Total Expenses": "730,851", "Net Income from Continuing & Discontinued Operation": "-45,505", "Normalized Income": "-47,703", "Interest Income": "-", "Interest Expense": "399", "Net Interest Income": "-399", "EBIT": "-42,829", "EBITDA": "-", "Reconciled Cost of Revenue": "363,266", "Reconciled Depreciation": "59,293", "Net Income from Continuing Operation Net Minority Interest": "-45,505", "Total Unusual Items Excluding Goodwill": "3,011", "Total Unusual Items": "3,011", "Normalized EBITDA": "13,453", "Tax Rate for Calcs": "0", "Tax Effect of Unusual Items": "812.97"}}, "bs": {"12/31/2020": {"Duration": "12/31/2020", "Total Assets": "733,055", "Total Liabilities Net Minority Interest": "302,332", "Total Equity Gross Minority Interest": "430,723", "Total Capitalization": "449,941", "Common Stock Equity": "430,723", "Capital Lease Obligations": "58,003", "Net Tangible Assets": "240,875", "Working Capital": "181,785", "Invested Capital": "451,992", "Tangible Book Value": "240,875", "Total Debt": "79,272", "Share Issued": "127,626", "Ordinary Shares Number": "124,132", "Treasury Shares Number": "3,494"}, "12/31/2019": {"Duration": "12/31/2019", "Total Assets": "807,312", "Total Liabilities Net Minority Interest": "293,416", "Total Equity Gross Minority Interest": "513,896", "Total Capitalization": "567,374", "Common Stock Equity": "522,159", "Capital Lease Obligations": "44,971", "Net Tangible Assets": "250,645", "Working Capital": "210,206", "Invested Capital": "569,880", "Tangible Book Value": "250,645", "Total Debt": "92,692", "Share Issued": "121,266", "Ordinary Shares Number": "117,596", "Treasury Shares Number": "3,670"}, "12/31/2018": {"Duration": "12/31/2018", "Total Assets": "825,832", "Total Liabilities Net Minority Interest": "249,845", "Total Equity Gross Minority Interest": "575,987", "Total Capitalization": "603,369", "Common Stock Equity": "578,369", "Capital Lease Obligations": "7,046", "Net Tangible Assets": "288,760", "Working Capital": "233,414", "Invested Capital": "603,369", "Tangible Book Value": "288,760", "Total Debt": "32,046", "Share Issued": "118,650", "Ordinary Shares Number": "115,704", "Treasury Shares Number": "2,946"}}, "cf": {"TTM": {"Duration": "TTM", "Operating Cash Flow": "-20,121", "Investing Cash Flow": "-24,233", "Financing Cash Flow": "-6,980", "End Cash Position": "84,711", "Income Tax Paid Supplemental Data": "3,709", "Interest Paid Supplemental Data": "2,109", "Capital Expenditure": "-13,643", "Issuance of Capital Stock": "24,702", "Issuance of Debt": "20,000", "Repayment of Debt": "-46,840", "Free Cash Flow": "-33,764"}, "12/31/2020": {"Duration": "12/31/2020", "Operating Cash Flow": "-20,121", "Investing Cash Flow": "-24,233", "Financing Cash Flow": "-6,980", "End Cash Position": "84,711", "Income Tax Paid Supplemental Data": "3,709", "Interest Paid Supplemental Data": "2,109", "Capital Expenditure": "-13,643", "Issuance of Capital Stock": "24,702", "Issuance of Debt": "20,000", "Repayment of Debt": "-46,840", "Free Cash Flow": "-33,764"}, "12/31/2019": {"Duration": "12/31/2019", "Operating Cash Flow": "31,581", "Investing Cash Flow": "-26,872", "Financing Cash Flow": "18,700", "End Cash Position": "134,617", "Income Tax Paid Supplemental Data": "10,722", "Interest Paid Supplemental Data": "3,715", "Capital Expenditure": "-23,985", "Issuance of Capital Stock": "-", "Issuance of Debt": "100,000", "Repayment of Debt": "-76,768", "Free Cash Flow": "7,596"}, "12/31/2018": {"Duration": "12/31/2018", "Operating Cash Flow": "4,796", "Investing Cash Flow": "-41,827", "Financing Cash Flow": "14,264", "End Cash Position": "110,919", "Income Tax Paid Supplemental Data": "8,964", "Interest Paid Supplemental Data": "542", "Capital Expenditure": "-41,664", "Issuance of Capital Stock": "-", "Issuance of Debt": "25,000", "Repayment of Debt": "-694", "Free Cash Flow": "-36,868"}}}}, {"QUMU": {"quote": {"04/25/2021": {"value": "5.85", "Market Cap": "101.144M", "Beta (5Y Monthly)": "1.60", "PE Ratio (TTM)": "N/A", "EPS (TTM)": "-0.70", "Earnings Date": "Apr 29, 2021", "Forward Dividend & Yield": "N/A (N/A)", "Ex-Dividend Date": "Aug 29, 2012", "1y Target Est": "11.50"}}, "fin": {"TTM": {"Duration": "TTM", "Total Revenue": "29,072", "Cost of Revenue": "8,353", "Gross Profit": "20,719", "Operating Expense": "26,400", "Operating Income": "-5,681", "Net Non Operating Interest Income Expense": "-73", "Other Income Expense": "-3,752", "Pretax Income": "-9,506", "Tax Provision": "-306", "Net Income Common Stockholders": "-9,200", "Average Dilution Earnings": "-294", "Diluted NI Available to Com Stockholders": "-9,494", "Basic EPS": "-", "Diluted EPS": "-", "Basic Average Shares": "-", "Diluted Average Shares": "-", "Total Operating Income as Reported": "-7,304", "Total Expenses": "34,753", "Net Income from Continuing & Discontinued Operation": "-9,200", "Normalized Income": "-5,962", "Interest Expense": "73", "Net Interest Income": "-73", "EBIT": "-9,433", "EBITDA": "-7,915", "Reconciled Cost of Revenue": "7,748", "Reconciled Depreciation": "1,518", "Net Income from Continuing Operation Net Minority Interest": "-9,200", "Total Unusual Items Excluding Goodwill": "-3,346", "Total Unusual Items": "-3,346", "Normalized EBITDA": "-4,569", "Tax Rate for Calcs": "0", "Tax Effect of Unusual Items": "-107.7084"}, "12/31/2020": {"Duration": "12/31/2020", "Total Revenue": "29,072", "Cost of Revenue": "8,353", "Gross Profit": "20,719", "Operating Expense": "26,400", "Operating Income": "-5,681", "Net Non Operating Interest Income Expense": "-73", "Other Income Expense": "-3,752", "Pretax Income": "-9,506", "Tax Provision": "-306", "Net Income Common Stockholders": "-9,200", "Average Dilution Earnings": "-294", "Diluted NI Available to Com Stockholders": "-9,494", "Basic EPS": "-0.68", "Diluted EPS": "-0.70", "Basic Average Shares": "13,612", "Diluted Average Shares": "13,627", "Total Operating Income as Reported": "-7,304", "Total Expenses": "34,753", "Net Income from Continuing & Discontinued Operation": "-9,200", "Normalized Income": "-5,962", "Interest Expense": "73", "Net Interest Income": "-73", "EBIT": "-9,433", "EBITDA": "-", "Reconciled Cost of Revenue": "7,748", "Reconciled Depreciation": "1,518", "Net Income from Continuing Operation Net Minority Interest": "-9,200", "Total Unusual Items Excluding Goodwill": "-3,346", "Total Unusual Items": "-3,346", "Normalized EBITDA": "-4,569", "Tax Rate for Calcs": "0", "Tax Effect of Unusual Items": "-107.7084"}, "12/31/2019": {"Duration": "12/31/2019", "Total Revenue": "25,362", "Cost of Revenue": "7,059", "Gross Profit": "18,303", "Operating Expense": "23,613", "Operating Income": "-5,310", "Net Non Operating Interest Income Expense": "-754", "Other Income Expense": "-573", "Pretax Income": "-6,637", "Tax Provision": "-194", "Net Income Common Stockholders": "-6,443", "Average Dilution Earnings": "-105", "Diluted NI Available to Com Stockholders": "-6,548", "Basic EPS": "-0.62", "Diluted EPS": "-0.63", "Basic Average Shares": "10,395", "Diluted Average Shares": "10,414", "Total Operating Income as Reported": "-5,310", "Total Expenses": "30,672", "Net Income from Continuing & Discontinued Operation": "-6,443", "Normalized Income": "-6,008", "Interest Expense": "-", "Net Interest Income": "-754", "EBIT": "-5,310", "EBITDA": "-", "Reconciled Cost of Revenue": "6,591", "Reconciled Depreciation": "1,526", "Net Income from Continuing Operation Net Minority Interest": "-6,443", "Total Unusual Items Excluding Goodwill": "-448", "Total Unusual Items": "-448", "Normalized EBITDA": "-3,336", "Tax Rate for Calcs": "0", "Tax Effect of Unusual Items": "-13.0951"}, "12/31/2018": {"Duration": "12/31/2018", "Total Revenue": "25,013", "Cost of Revenue": "8,493", "Gross Profit": "16,520", "Operating Expense": "23,433", "Operating Income": "-6,913", "Net Non Operating Interest Income Expense": "-1,809", "Other Income Expense": "5,403", "Pretax Income": "-3,319", "Tax Provision": "298", "Net Income Common Stockholders": "-3,617", "Average Dilution Earnings": "-161", "Diluted NI Available to Com Stockholders": "-3,778", "Basic EPS": "-0.38", "Diluted EPS": "-0.39", "Basic Average Shares": "9,499", "Diluted Average Shares": "9,606", "Total Operating Income as Reported": "-6,913", "Total Expenses": "31,926", "Net Income from Continuing & Discontinued Operation": "-3,617", "Normalized Income": "-7,837", "Interest Expense": "1,809", "Net Interest Income": "-1,809", "EBIT": "-6,913", "EBITDA": "-", "Reconciled Cost of Revenue": "7,422", "Reconciled Depreciation": "2,366", "Net Income from Continuing Operation Net Minority Interest": "-3,617", "Total Unusual Items Excluding Goodwill": "5,781", "Total Unusual Items": "5,781", "Normalized EBITDA": "-10,328", "Tax Rate for Calcs": "0", "Tax Effect of Unusual Items": "1,561"}}, "bs": {"12/31/2020": {"Duration": "12/31/2020", "Total Assets": "31,426", "Total Liabilities Net Minority Interest": "28,541", "Total Equity Gross Minority Interest": "2,885", "Total Capitalization": "2,885", "Common Stock Equity": "2,885", "Capital Lease Obligations": "1,770", "Net Tangible Assets": "-6,713", "Working Capital": "-2,918", "Invested Capital": "4,685", "Tangible Book Value": "-6,713", "Total Debt": "3,570", "Share Issued": "13,781", "Ordinary Shares Number": "13,781"}, "12/31/2019": {"Duration": "12/31/2019", "Total Assets": "31,716", "Total Liabilities Net Minority Interest": "21,508", "Total Equity Gross Minority Interest": "10,208", "Total Capitalization": "10,208", "Common Stock Equity": "10,208", "Capital Lease Obligations": "2,414", "Net Tangible Assets": "-70", "Working Capital": "829", "Invested Capital": "10,208", "Tangible Book Value": "-70", "Total Debt": "2,414", "Share Issued": "13,553", "Ordinary Shares Number": "13,553"}, "12/31/2018": {"Duration": "12/31/2018", "Total Assets": "30,280", "Total Liabilities Net Minority Interest": "23,275", "Total Equity Gross Minority Interest": "7,005", "Total Capitalization": "10,436", "Common Stock Equity": "7,005", "Capital Lease Obligations": "209", "Net Tangible Assets": "-4,213", "Working Capital": "865", "Invested Capital": "10,436", "Tangible Book Value": "-4,213", "Total Debt": "3,640", "Share Issued": "9,624", "Ordinary Shares Number": "9,624"}}, "cf": {"TTM": {"Duration": "TTM", "Operating Cash Flow": "1,570", "Investing Cash Flow": "-128", "Financing Cash Flow": "-120", "End Cash Position": "11,878", "Income Tax Paid Supplemental Data": "-", "Interest Paid Supplemental Data": "14", "Capital Expenditure": "-128", "Issuance of Capital Stock": "0", "Issuance of Debt": "0", "Repayment of Debt": "-372", "Repurchase of Capital Stock": "-188", "Free Cash Flow": "1,442"}, "12/31/2020": {"Duration": "12/31/2020", "Operating Cash Flow": "1,570", "Investing Cash Flow": "-128", "Financing Cash Flow": "-120", "End Cash Position": "11,878", "Income Tax Paid Supplemental Data": "-", "Interest Paid Supplemental Data": "14", "Capital Expenditure": "-128", "Issuance of Capital Stock": "0", "Issuance of Debt": "0", "Repayment of Debt": "-372", "Repurchase of Capital Stock": "-188", "Free Cash Flow": "1,442"}, "12/31/2019": {"Duration": "12/31/2019", "Operating Cash Flow": "-1,538", "Investing Cash Flow": "-127", "Financing Cash Flow": "3,602", "End Cash Position": "10,639", "Income Tax Paid Supplemental Data": "-", "Interest Paid Supplemental Data": "546", "Capital Expenditure": "-168", "Issuance of Capital Stock": "8,201", "Issuance of Debt": "0", "Repayment of Debt": "-4,320", "Repurchase of Capital Stock": "-75", "Free Cash Flow": "-1,706"}, "12/31/2018": {"Duration": "12/31/2018", "Operating Cash Flow": "-2,843", "Investing Cash Flow": "9,651", "Financing Cash Flow": "-5,743", "End Cash Position": "8,636", "Income Tax Paid Supplemental Data": "52", "Interest Paid Supplemental Data": "505", "Capital Expenditure": "-127", "Issuance of Capital Stock": "-", "Issuance of Debt": "10,000", "Repayment of Debt": "-14,402", "Repurchase of Capital Stock": "-33", "Free Cash Flow": "-2,970"}}}}, {"KTCC": {"quote": {"04/25/2021": {"value": "7.78", "Market Cap": "79.084M", "Beta (5Y Monthly)": "1.77", "PE Ratio (TTM)": "14.93", "EPS (TTM)": "0.52", "Earnings Date": "Jan 26, 2021", "Forward Dividend & Yield": "N/A (N/A)", "Ex-Dividend Date": "N/A", "1y Target Est": "N/A"}}, "fin": {"TTM": {"Duration": "TTM", "Total Revenue": "478,942", "Cost of Revenue": "440,451", "Gross Profit": "38,491", "Operating Expense": "30,184", "Operating Income": "8,307", "Net Non Operating Interest Income Expense": "-2,804", "Other Income Expense": "-", "Pretax Income": "5,503", "Tax Provision": "-178", "Net Income Common Stockholders": "5,681", "Diluted NI Available to Com Stockholders": "5,681", "Basic EPS": "-", "Diluted EPS": "-", "Basic Average Shares": "-", "Diluted Average Shares": "-", "Total Operating Income as Reported": "8,307", "Total Expenses": "470,635", "Net Income from Continuing & Discontinued Operation": "5,681", "Normalized Income": "5,681", "Interest Expense": "2,804", "Net Interest Income": "-2,804", "EBIT": "8,307", "EBITDA": "8,307", "Reconciled Cost of Revenue": "440,451", "Reconciled Depreciation": "-", "Net Income from Continuing Operation Net Minority Interest": "5,681", "Total Unusual Items Excluding Goodwill": "-", "Total Unusual Items": "-", "Normalized EBITDA": "8,307", "Tax Rate for Calcs": "0", "Tax Effect of Unusual Items": "0"}, "6/30/2020": {"Duration": "6/30/2020", "Total Revenue": "449,480", "Cost of Revenue": "414,231", "Gross Profit": "35,249", "Operating Expense": "28,421", "Operating Income": "6,828", "Net Non Operating Interest Income Expense": "-2,509", "Other Income Expense": "-", "Pretax Income": "4,319", "Tax Provision": "-439", "Net Income Common Stockholders": "4,758", "Diluted NI Available to Com Stockholders": "4,758", "Basic EPS": "0.44", "Diluted EPS": "0.44", "Basic Average Shares": "10,760", "Diluted Average Shares": "10,816", "Total Operating Income as Reported": "6,828", "Total Expenses": "442,652", "Net Income from Continuing & Discontinued Operation": "4,758", "Normalized Income": "4,758", "Interest Expense": "2,509", "Net Interest Income": "-2,509", "EBIT": "6,828", "EBITDA": "-", "Reconciled Cost of Revenue": "414,231", "Reconciled Depreciation": "5,591", "Net Income from Continuing Operation Net Minority Interest": "4,758", "Total Unusual Items Excluding Goodwill": "0", "Total Unusual Items": "0", "Normalized EBITDA": "12,419", "Tax Rate for Calcs": "0", "Tax Effect of Unusual Items": "0"}, "6/30/2019": {"Duration": "6/30/2019", "Total Revenue": "464,044", "Cost of Revenue": "429,443", "Gross Profit": "34,601", "Operating Expense": "28,111", "Operating Income": "6,490", "Net Non Operating Interest Income Expense": "-2,782", "Other Income Expense": "-12,448", "Pretax Income": "-8,740", "Tax Provision": "-758", "Net Income Common Stockholders": "-7,982", "Diluted NI Available to Com Stockholders": "-7,982", "Basic EPS": "-0.74", "Diluted EPS": "-0.74", "Basic Average Shares": "10,760", "Diluted Average Shares": "10,760", "Total Operating Income as Reported": "-5,958", "Total Expenses": "457,554", "Net Income from Continuing & Discontinued Operation": "-7,982", "Normalized Income": "3,383", "Interest Expense": "2,782", "Net Interest Income": "-2,782", "EBIT": "-5,958", "EBITDA": "-", "Reconciled Cost of Revenue": "429,443", "Reconciled Depreciation": "7,298", "Net Income from Continuing Operation Net Minority Interest": "-7,982", "Total Unusual Items Excluding Goodwill": "-12,448", "Total Unusual Items": "-12,448", "Normalized EBITDA": "13,788", "Tax Rate for Calcs": "0", "Tax Effect of Unusual Items": "-1,083"}, "6/30/2018": {"Duration": "6/30/2018", "Total Revenue": "446,322", "Cost of Revenue": "412,153", "Gross Profit": "34,169", "Operating Expense": "28,520", "Operating Income": "5,649", "Net Non Operating Interest Income Expense": "-2,556", "Other Income Expense": "-4,535", "Pretax Income": "-1,442", "Tax Provision": "-117", "Net Income Common Stockholders": "-1,325", "Diluted NI Available to Com Stockholders": "-1,325", "Basic EPS": "0.20", "Diluted EPS": "0.19", "Basic Average Shares": "10,760", "Diluted Average Shares": "10,858", "Total Operating Income as Reported": "1,114", "Total Expenses": "440,673", "Net Income from Continuing & Discontinued Operation": "-1,325", "Normalized Income": "2,843", "Interest Expense": "2,556", "Net Interest Income": "-2,556", "EBIT": "1,114", "EBITDA": "-", "Reconciled Cost of Revenue": "412,153", "Reconciled Depreciation": "7,774", "Net Income from Continuing Operation Net Minority Interest": "-1,325", "Total Unusual Items Excluding Goodwill": "-4,535", "Total Unusual Items": "-4,535", "Normalized EBITDA": "13,423", "Tax Rate for Calcs": "0", "Tax Effect of Unusual Items": "-367.335"}}, "bs": {"6/30/2020": {"Duration": "6/30/2020", "Total Assets": "304,861", "Total Liabilities Net Minority Interest": "189,304", "Total Equity Gross Minority Interest": "115,557", "Total Capitalization": "178,909", "Common Stock Equity": "115,557", "Capital Lease Obligations": "12,624", "Net Tangible Assets": "115,557", "Working Capital": "130,545", "Invested Capital": "186,417", "Tangible Book Value": "115,557", "Total Debt": "83,484", "Net Debt": "70,307", "Share Issued": "10,760", "Ordinary Shares Number": "10,760"}, "6/30/2019": {"Duration": "6/30/2019", "Total Assets": "238,310", "Total Liabilities Net Minority Interest": "123,851", "Total Equity Gross Minority Interest": "114,459", "Total Capitalization": "144,906", "Common Stock Equity": "114,459", "Capital Lease Obligations": "-", "Net Tangible Assets": "113,802", "Working Capital": "104,695", "Invested Capital": "150,747", "Tangible Book Value": "113,802", "Total Debt": "36,288", "Net Debt": "35,687", "Share Issued": "10,760", "Ordinary Shares Number": "10,760"}, "6/30/2018": {"Duration": "6/30/2018", "Total Assets": "246,528", "Total Liabilities Net Minority Interest": "128,447", "Total Equity Gross Minority Interest": "118,081", "Total Capitalization": "147,235", "Common Stock Equity": "118,081", "Capital Lease Obligations": "-", "Net Tangible Assets": "104,398", "Working Capital": "95,607", "Invested Capital": "153,076", "Tangible Book Value": "104,398", "Total Debt": "34,995", "Net Debt": "34,652", "Share Issued": "10,760", "Ordinary Shares Number": "10,760"}}, "cf": {"TTM": {"Duration": "TTM", "Operating Cash Flow": "-", "Investing Cash Flow": "-", "Financing Cash Flow": "-", "End Cash Position": "-", "Income Tax Paid Supplemental Data": "-", "Interest Paid Supplemental Data": "-", "Capital Expenditure": "-", "Issuance of Debt": "-", "Repayment of Debt": "-", "Free Cash Flow": "-"}, "6/30/2020": {"Duration": "6/30/2020", "Operating Cash Flow": "-31,004", "Investing Cash Flow": "-3,577", "Financing Cash Flow": "34,533", "End Cash Position": "553", "Income Tax Paid Supplemental Data": "683", "Interest Paid Supplemental Data": "2,483", "Capital Expenditure": "-8,623", "Issuance of Debt": "182,343", "Repayment of Debt": "-147,726", "Free Cash Flow": "-39,627"}, "6/30/2019": {"Duration": "6/30/2019", "Operating Cash Flow": "919", "Investing Cash Flow": "-1,909", "Financing Cash Flow": "1,248", "End Cash Position": "601", "Income Tax Paid Supplemental Data": "-", "Interest Paid Supplemental Data": "2,773", "Capital Expenditure": "-8,386", "Issuance of Debt": "181,688", "Repayment of Debt": "-180,425", "Free Cash Flow": "-7,467"}, "6/30/2018": {"Duration": "6/30/2018", "Operating Cash Flow": "11,457", "Investing Cash Flow": "-3,482", "Financing Cash Flow": "-8,005", "End Cash Position": "343", "Income Tax Paid Supplemental Data": "304", "Interest Paid Supplemental Data": "2,529", "Capital Expenditure": "-4,523", "Issuance of Debt": "187,419", "Repayment of Debt": "-195,403", "Free Cash Flow": "6,934"}}}}, {"VIDE": {"quote": {"05/12/2021": {"value": "1.3000", "Market Cap": "7.642M", "Beta (5Y Monthly)": "0.67", "PE Ratio (TTM)": "7.65", "EPS (TTM)": "0.1700", "Earnings Date": "N/A", "Forward Dividend & Yield": "N/A (N/A)", "Ex-Dividend Date": "Dec 13, 2004", "1y Target Est": "N/A"}}, "fin": {"TTM": {"Duration": "TTM", "Total Revenue": "12,052", "Cost of Revenue": "8,752", "Gross Profit": "3,300", "Operating Expense": "4,720", "Operating Income": "-1,420", "Net Non Operating Interest Income Expense": "-42", "Other Income Expense": "2,517", "Pretax Income": "1,055", "Tax Provision": "0", "Net Income Common Stockholders": "1,055", "Diluted NI Available to Com Stockholders": "1,055", "Basic EPS": "-", "Diluted EPS": "-", "Basic Average Shares": "-", "Diluted Average Shares": "-", "Total Operating Income as Reported": "-1,420", "Total Expenses": "13,472", "Net Income from Continuing & Discontinued Operation": "1,055", "Normalized Income": "1,050", "Interest Expense": "42", "Net Interest Income": "-42", "EBIT": "1,097", "EBITDA": "1,425", "Reconciled Cost of Revenue": "8,752", "Reconciled Depreciation": "328", "Net Income from Continuing Operation Net Minority Interest": "1,055", "Total Unusual Items Excluding Goodwill": "5", "Total Unusual Items": "5", "Normalized EBITDA": "1,420", "Tax Rate for Calcs": "0", "Tax Effect of Unusual Items": "0"}, "2/29/2020": {"Duration": "2/29/2020", "Total Revenue": "10,597", "Cost of Revenue": "8,220", "Gross Profit": "2,377", "Operating Expense": "4,260", "Operating Income": "-1,883", "Net Non Operating Interest Income Expense": "-8", "Other Income Expense": "685", "Pretax Income": "-1,206", "Tax Provision": "0", "Net Income Common Stockholders": "-1,206", "Diluted NI Available to Com Stockholders": "-1,206", "Basic EPS": "-0.21", "Diluted EPS": "-0.21", "Basic Average Shares": "5,878", "Diluted Average Shares": "5,878", "Total Operating Income as Reported": "-1,883", "Total Expenses": "12,480", "Net Income from Continuing & Discontinued Operation": "-1,206", "Normalized Income": "-1,218", "Interest Expense": "8", "Net Interest Income": "-8", "EBIT": "-1,198", "EBITDA": "-", "Reconciled Cost of Revenue": "8,220", "Reconciled Depreciation": "226", "Net Income from Continuing Operation Net Minority Interest": "-1,206", "Total Unusual Items Excluding Goodwill": "12", "Total Unusual Items": "12", "Normalized EBITDA": "-984", "Tax Rate for Calcs": "0", "Tax Effect of Unusual Items": "0"}, "2/28/2019": {"Duration": "2/28/2019", "Total Revenue": "15,023", "Cost of Revenue": "10,983", "Gross Profit": "4,040", "Operating Expense": "4,489", "Operating Income": "-449", "Net Non Operating Interest Income Expense": "-19", "Other Income Expense": "535", "Pretax Income": "67", "Tax Provision": "0", "Net Income Common Stockholders": "67", "Diluted NI Available to Com Stockholders": "67", "Basic EPS": "0.01", "Diluted EPS": "0.01", "Basic Average Shares": "5,879", "Diluted Average Shares": "6,079", "Total Operating Income as Reported": "-449", "Total Expenses": "15,472", "Net Income from Continuing & Discontinued Operation": "67", "Normalized Income": "25", "Interest Expense": "-", "Net Interest Income": "-19", "EBIT": "-449", "EBITDA": "-", "Reconciled Cost of Revenue": "10,983", "Reconciled Depreciation": "256", "Net Income from Continuing Operation Net Minority Interest": "67", "Total Unusual Items Excluding Goodwill": "42", "Total Unusual Items": "42", "Normalized EBITDA": "-235", "Tax Rate for Calcs": "0", "Tax Effect of Unusual Items": "0"}}, "bs": {"2/29/2020": {"Duration": "2/29/2020", "Total Assets": "10,519", "Total Liabilities Net Minority Interest": "7,057", "Total Equity Gross Minority Interest": "3,462", "Total Capitalization": "3,462", "Common Stock Equity": "3,462", "Capital Lease Obligations": "1,648", "Net Tangible Assets": "3,075", "Working Capital": "1,263", "Invested Capital": "4,778", "Tangible Book Value": "3,075", "Total Debt": "2,964", "Net Debt": "472", "Share Issued": "9,732", "Ordinary Shares Number": "5,878", "Treasury Shares Number": "3,854"}, "2/28/2019": {"Duration": "2/28/2019", "Total Assets": "7,807", "Total Liabilities Net Minority Interest": "3,146", "Total Equity Gross Minority Interest": "4,661", "Total Capitalization": "4,850", "Common Stock Equity": "4,661", "Capital Lease Obligations": "-", "Net Tangible Assets": "4,661", "Working Capital": "3,354", "Invested Capital": "5,298", "Tangible Book Value": "4,661", "Total Debt": "637", "Net Debt": "227", "Share Issued": "9,732", "Ordinary Shares Number": "5,878", "Treasury Shares Number": "3,854"}}, "cf": {"TTM": {"Duration": "TTM", "Operating Cash Flow": "-1,946", "Investing Cash Flow": "2,031", "Financing Cash Flow": "184", "End Cash Position": "342", "Capital Expenditure": "-135", "Issuance of Debt": "1,628", "Repayment of Debt": "-1,448", "Repurchase of Capital Stock": "0", "Free Cash Flow": "-1,946"}, "2/29/2020": {"Duration": "2/29/2020", "Operating Cash Flow": "465", "Investing Cash Flow": "-123", "Financing Cash Flow": "92", "End Cash Position": "844", "Capital Expenditure": "-135", "Issuance of Debt": "1,065", "Repayment of Debt": "-973", "Repurchase of Capital Stock": "0", "Free Cash Flow": "330"}, "2/28/2019": {"Duration": "2/28/2019", "Operating Cash Flow": "198", "Investing Cash Flow": "413", "Financing Cash Flow": "-282", "End Cash Position": "410", "Capital Expenditure": "-152", "Issuance of Debt": "1,053", "Repayment of Debt": "-1,219", "Repurchase of Capital Stock": "-10", "Free Cash Flow": "46"}}}}, {"HAUP": {"quote": {"05/12/2021": {"value": "0.0565", "Market Cap": "594,543", "Beta (5Y Monthly)": "-0.18", "PE Ratio (TTM)": "N/A", "EPS (TTM)": "-0.5760", "Earnings Date": "N/A", "Forward Dividend & Yield": "N/A (N/A)", "Ex-Dividend Date": "N/A", "1y Target Est": "N/A"}}, "fin": {}, "bs": {}, "cf": {}}}, {"RSKIA": {"quote": {"05/12/2021": {"value": "12.50", "Market Cap": "61.836M", "Beta (5Y Monthly)": "0.60", "PE Ratio (TTM)": "9.40", "EPS (TTM)": "1.33", "Earnings Date": "Dec 15, 2020", "Forward Dividend & Yield": "0.42 (3.36%)", "Ex-Dividend Date": "Sep 29, 2020", "1y Target Est": "N/A"}}, "fin": {"TTM": {"Duration": "TTM", "Total Revenue": "17,284", "Cost of Revenue": "8,573", "Gross Profit": "8,711", "Operating Expense": "3,905", "Operating Income": "4,806", "Net Non Operating Interest Income Expense": "-", "Other Income Expense": "3,794", "Pretax Income": "8,599", "Tax Provision": "1,992", "Net Income Common Stockholders": "6,607", "Diluted NI Available to Com Stockholders": "6,607", "Basic EPS": "-", "Diluted EPS": "-", "Basic Average Shares": "-", "Diluted Average Shares": "-", "Total Operating Income as Reported": "4,806", "Rent Expense Supplemental": "-1", "Total Expenses": "12,478", "Net Income from Continuing & Discontinued Operation": "6,607", "Normalized Income": "4,467", "Interest Income": "-", "Interest Expense": "-", "Net Interest Income": "-", "EBIT": "3,742", "EBITDA": "4,136", "Reconciled Cost of Revenue": "8,573", "Reconciled Depreciation": "394", "Net Income from Continuing Operation Net Minority Interest": "6,607", "Total Unusual Items Excluding Goodwill": "2,785", "Total Unusual Items": "2,785", "Normalized EBITDA": "1,351", "Tax Rate for Calcs": "0", "Tax Effect of Unusual Items": "645.1587"}, "4/30/2020": {"Duration": "4/30/2020", "Total Revenue": "14,809", "Cost of Revenue": "7,404", "Gross Profit": "7,405", "Operating Expense": "3,675", "Operating Income": "3,730", "Net Non Operating Interest Income Expense": "-1", "Other Income Expense": "-1,064", "Pretax Income": "2,665", "Tax Provision": "561", "Net Income Common Stockholders": "2,104", "Diluted NI Available to Com Stockholders": "2,104", "Basic EPS": "0.42", "Diluted EPS": "0.42", "Basic Average Shares": "4,952", "Diluted Average Shares": "4,973", "Total Operating Income as Reported": "3,730", "Rent Expense Supplemental": "7", "Total Expenses": "11,079", "Net Income from Continuing & Discontinued Operation": "2,104", "Normalized Income": "2,946", "Interest Income": "-", "Interest Expense": "1", "Net Interest Income": "-1", "EBIT": "2,666", "EBITDA": "-", "Reconciled Cost of Revenue": "7,404", "Reconciled Depreciation": "373", "Net Income from Continuing Operation Net Minority Interest": "2,104", "Total Unusual Items Excluding Goodwill": "-1,067", "Total Unusual Items": "-1,067", "Normalized EBITDA": "4,106", "Tax Rate for Calcs": "0", "Tax Effect of Unusual Items": "-224.6105"}, "4/30/2019": {"Duration": "4/30/2019", "Total Revenue": "14,126", "Cost of Revenue": "7,326", "Gross Profit": "6,800", "Operating Expense": "3,494", "Operating Income": "3,306", "Net Non Operating Interest Income Expense": "-1", "Other Income Expense": "1,043", "Pretax Income": "4,348", "Tax Provision": "1,064", "Net Income Common Stockholders": "3,284", "Diluted NI Available to Com Stockholders": "3,284", "Basic EPS": "0.66", "Diluted EPS": "0.66", "Basic Average Shares": "4,963", "Diluted Average Shares": "4,983", "Total Operating Income as Reported": "3,306", "Rent Expense Supplemental": "18", "Total Expenses": "10,820", "Net Income from Continuing & Discontinued Operation": "3,284", "Normalized Income": "2,505", "Interest Income": "-", "Interest Expense": "1", "Net Interest Income": "-1", "EBIT": "4,349", "EBITDA": "-", "Reconciled Cost of Revenue": "7,326", "Reconciled Depreciation": "354", "Net Income from Continuing Operation Net Minority Interest": "3,284", "Total Unusual Items Excluding Goodwill": "1,032", "Total Unusual Items": "1,032", "Normalized EBITDA": "3,671", "Tax Rate for Calcs": "0", "Tax Effect of Unusual Items": "252.5409"}, "4/30/2018": {"Duration": "4/30/2018", "Total Revenue": "11,931", "Cost of Revenue": "6,316", "Gross Profit": "5,615", "Operating Expense": "3,123", "Operating Income": "2,492", "Net Non Operating Interest Income Expense": "-", "Other Income Expense": "1,054", "Pretax Income": "3,546", "Tax Provision": "1,000", "Net Income Common Stockholders": "2,546", "Diluted NI Available to Com Stockholders": "2,546", "Basic EPS": "0.51", "Diluted EPS": "0.51", "Basic Average Shares": "4,959", "Diluted Average Shares": "4,978", "Total Operating Income as Reported": "2,492", "Rent Expense Supplemental": "18", "Total Expenses": "9,439", "Net Income from Continuing & Discontinued Operation": "2,546", "Normalized Income": "1,709", "Interest Income": "-", "Interest Expense": "-", "Net Interest Income": "-", "EBIT": "2,492", "EBITDA": "-", "Reconciled Cost of Revenue": "6,316", "Reconciled Depreciation": "257", "Net Income from Continuing Operation Net Minority Interest": "2,546", "Total Unusual Items Excluding Goodwill": "1,166", "Total Unusual Items": "1,166", "Normalized EBITDA": "1,583", "Tax Rate for Calcs": "0", "Tax Effect of Unusual Items": "328.8212"}}, "bs": {"4/30/2020": {"Duration": "4/30/2020", "Total Assets": "43,762", "Total Liabilities Net Minority Interest": "4,178", "Total Equity Gross Minority Interest": "39,584", "Total Capitalization": "39,584", "Preferred Stock Equity": "99", "Common Stock Equity": "39,485", "Net Tangible Assets": "38,067", "Working Capital": "36,958", "Invested Capital": "40,435", "Tangible Book Value": "37,968", "Total Debt": "950", "Share Issued": "8,503", "Ordinary Shares Number": "4,950", "Preferred Shares Number": "4.1", "Treasury Shares Number": "3,553"}, "4/30/2019": {"Duration": "4/30/2019", "Total Assets": "43,027", "Total Liabilities Net Minority Interest": "3,474", "Total Equity Gross Minority Interest": "39,553", "Total Capitalization": "39,553", "Preferred Stock Equity": "99", "Common Stock Equity": "39,454", "Net Tangible Assets": "37,913", "Working Capital": "37,714", "Invested Capital": "39,454", "Tangible Book Value": "37,814", "Total Debt": "-", "Share Issued": "8,503", "Ordinary Shares Number": "4,959", "Preferred Shares Number": "4.1", "Treasury Shares Number": "3,544"}, "4/30/2018": {"Duration": "4/30/2018", "Total Assets": "40,942", "Total Liabilities Net Minority Interest": "3,212", "Total Equity Gross Minority Interest": "37,730", "Total Capitalization": "37,730", "Preferred Stock Equity": "99", "Common Stock Equity": "37,631", "Net Tangible Assets": "35,967", "Working Capital": "35,547", "Invested Capital": "37,631", "Tangible Book Value": "35,868", "Total Debt": "-", "Share Issued": "8,503", "Ordinary Shares Number": "4,968", "Preferred Shares Number": "4.1", "Treasury Shares Number": "3,535"}}, "cf": {"TTM": {"Duration": "TTM", "Operating Cash Flow": "3,547", "Investing Cash Flow": "-1,284", "Financing Cash Flow": "-974", "End Cash Position": "6,936", "Income Tax Paid Supplemental Data": "1,382", "Interest Paid Supplemental Data": "1", "Capital Expenditure": "-689", "Issuance of Debt": "-", "Repurchase of Capital Stock": "-31", "Free Cash Flow": "2,858"}, "4/30/2020": {"Duration": "4/30/2020", "Operating Cash Flow": "3,320", "Investing Cash Flow": "-808", "Financing Cash Flow": "-927", "End Cash Position": "6,458", "Income Tax Paid Supplemental Data": "1,277", "Interest Paid Supplemental Data": "1", "Capital Expenditure": "-731", "Issuance of Debt": "950", "Repurchase of Capital Stock": "-74", "Free Cash Flow": "2,589"}, "4/30/2019": {"Duration": "4/30/2019", "Operating Cash Flow": "2,735", "Investing Cash Flow": "-325", "Financing Cash Flow": "-1,831", "End Cash Position": "4,873", "Income Tax Paid Supplemental Data": "1,200", "Interest Paid Supplemental Data": "1", "Capital Expenditure": "-154", "Issuance of Debt": "-", "Repurchase of Capital Stock": "-79", "Free Cash Flow": "2,581"}, "4/30/2018": {"Duration": "4/30/2018", "Operating Cash Flow": "370", "Investing Cash Flow": "-905", "Financing Cash Flow": "-1,627", "End Cash Position": "4,294", "Income Tax Paid Supplemental Data": "1,760", "Interest Paid Supplemental Data": "-", "Capital Expenditure": "-2,157", "Issuance of Debt": "-", "Repurchase of Capital Stock": "-10", "Free Cash Flow": "-1,787"}}}}, {"INVE": {"quote": {"05/12/2021": {"value": "14.88", "Market Cap": "319.047M", "Beta (5Y Monthly)": "1.81", "PE Ratio (TTM)": "N/A", "EPS (TTM)": "-0.31", "Earnings Date": "Aug 04, 2021 - Aug 09, 2021", "Forward Dividend & Yield": "N/A (N/A)", "Ex-Dividend Date": "N/A", "1y Target Est": "18.00"}}, "fin": {"TTM": {"Duration": "TTM", "Total Revenue": "86,920", "Cost of Revenue": "53,239", "Gross Profit": "33,681", "Operating Expense": "35,674", "Operating Income": "-1,993", "Net Non Operating Interest Income Expense": "-1,462", "Other Income Expense": "-1,577", "Pretax Income": "-5,032", "Tax Provision": "73", "Net Income Common Stockholders": "-6,199", "Diluted NI Available to Com Stockholders": "-6,199", "Basic EPS": "-", "Diluted EPS": "-", "Basic Average Shares": "-", "Diluted Average Shares": "-", "Total Operating Income as Reported": "-3,448", "Total Expenses": "88,913", "Net Income from Continuing & Discontinued Operation": "-5,105", "Normalized Income": "-3,954", "Interest Expense": "1,462", "Net Interest Income": "-1,462", "EBIT": "-3,570", "EBITDA": "-257", "Reconciled Cost of Revenue": "53,239", "Reconciled Depreciation": "3,313", "Net Income from Continuing Operation Net Minority Interest": "-5,105", "Total Unusual Items Excluding Goodwill": "-1,577", "Total Unusual Items": "-1,577", "Normalized EBITDA": "1,320", "Tax Rate for Calcs": "0", "Tax Effect of Unusual Items": "-425.79"}, "12/31/2020": {"Duration": "12/31/2020", "Total Revenue": "86,920", "Cost of Revenue": "53,239", "Gross Profit": "33,681", "Operating Expense": "35,674", "Operating Income": "-1,993", "Net Non Operating Interest Income Expense": "-1,462", "Other Income Expense": "-1,577", "Pretax Income": "-5,032", "Tax Provision": "73", "Net Income Common Stockholders": "-6,199", "Diluted NI Available to Com Stockholders": "-6,199", "Basic EPS": "-", "Diluted EPS": "-", "Basic Average Shares": "-", "Diluted Average Shares": "-", "Total Operating Income as Reported": "-3,448", "Total Expenses": "88,913", "Net Income from Continuing & Discontinued Operation": "-5,105", "Normalized Income": "-3,954", "Interest Expense": "1,462", "Net Interest Income": "-1,462", "EBIT": "-3,570", "EBITDA": "-", "Reconciled Cost of Revenue": "53,239", "Reconciled Depreciation": "3,313", "Net Income from Continuing Operation Net Minority Interest": "-5,105", "Total Unusual Items Excluding Goodwill": "-1,577", "Total Unusual Items": "-1,577", "Normalized EBITDA": "1,320", "Tax Rate for Calcs": "0", "Tax Effect of Unusual Items": "-425.79"}, "12/31/2019": {"Duration": "12/31/2019", "Total Revenue": "83,755", "Cost of Revenue": "47,101", "Gross Profit": "36,654", "Operating Expense": "36,199", "Operating Income": "455", "Net Non Operating Interest Income Expense": "-917", "Other Income Expense": "-363", "Pretax Income": "-825", "Tax Provision": "326", "Net Income Common Stockholders": "-1,151", "Diluted NI Available to Com Stockholders": "-1,151", "Basic EPS": "-0.13", "Diluted EPS": "-0.13", "Basic Average Shares": "16,984", "Diluted Average Shares": "16,984", "Total Operating Income as Reported": "-109", "Total Expenses": "83,300", "Net Income from Continuing & Discontinued Operation": "-1,151", "Normalized Income": "-886.01", "Interest Expense": "917", "Net Interest Income": "-917", "EBIT": "92", "EBITDA": "-", "Reconciled Cost of Revenue": "47,101", "Reconciled Depreciation": "3,583", "Net Income from Continuing Operation Net Minority Interest": "-1,151", "Total Unusual Items Excluding Goodwill": "-363", "Total Unusual Items": "-363", "Normalized EBITDA": "4,038", "Tax Rate for Calcs": "0", "Tax Effect of Unusual Items": "-98.01"}, "12/31/2018": {"Duration": "12/31/2018", "Total Revenue": "78,142", "Cost of Revenue": "44,810", "Gross Profit": "33,332", "Operating Expense": "34,450", "Operating Income": "-1,118", "Net Non Operating Interest Income Expense": "-1,518", "Other Income Expense": "-1,912", "Pretax Income": "-4,548", "Tax Provision": "155", "Net Income Common Stockholders": "-5,541", "Diluted NI Available to Com Stockholders": "-5,541", "Basic EPS": "-0.30", "Diluted EPS": "-0.30", "Basic Average Shares": "15,654", "Diluted Average Shares": "15,654", "Total Operating Income as Reported": "-1,865", "Total Expenses": "79,260", "Net Income from Continuing & Discontinued Operation": "-4,708", "Normalized Income": "-3,312", "Interest Expense": "1,518", "Net Interest Income": "-1,518", "EBIT": "-3,030", "EBITDA": "-", "Reconciled Cost of Revenue": "44,810", "Reconciled Depreciation": "3,167", "Net Income from Continuing Operation Net Minority Interest": "-4,708", "Total Unusual Items Excluding Goodwill": "-1,912", "Total Unusual Items": "-1,912", "Normalized EBITDA": "2,049", "Tax Rate for Calcs": "0", "Tax Effect of Unusual Items": "-516.24"}}, "bs": {"12/31/2020": {"Duration": "12/31/2020", "Total Assets": "78,677", "Total Liabilities Net Minority Interest": "44,488", "Total Equity Gross Minority Interest": "34,189", "Total Capitalization": "34,189", "Preferred Stock Equity": "5", "Common Stock Equity": "34,184", "Capital Lease Obligations": "3,551", "Net Tangible Assets": "16,360", "Working Capital": "11,872", "Invested Capital": "54,268", "Tangible Book Value": "16,355", "Total Debt": "23,635", "Net Debt": "8,675", "Share Issued": "19,450", "Ordinary Shares Number": "18,055", "Treasury Shares Number": "1,394"}, "12/31/2019": {"Duration": "12/31/2019", "Total Assets": "74,318", "Total Liabilities Net Minority Interest": "38,852", "Total Equity Gross Minority Interest": "35,466", "Total Capitalization": "35,466", "Preferred Stock Equity": "5", "Common Stock Equity": "35,461", "Capital Lease Obligations": "4,827", "Net Tangible Assets": "15,124", "Working Capital": "11,708", "Invested Capital": "35,461", "Tangible Book Value": "15,119", "Total Debt": "4,827", "Net Debt": "-", "Share Issued": "18,209", "Ordinary Shares Number": "16,986", "Treasury Shares Number": "1,223"}, "12/31/2018": {"Duration": "12/31/2018", "Total Assets": "66,306", "Total Liabilities Net Minority Interest": "32,606", "Total Equity Gross Minority Interest": "33,700", "Total Capitalization": "33,870", "Preferred Stock Equity": "5", "Common Stock Equity": "33,865", "Capital Lease Obligations": "-", "Net Tangible Assets": "13,604", "Working Capital": "12,714", "Invested Capital": "35,865", "Tangible Book Value": "13,599", "Total Debt": "2,000", "Net Debt": "-", "Share Issued": "17,014", "Ordinary Shares Number": "15,967", "Treasury Shares Number": "1,047"}}, "cf": {"TTM": {"Duration": "TTM", "Operating Cash Flow": "-1,766", "Investing Cash Flow": "-1,564", "Financing Cash Flow": "4,853", "End Cash Position": "11,409", "Income Tax Paid Supplemental Data": "112", "Interest Paid Supplemental Data": "945", "Capital Expenditure": "-1,564", "Issuance of Capital Stock": "-", "Issuance of Debt": "14,777", "Repayment of Debt": "-9,047", "Free Cash Flow": "-3,330"}, "12/31/2020": {"Duration": "12/31/2020", "Operating Cash Flow": "-1,766", "Investing Cash Flow": "-1,564", "Financing Cash Flow": "4,853", "End Cash Position": "11,409", "Income Tax Paid Supplemental Data": "112", "Interest Paid Supplemental Data": "945", "Capital Expenditure": "-1,564", "Issuance of Capital Stock": "-", "Issuance of Debt": "14,777", "Repayment of Debt": "-9,047", "Free Cash Flow": "-3,330"}, "12/31/2019": {"Duration": "12/31/2019", "Operating Cash Flow": "427", "Investing Cash Flow": "-1,484", "Financing Cash Flow": "-227", "End Cash Position": "9,383", "Income Tax Paid Supplemental Data": "220", "Interest Paid Supplemental Data": "857", "Capital Expenditure": "-289", "Issuance of Capital Stock": "0", "Issuance of Debt": "6,260", "Repayment of Debt": "-5,610", "Free Cash Flow": "138"}, "12/31/2018": {"Duration": "12/31/2018", "Operating Cash Flow": "-5,196", "Investing Cash Flow": "-3,373", "Financing Cash Flow": "808", "End Cash Position": "10,866", "Income Tax Paid Supplemental Data": "179", "Interest Paid Supplemental Data": "1,787", "Capital Expenditure": "-1,346", "Issuance of Capital Stock": "7,876", "Issuance of Debt": "21,801", "Repayment of Debt": "-28,214", "Free Cash Flow": "-6,542"}}}}, {"TACT": {"quote": {"05/12/2021": {"value": "12.38", "Market Cap": "110.993M", "Beta (5Y Monthly)": "N/A", "PE Ratio (TTM)": "N/A", "EPS (TTM)": "-0.84", "Earnings Date": "Aug 03, 2021 - Aug 09, 2021", "Forward Dividend & Yield": "N/A (N/A)", "Ex-Dividend Date": "Nov 19, 2019", "1y Target Est": "16.50"}}, "fin": {"TTM": {"Duration": "TTM", "Total Revenue": "30,595", "Cost of Revenue": "17,666", "Gross Profit": "12,929", "Operating Expense": "21,102", "Operating Income": "-8,173", "Net Non Operating Interest Income Expense": "-52", "Other Income Expense": "56", "Pretax Income": "-8,169", "Tax Provision": "-2,539", "Net Income Common Stockholders": "-5,630", "Diluted NI Available to Com Stockholders": "-5,630", "Basic EPS": "-", "Diluted EPS": "-", "Basic Average Shares": "-", "Diluted Average Shares": "-", "Total Operating Income as Reported": "-8,173", "Total Expenses": "38,768", "Net Income from Continuing & Discontinued Operation": "-5,630", "Normalized Income": "-5,630", "Interest Income": "78", "Interest Expense": "130", "Net Interest Income": "-52", "EBIT": "-8,039", "EBITDA": "-6,697", "Reconciled Cost of Revenue": "17,666", "Reconciled Depreciation": "1,342", "Net Income from Continuing Operation Net Minority Interest": "-5,630", "Total Unusual Items Excluding Goodwill": "-", "Total Unusual Items": "-", "Normalized EBITDA": "-6,697", "Tax Rate for Calcs": "0", "Tax Effect of Unusual Items": "0"}, "12/31/2020": {"Duration": "12/31/2020", "Total Revenue": "30,595", "Cost of Revenue": "17,666", "Gross Profit": "12,929", "Operating Expense": "21,102", "Operating Income": "-8,173", "Net Non Operating Interest Income Expense": "-52", "Other Income Expense": "56", "Pretax Income": "-8,169", "Tax Provision": "-2,539", "Net Income Common Stockholders": "-5,630", "Diluted NI Available to Com Stockholders": "-5,630", "Basic EPS": "-", "Diluted EPS": "-", "Basic Average Shares": "-", "Diluted Average Shares": "-", "Total Operating Income as Reported": "-8,173", "Total Expenses": "38,768", "Net Income from Continuing & Discontinued Operation": "-5,630", "Normalized Income": "-5,630", "Interest Income": "78", "Interest Expense": "130", "Net Interest Income": "-52", "EBIT": "-8,039", "EBITDA": "-", "Reconciled Cost of Revenue": "17,666", "Reconciled Depreciation": "1,342", "Net Income from Continuing Operation Net Minority Interest": "-5,630", "Total Unusual Items Excluding Goodwill": "-", "Total Unusual Items": "-", "Normalized EBITDA": "-6,697", "Tax Rate for Calcs": "0", "Tax Effect of Unusual Items": "0"}, "12/31/2019": {"Duration": "12/31/2019", "Total Revenue": "45,748", "Cost of Revenue": "23,813", "Gross Profit": "21,935", "Operating Expense": "21,592", "Operating Income": "343", "Net Non Operating Interest Income Expense": "-11", "Other Income Expense": "35", "Pretax Income": "367", "Tax Provision": "-149", "Net Income Common Stockholders": "516", "Diluted NI Available to Com Stockholders": "516", "Basic EPS": "0.07", "Diluted EPS": "0.07", "Basic Average Shares": "7,466", "Diluted Average Shares": "7,677", "Total Operating Income as Reported": "343", "Total Expenses": "45,405", "Net Income from Continuing & Discontinued Operation": "516", "Normalized Income": "516", "Interest Income": "17", "Interest Expense": "28", "Net Interest Income": "-11", "EBIT": "395", "EBITDA": "-", "Reconciled Cost of Revenue": "23,813", "Reconciled Depreciation": "1,371", "Net Income from Continuing Operation Net Minority Interest": "516", "Total Unusual Items Excluding Goodwill": "-", "Total Unusual Items": "-", "Normalized EBITDA": "1,766", "Tax Rate for Calcs": "0", "Tax Effect of Unusual Items": "0"}, "12/31/2018": {"Duration": "12/31/2018", "Total Revenue": "54,587", "Cost of Revenue": "27,844", "Gross Profit": "26,743", "Operating Expense": "19,984", "Operating Income": "6,759", "Net Non Operating Interest Income Expense": "-27", "Other Income Expense": "-266", "Pretax Income": "6,466", "Tax Provision": "1,040", "Net Income Common Stockholders": "5,426", "Diluted NI Available to Com Stockholders": "5,426", "Basic EPS": "0.73", "Diluted EPS": "0.70", "Basic Average Shares": "7,444", "Diluted Average Shares": "7,759", "Total Operating Income as Reported": "6,759", "Total Expenses": "47,828", "Net Income from Continuing & Discontinued Operation": "5,426", "Normalized Income": "5,426", "Interest Income": "0", "Interest Expense": "27", "Net Interest Income": "-27", "EBIT": "6,493", "EBITDA": "-", "Reconciled Cost of Revenue": "27,844", "Reconciled Depreciation": "997", "Net Income from Continuing Operation Net Minority Interest": "5,426", "Total Unusual Items Excluding Goodwill": "-", "Total Unusual Items": "-", "Normalized EBITDA": "7,490", "Tax Rate for Calcs": "0", "Tax Effect of Unusual Items": "0"}}, "bs": {"12/31/2020": {"Duration": "12/31/2020", "Total Assets": "42,247", "Total Liabilities Net Minority Interest": "12,011", "Total Equity Gross Minority Interest": "30,236", "Total Capitalization": "32,409", "Common Stock Equity": "30,236", "Capital Lease Obligations": "3,701", "Net Tangible Assets": "27,032", "Working Capital": "21,478", "Invested Capital": "32,409", "Tangible Book Value": "27,032", "Total Debt": "5,874", "Share Issued": "12,976", "Ordinary Shares Number": "8,931", "Treasury Shares Number": "4,045"}, "12/31/2019": {"Duration": "12/31/2019", "Total Assets": "36,061", "Total Liabilities Net Minority Interest": "10,135", "Total Equity Gross Minority Interest": "25,926", "Total Capitalization": "25,926", "Common Stock Equity": "25,926", "Capital Lease Obligations": "3,049", "Net Tangible Assets": "22,488", "Working Capital": "17,269", "Invested Capital": "25,926", "Tangible Book Value": "22,488", "Total Debt": "3,049", "Share Issued": "11,515", "Ordinary Shares Number": "7,470", "Treasury Shares Number": "4,045"}, "12/31/2018": {"Duration": "12/31/2018", "Total Assets": "34,956", "Total Liabilities Net Minority Interest": "7,389", "Total Equity Gross Minority Interest": "27,567", "Total Capitalization": "27,567", "Common Stock Equity": "27,567", "Capital Lease Obligations": "-", "Net Tangible Assets": "24,149", "Working Capital": "20,405", "Invested Capital": "27,567", "Tangible Book Value": "24,149", "Total Debt": "-", "Share Issued": "11,463", "Ordinary Shares Number": "7,418", "Treasury Shares Number": "4,045"}}, "cf": {"TTM": {"Duration": "TTM", "Operating Cash Flow": "-3,510", "Investing Cash Flow": "-1,344", "Financing Cash Flow": "11,031", "End Cash Position": "10,359", "Income Tax Paid Supplemental Data": "46", "Interest Paid Supplemental Data": "64", "Capital Expenditure": "-744", "Issuance of Capital Stock": "9,798", "Issuance of Debt": "4,929", "Repayment of Debt": "-2,756", "Repurchase of Capital Stock": "0", "Free Cash Flow": "-4,254"}, "12/31/2020": {"Duration": "12/31/2020", "Operating Cash Flow": "-3,510", "Investing Cash Flow": "-1,344", "Financing Cash Flow": "11,031", "End Cash Position": "10,359", "Income Tax Paid Supplemental Data": "46", "Interest Paid Supplemental Data": "64", "Capital Expenditure": "-744", "Issuance of Capital Stock": "9,798", "Issuance of Debt": "4,929", "Repayment of Debt": "-2,756", "Repurchase of Capital Stock": "-", "Free Cash Flow": "-4,254"}, "12/31/2019": {"Duration": "12/31/2019", "Operating Cash Flow": "4,846", "Investing Cash Flow": "-2,366", "Financing Cash Flow": "-2,897", "End Cash Position": "4,203", "Income Tax Paid Supplemental Data": "65", "Interest Paid Supplemental Data": "30", "Capital Expenditure": "-1,366", "Issuance of Capital Stock": "-", "Issuance of Debt": "-", "Repayment of Debt": "-", "Repurchase of Capital Stock": "0", "Free Cash Flow": "3,480"}, "12/31/2018": {"Duration": "12/31/2018", "Operating Cash Flow": "5,109", "Investing Cash Flow": "-1,473", "Financing Cash Flow": "-4,516", "End Cash Position": "4,691", "Income Tax Paid Supplemental Data": "1,249", "Interest Paid Supplemental Data": "25", "Capital Expenditure": "-1,473", "Issuance of Capital Stock": "-", "Issuance of Debt": "-", "Repayment of Debt": "-", "Repurchase of Capital Stock": "-2,000", "Free Cash Flow": "3,636"}}}}, {"MRCY": {"quote": {"05/12/2021": {"value": "63.10", "Market Cap": "3.575B", "Beta (5Y Monthly)": "0.97", "PE Ratio (TTM)": "48.58", "EPS (TTM)": "1.30", "Earnings Date": "Aug 02, 2021 - Aug 06, 2021", "Forward Dividend & Yield": "N/A (N/A)", "Ex-Dividend Date": "N/A", "1y Target Est": "85.75"}}, "fin": {"TTM": {"Duration": "TTM", "Total Revenue": "841,690", "Cost of Revenue": "474,966", "Gross Profit": "366,724", "Operating Expense": "272,402", "Operating Income": "94,322", "Net Non Operating Interest Income Expense": "-295", "Other Income Expense": "-2,994", "Pretax Income": "91,033", "Tax Provision": "11,760", "Net Income Common Stockholders": "79,273", "Diluted NI Available to Com Stockholders": "79,273", "Basic EPS": "-", "Diluted EPS": "-", "Basic Average Shares": "-", "Diluted Average Shares": "-", "Total Operating Income as Reported": "89,644", "Total Expenses": "747,368", "Net Income from Continuing & Discontinued Operation": "79,273", "Normalized Income": "83,347", "Interest Income": "784", "Interest Expense": "1,079", "Net Interest Income": "-295", "EBIT": "92,112", "EBITDA": "143,795", "Reconciled Cost of Revenue": "454,206", "Reconciled Depreciation": "51,683", "Net Income from Continuing Operation Net Minority Interest": "79,273", "Total Unusual Items Excluding Goodwill": "-4,678", "Total Unusual Items": "-4,678", "Normalized EBITDA": "148,473", "Tax Rate for Calcs": "0", "Tax Effect of Unusual Items": "-604.3224"}, "6/30/2020": {"Duration": "6/30/2020", "Total Revenue": "796,610", "Cost of Revenue": "439,766", "Gross Profit": "356,844", "Operating Expense": "261,298", "Operating Income": "95,546", "Net Non Operating Interest Income Expense": "1,145", "Other Income Expense": "-2,758", "Pretax Income": "93,933", "Tax Provision": "8,221", "Net Income Common Stockholders": "85,712", "Diluted NI Available to Com Stockholders": "85,712", "Basic EPS": "1.57", "Diluted EPS": "1.56", "Basic Average Shares": "54,546", "Diluted Average Shares": "55,115", "Total Operating Income as Reported": "91,062", "Total Expenses": "701,064", "Net Income from Continuing & Discontinued Operation": "85,712", "Normalized Income": "89,801", "Interest Income": "2,151", "Interest Expense": "1,006", "Net Interest Income": "1,145", "EBIT": "94,939", "EBITDA": "-", "Reconciled Cost of Revenue": "420,996", "Reconciled Depreciation": "49,330", "Net Income from Continuing Operation Net Minority Interest": "85,712", "Total Unusual Items Excluding Goodwill": "-4,484", "Total Unusual Items": "-4,484", "Normalized EBITDA": "148,753", "Tax Rate for Calcs": "0", "Tax Effect of Unusual Items": "-394.592"}, "6/30/2019": {"Duration": "6/30/2019", "Total Revenue": "654,744", "Cost of Revenue": "368,588", "Gross Profit": "286,156", "Operating Expense": "207,556", "Operating Income": "78,600", "Net Non Operating Interest Income Expense": "-8,177", "Other Income Expense": "-10,896", "Pretax Income": "59,527", "Tax Provision": "12,752", "Net Income Common Stockholders": "46,775", "Diluted NI Available to Com Stockholders": "46,775", "Basic EPS": "0.98", "Diluted EPS": "0.96", "Basic Average Shares": "47,831", "Diluted Average Shares": "48,500", "Total Operating Income as Reported": "76,584", "Total Expenses": "576,144", "Net Income from Continuing & Discontinued Operation": "46,775", "Normalized Income": "48,360", "Interest Income": "932", "Interest Expense": "9,109", "Net Interest Income": "-8,177", "EBIT": "68,636", "EBITDA": "-", "Reconciled Cost of Revenue": "350,110", "Reconciled Depreciation": "46,392", "Net Income from Continuing Operation Net Minority Interest": "46,775", "Total Unusual Items Excluding Goodwill": "-2,016", "Total Unusual Items": "-2,016", "Normalized EBITDA": "117,044", "Tax Rate for Calcs": "0", "Tax Effect of Unusual Items": "-431.424"}, "6/30/2018": {"Duration": "6/30/2018", "Total Revenue": "493,184", "Cost of Revenue": "267,326", "Gross Profit": "225,858", "Operating Expense": "173,176", "Operating Income": "52,682", "Net Non Operating Interest Income Expense": "-2,818", "Other Income Expense": "-7,291", "Pretax Income": "42,573", "Tax Provision": "1,690", "Net Income Common Stockholders": "40,883", "Diluted NI Available to Com Stockholders": "40,883", "Basic EPS": "0.88", "Diluted EPS": "0.86", "Basic Average Shares": "46,719", "Diluted Average Shares": "47,471", "Total Operating Income as Reported": "46,985", "Total Expenses": "440,502", "Net Income from Continuing & Discontinued Operation": "40,883", "Normalized Income": "46,352", "Interest Income": "32", "Interest Expense": "2,850", "Net Interest Income": "-2,818", "EBIT": "45,423", "EBITDA": "-", "Reconciled Cost of Revenue": "251,053", "Reconciled Depreciation": "42,277", "Net Income from Continuing Operation Net Minority Interest": "40,883", "Total Unusual Items Excluding Goodwill": "-5,697", "Total Unusual Items": "-5,697", "Normalized EBITDA": "93,397", "Tax Rate for Calcs": "0", "Tax Effect of Unusual Items": "-227.88"}}, "bs": {"6/30/2020": {"Duration": "6/30/2020", "Total Assets": "1,610,720", "Total Liabilities Net Minority Interest": "225,936", "Total Equity Gross Minority Interest": "1,384,784", "Total Capitalization": "1,384,784", "Common Stock Equity": "1,384,784", "Capital Lease Obligations": "66,981", "Net Tangible Assets": "561,960", "Working Capital": "508,854", "Invested Capital": "1,384,784", "Tangible Book Value": "561,960", "Total Debt": "66,981", "Net Debt": "-", "Share Issued": "54,702", "Ordinary Shares Number": "54,702"}, "6/30/2019": {"Duration": "6/30/2019", "Total Assets": "1,416,977", "Total Liabilities Net Minority Interest": "132,238", "Total Equity Gross Minority Interest": "1,284,739", "Total Capitalization": "1,284,739", "Common Stock Equity": "1,284,739", "Capital Lease Obligations": "-", "Net Tangible Assets": "516,469", "Working Capital": "484,140", "Invested Capital": "1,284,739", "Tangible Book Value": "516,469", "Total Debt": "-", "Net Debt": "-", "Share Issued": "54,248", "Ordinary Shares Number": "54,248"}, "6/30/2018": {"Duration": "6/30/2018", "Total Assets": "1,064,480", "Total Liabilities Net Minority Interest": "292,589", "Total Equity Gross Minority Interest": "771,891", "Total Capitalization": "966,891", "Common Stock Equity": "771,891", "Capital Lease Obligations": "-", "Net Tangible Assets": "96,545", "Working Capital": "260,063", "Invested Capital": "966,891", "Tangible Book Value": "96,545", "Total Debt": "195,000", "Net Debt": "128,479", "Share Issued": "46,924", "Ordinary Shares Number": "46,924"}}, "cf": {"TTM": {"Duration": "TTM", "Operating Cash Flow": "105,676", "Investing Cash Flow": "-284,917", "Financing Cash Flow": "167,124", "End Cash Position": "169,920", "Income Tax Paid Supplemental Data": "10,427", "Interest Paid Supplemental Data": "1,046", "Capital Expenditure": "-47,128", "Issuance of Capital Stock": "-", "Issuance of Debt": "360,000", "Repayment of Debt": "-", "Repurchase of Capital Stock": "-1,378", "Free Cash Flow": "58,548"}, "6/30/2020": {"Duration": "6/30/2020", "Operating Cash Flow": "115,184", "Investing Cash Flow": "-135,486", "Financing Cash Flow": "-10,932", "End Cash Position": "226,838", "Income Tax Paid Supplemental Data": "12,939", "Interest Paid Supplemental Data": "1,046", "Capital Expenditure": "-43,294", "Issuance of Capital Stock": "0", "Issuance of Debt": "200,000", "Repayment of Debt": "-200,000", "Repurchase of Capital Stock": "-16,249", "Free Cash Flow": "71,890"}, "6/30/2019": {"Duration": "6/30/2019", "Operating Cash Flow": "97,517", "Investing Cash Flow": "-153,774", "Financing Cash Flow": "247,765", "End Cash Position": "257,932", "Income Tax Paid Supplemental Data": "7,351", "Interest Paid Supplemental Data": "10,368", "Capital Expenditure": "-26,691", "Issuance of Capital Stock": "454,343", "Issuance of Debt": "129,500", "Repayment of Debt": "-324,500", "Repurchase of Capital Stock": "-7,968", "Free Cash Flow": "70,826"}, "6/30/2018": {"Duration": "6/30/2018", "Operating Cash Flow": "43,321", "Investing Cash Flow": "-200,877", "Financing Cash Flow": "182,937", "End Cash Position": "66,521", "Income Tax Paid Supplemental Data": "-17,004", "Interest Paid Supplemental Data": "-1,607", "Capital Expenditure": "-15,106", "Issuance of Capital Stock": "-", "Issuance of Debt": "210,000", "Repayment of Debt": "-15,000", "Repurchase of Capital Stock": "-15,508", "Free Cash Flow": "28,215"}}}}, {"SSYS": {"quote": {"05/12/2021": {"value": "20.26", "Market Cap": "1.321B", "Beta (5Y Monthly)": "1.17", "PE Ratio (TTM)": "N/A", "EPS (TTM)": "-7.88", "Earnings Date": "Aug 03, 2021 - Aug 09, 2021", "Forward Dividend & Yield": "N/A (N/A)", "Ex-Dividend Date": "N/A", "1y Target Est": "25.17"}}, "fin": {"TTM": {"Duration": "TTM", "Total Revenue": "520,817", "Cost of Revenue": "301,423", "Gross Profit": "219,394", "Operating Expense": "289,236", "Operating Income": "-69,842", "Net Non Operating Interest Income Expense": "-575", "Other Income Expense": "-386,154", "Pretax Income": "-456,571", "Tax Provision": "-16,394", "Earnings from Equity Interest Net of Tax": "-3,939", "Net Income Common Stockholders": "-443,721", "Average Dilution Earnings": "-", "Diluted NI Available to Com Stockholders": "-443,721", "Basic EPS": "-", "Diluted EPS": "-", "Basic Average Shares": "-", "Diluted Average Shares": "-", "Total Operating Income as Reported": "-455,996", "Total Expenses": "590,659", "Net Income from Continuing & Discontinued Operation": "-443,721", "Normalized Income": "-71,469", "Interest Income": "-", "Net Interest Income": "-575", "EBIT": "-69,842", "EBITDA": "-20,282", "Reconciled Cost of Revenue": "301,423", "Reconciled Depreciation": "49,560", "Net Income from Continuing Operation Net Minority Interest": "-443,721", "Total Unusual Items Excluding Goodwill": "-386,154", "Total Unusual Items": "-386,154", "Normalized EBITDA": "365,872", "Tax Rate for Calcs": "0", "Tax Effect of Unusual Items": "-13,902"}, "12/31/2020": {"Duration": "12/31/2020", "Total Revenue": "520,817", "Cost of Revenue": "301,423", "Gross Profit": "219,394", "Operating Expense": "289,236", "Operating Income": "-69,842", "Net Non Operating Interest Income Expense": "-575", "Other Income Expense": "-386,154", "Pretax Income": "-456,571", "Tax Provision": "-16,394", "Earnings from Equity Interest Net of Tax": "-3,939", "Net Income Common Stockholders": "-443,721", "Average Dilution Earnings": "-", "Diluted NI Available to Com Stockholders": "-443,721", "Basic EPS": "-", "Diluted EPS": "-", "Basic Average Shares": "-", "Diluted Average Shares": "-", "Total Operating Income as Reported": "-455,996", "Total Expenses": "590,659", "Net Income from Continuing & Discontinued Operation": "-443,721", "Normalized Income": "-71,469", "Interest Income": "-", "Net Interest Income": "-575", "EBIT": "-69,842", "EBITDA": "-", "Reconciled Cost of Revenue": "301,423", "Reconciled Depreciation": "49,560", "Net Income from Continuing Operation Net Minority Interest": "-443,721", "Total Unusual Items Excluding Goodwill": "-386,154", "Total Unusual Items": "-386,154", "Normalized EBITDA": "365,872", "Tax Rate for Calcs": "0", "Tax Effect of Unusual Items": "-13,902"}, "12/31/2019": {"Duration": "12/31/2019", "Total Revenue": "636,080", "Cost of Revenue": "322,388", "Gross Profit": "313,692", "Operating Expense": "325,391", "Operating Income": "-11,699", "Net Non Operating Interest Income Expense": "4,555", "Other Income Expense": "-", "Pretax Income": "-7,144", "Tax Provision": "3,523", "Earnings from Equity Interest Net of Tax": "-412", "Net Income Common Stockholders": "-10,849", "Average Dilution Earnings": "-", "Diluted NI Available to Com Stockholders": "-10,849", "Basic EPS": "-0.20", "Diluted EPS": "-0.20", "Basic Average Shares": "54,260", "Diluted Average Shares": "54,260", "Total Operating Income as Reported": "-11,699", "Total Expenses": "647,779", "Net Income from Continuing & Discontinued Operation": "-10,849", "Normalized Income": "-10,849", "Interest Income": "4,555", "Net Interest Income": "4,555", "EBIT": "-11,699", "EBITDA": "-", "Reconciled Cost of Revenue": "322,388", "Reconciled Depreciation": "50,942", "Net Income from Continuing Operation Net Minority Interest": "-10,849", "Total Unusual Items Excluding Goodwill": "-", "Total Unusual Items": "-", "Normalized EBITDA": "39,243", "Tax Rate for Calcs": "0", "Tax Effect of Unusual Items": "0"}, "12/31/2018": {"Duration": "12/31/2018", "Total Revenue": "663,237", "Cost of Revenue": "338,013", "Gross Profit": "325,224", "Operating Expense": "334,071", "Operating Income": "-8,847", "Net Non Operating Interest Income Expense": "633", "Other Income Expense": "-", "Pretax Income": "-8,214", "Tax Provision": "4,736", "Earnings from Equity Interest Net of Tax": "1,725", "Net Income Common Stockholders": "-11,899", "Average Dilution Earnings": "0", "Diluted NI Available to Com Stockholders": "-11,899", "Basic EPS": "-0.22", "Diluted EPS": "-0.22", "Basic Average Shares": "53,751", "Diluted Average Shares": "53,751", "Total Operating Income as Reported": "-8,847", "Total Expenses": "672,084", "Net Income from Continuing & Discontinued Operation": "-11,899", "Normalized Income": "-11,899", "Interest Income": "633", "Net Interest Income": "633", "EBIT": "-8,847", "EBITDA": "-", "Reconciled Cost of Revenue": "338,013", "Reconciled Depreciation": "61,250", "Net Income from Continuing Operation Net Minority Interest": "-11,899", "Total Unusual Items Excluding Goodwill": "-", "Total Unusual Items": "-", "Normalized EBITDA": "52,403", "Tax Rate for Calcs": "0", "Tax Effect of Unusual Items": "0"}}, "bs": {"12/31/2020": {"Duration": "12/31/2020", "Total Assets": "990,002", "Total Liabilities Net Minority Interest": "230,634", "Total Equity Gross Minority Interest": "759,368", "Total Capitalization": "759,368", "Common Stock Equity": "759,368", "Capital Lease Obligations": "21,849", "Net Tangible Assets": "592,106", "Working Capital": "428,338", "Invested Capital": "759,368", "Tangible Book Value": "592,106", "Total Debt": "21,849", "Share Issued": "56,617", "Ordinary Shares Number": "56,617"}, "12/31/2019": {"Duration": "12/31/2019", "Total Assets": "1,381,519", "Total Liabilities Net Minority Interest": "224,368", "Total Equity Gross Minority Interest": "1,157,151", "Total Capitalization": "1,157,151", "Common Stock Equity": "1,157,151", "Capital Lease Obligations": "21,737", "Net Tangible Assets": "684,165", "Working Capital": "499,153", "Invested Capital": "1,157,151", "Tangible Book Value": "684,165", "Total Debt": "21,737", "Share Issued": "54,441", "Ordinary Shares Number": "54,441"}, "12/31/2018": {"Duration": "12/31/2018", "Total Assets": "1,388,254", "Total Liabilities Net Minority Interest": "246,139", "Total Equity Gross Minority Interest": "1,142,115", "Total Capitalization": "1,164,115", "Common Stock Equity": "1,142,115", "Capital Lease Obligations": "-", "Net Tangible Assets": "648,992", "Working Capital": "508,390", "Invested Capital": "1,169,258", "Tangible Book Value": "648,992", "Total Debt": "27,143", "Share Issued": "53,881", "Ordinary Shares Number": "53,881"}}, "cf": {"TTM": {"Duration": "TTM", "Operating Cash Flow": "27,802", "Investing Cash Flow": "-52,625", "Financing Cash Flow": "228", "End Cash Position": "272,216", "Income Tax Paid Supplemental Data": "1,140", "Interest Paid Supplemental Data": "0", "Capital Expenditure": "-29,013", "Issuance of Debt": "-", "Repayment of Debt": "-28,579", "Free Cash Flow": "-1,211"}, "12/31/2020": {"Duration": "12/31/2020", "Operating Cash Flow": "27,802", "Investing Cash Flow": "-52,625", "Financing Cash Flow": "228", "End Cash Position": "272,216", "Income Tax Paid Supplemental Data": "1,140", "Interest Paid Supplemental Data": "0", "Capital Expenditure": "-29,013", "Issuance of Debt": "-", "Repayment of Debt": "-", "Free Cash Flow": "-1,211"}, "12/31/2019": {"Duration": "12/31/2019", "Operating Cash Flow": "-11,193", "Investing Cash Flow": "-69,526", "Financing Cash Flow": "-22,009", "End Cash Position": "293,597", "Income Tax Paid Supplemental Data": "10,730", "Interest Paid Supplemental Data": "449", "Capital Expenditure": "-25,301", "Issuance of Debt": "-", "Repayment of Debt": "-27,293", "Free Cash Flow": "-36,494"}, "12/31/2018": {"Duration": "12/31/2018", "Operating Cash Flow": "63,712", "Investing Cash Flow": "7,144", "Financing Cash Flow": "-2,951", "End Cash Position": "393,734", "Income Tax Paid Supplemental Data": "5,682", "Interest Paid Supplemental Data": "1,675", "Capital Expenditure": "-24,810", "Issuance of Debt": "0", "Repayment of Debt": "-5,143", "Free Cash Flow": "38,902"}}}}, {"RDCM": {"quote": {"05/12/2021": {"value": "9.60", "Market Cap": "135.264M", "Beta (5Y Monthly)": "1.07", "PE Ratio (TTM)": "N/A", "EPS (TTM)": "-0.29", "Earnings Date": "Aug 09, 2021 - Aug 13, 2021", "Forward Dividend & Yield": "N/A (N/A)", "Ex-Dividend Date": "N/A", "1y Target Est": "N/A"}}, "fin": {"TTM": {"Duration": "TTM", "Total Revenue": "37,562", "Cost of Revenue": "10,758", "Gross Profit": "26,804", "Operating Expense": "31,386", "Operating Income": "-4,582", "Net Non Operating Interest Income Expense": "1,118", "Other Income Expense": "-308", "Pretax Income": "-3,772", "Tax Provision": "220", "Net Income Common Stockholders": "-3,992", "Diluted NI Available to Com Stockholders": "-3,992", "Basic EPS": "-", "Diluted EPS": "-", "Basic Average Shares": "-", "Diluted Average Shares": "-", "Total Operating Income as Reported": "-4,582", "Total Expenses": "42,144", "Net Income from Continuing & Discontinued Operation": "-3,992", "Normalized Income": "-3,755", "Interest Income": "1,133", "Net Interest Income": "1,118", "EBIT": "-4,582", "EBITDA": "-3,883", "Reconciled Cost of Revenue": "10,758", "Reconciled Depreciation": "699", "Net Income from Continuing Operation Net Minority Interest": "-3,992", "Total Unusual Items Excluding Goodwill": "-308", "Total Unusual Items": "-308", "Normalized EBITDA": "-3,575", "Tax Rate for Calcs": "0", "Tax Effect of Unusual Items": "-70.84"}, "12/31/2020": {"Duration": "12/31/2020", "Total Revenue": "37,562", "Cost of Revenue": "10,758", "Gross Profit": "26,804", "Operating Expense": "31,386", "Operating Income": "-4,582", "Net Non Operating Interest Income Expense": "1,118", "Other Income Expense": "-308", "Pretax Income": "-3,772", "Tax Provision": "220", "Net Income Common Stockholders": "-3,992", "Diluted NI Available to Com Stockholders": "-3,992", "Basic EPS": "-0.29", "Diluted EPS": "-0.29", "Basic Average Shares": "13,928", "Diluted Average Shares": "13,928", "Total Operating Income as Reported": "-4,582", "Total Expenses": "42,144", "Net Income from Continuing & Discontinued Operation": "-3,992", "Normalized Income": "-3,755", "Interest Income": "1,133", "Net Interest Income": "1,118", "EBIT": "-4,582", "EBITDA": "-", "Reconciled Cost of Revenue": "10,758", "Reconciled Depreciation": "699", "Net Income from Continuing Operation Net Minority Interest": "-3,992", "Total Unusual Items Excluding Goodwill": "-308", "Total Unusual Items": "-308", "Normalized EBITDA": "-3,575", "Tax Rate for Calcs": "0", "Tax Effect of Unusual Items": "-70.84"}, "12/31/2019": {"Duration": "12/31/2019", "Total Revenue": "33,010", "Cost of Revenue": "9,917", "Gross Profit": "23,093", "Operating Expense": "30,928", "Operating Income": "-7,835", "Net Non Operating Interest Income Expense": "1,759", "Other Income Expense": "-587", "Pretax Income": "-6,663", "Tax Provision": "169", "Net Income Common Stockholders": "-6,832", "Diluted NI Available to Com Stockholders": "-6,832", "Basic EPS": "-0.50", "Diluted EPS": "-0.50", "Basic Average Shares": "13,780", "Diluted Average Shares": "13,780", "Total Operating Income as Reported": "-7,835", "Total Expenses": "40,845", "Net Income from Continuing & Discontinued Operation": "-6,832", "Normalized Income": "-6,380", "Interest Income": "1,775", "Net Interest Income": "1,759", "EBIT": "-7,835", "EBITDA": "-", "Reconciled Cost of Revenue": "9,917", "Reconciled Depreciation": "752", "Net Income from Continuing Operation Net Minority Interest": "-6,832", "Total Unusual Items Excluding Goodwill": "-587", "Total Unusual Items": "-587", "Normalized EBITDA": "-6,496", "Tax Rate for Calcs": "0", "Tax Effect of Unusual Items": "-135.01"}, "12/31/2018": {"Duration": "12/31/2018", "Total Revenue": "34,050", "Cost of Revenue": "8,866", "Gross Profit": "25,184", "Operating Expense": "28,672", "Operating Income": "-3,488", "Net Non Operating Interest Income Expense": "1,440", "Other Income Expense": "-304", "Pretax Income": "-2,352", "Tax Provision": "63", "Net Income Common Stockholders": "-2,415", "Diluted NI Available to Com Stockholders": "-2,415", "Basic EPS": "-0.18", "Diluted EPS": "-0.18", "Basic Average Shares": "13,631", "Diluted Average Shares": "13,631", "Total Operating Income as Reported": "-3,488", "Total Expenses": "37,538", "Net Income from Continuing & Discontinued Operation": "-2,415", "Normalized Income": "-2,181", "Interest Income": "1,455", "Net Interest Income": "1,440", "EBIT": "-3,488", "EBITDA": "-", "Reconciled Cost of Revenue": "8,866", "Reconciled Depreciation": "657", "Net Income from Continuing Operation Net Minority Interest": "-2,415", "Total Unusual Items Excluding Goodwill": "-304", "Total Unusual Items": "-304", "Normalized EBITDA": "-2,527", "Tax Rate for Calcs": "0", "Tax Effect of Unusual Items": "-69.92"}}, "bs": {"12/31/2020": {"Duration": "12/31/2020", "Total Assets": "93,639", "Total Liabilities Net Minority Interest": "21,620", "Total Equity Gross Minority Interest": "72,019", "Total Capitalization": "72,019", "Common Stock Equity": "72,019", "Capital Lease Obligations": "3,036", "Net Tangible Assets": "72,019", "Working Capital": "68,480", "Invested Capital": "72,019", "Tangible Book Value": "72,019", "Total Debt": "3,036", "Share Issued": "13,967", "Ordinary Shares Number": "13,931", "Treasury Shares Number": "36.032"}, "12/31/2019": {"Duration": "12/31/2019", "Total Assets": "96,402", "Total Liabilities Net Minority Interest": "22,532", "Total Equity Gross Minority Interest": "73,870", "Total Capitalization": "73,870", "Common Stock Equity": "73,870", "Capital Lease Obligations": "6,230", "Net Tangible Assets": "73,870", "Working Capital": "70,487", "Invested Capital": "73,870", "Tangible Book Value": "73,870", "Total Debt": "6,230", "Share Issued": "13,786", "Ordinary Shares Number": "13,786", "Treasury Shares Number": "-"}, "12/31/2018": {"Duration": "12/31/2018", "Total Assets": "89,531", "Total Liabilities Net Minority Interest": "11,051", "Total Equity Gross Minority Interest": "78,480", "Total Capitalization": "78,480", "Common Stock Equity": "78,480", "Capital Lease Obligations": "-", "Net Tangible Assets": "78,480", "Working Capital": "76,860", "Invested Capital": "78,480", "Tangible Book Value": "78,480", "Total Debt": "-", "Share Issued": "13,736", "Ordinary Shares Number": "13,700", "Treasury Shares Number": "36.032"}}, "cf": {"TTM": {"Duration": "TTM", "Operating Cash Flow": "-50", "Investing Cash Flow": "7,599", "Financing Cash Flow": "0", "End Cash Position": "13,548", "Income Tax Paid Supplemental Data": "128", "Capital Expenditure": "-427", "Issuance of Capital Stock": "-", "Free Cash Flow": "-477"}, "12/31/2020": {"Duration": "12/31/2020", "Operating Cash Flow": "-50", "Investing Cash Flow": "7,599", "Financing Cash Flow": "0", "End Cash Position": "13,548", "Income Tax Paid Supplemental Data": "128", "Capital Expenditure": "-427", "Issuance of Capital Stock": "-", "Free Cash Flow": "-477"}, "12/31/2019": {"Duration": "12/31/2019", "Operating Cash Flow": "6,840", "Investing Cash Flow": "-62,616", "Financing Cash Flow": "16", "End Cash Position": "6,201", "Income Tax Paid Supplemental Data": "118", "Capital Expenditure": "-699", "Issuance of Capital Stock": "0", "Free Cash Flow": "6,141"}, "12/31/2018": {"Duration": "12/31/2018", "Operating Cash Flow": "-1,949", "Investing Cash Flow": "39,338", "Financing Cash Flow": "2,133", "End Cash Position": "61,988", "Income Tax Paid Supplemental Data": "25", "Capital Expenditure": "-662", "Issuance of Capital Stock": "0", "Free Cash Flow": "-2,611"}}}}, {"SCKT": {"quote": {"05/12/2021": {"value": "5.10", "Market Cap": "35.401M", "Beta (5Y Monthly)": "0.72", "PE Ratio (TTM)": "N/A", "EPS (TTM)": "-0.46", "Earnings Date": "Apr 22, 2021", "Forward Dividend & Yield": "N/A (N/A)", "Ex-Dividend Date": "N/A", "1y Target Est": "N/A"}}, "fin": {"TTM": {"Duration": "TTM", "Total Revenue": "15,700", "Cost of Revenue": "7,365", "Gross Profit": "8,335", "Operating Expense": "8,258", "Operating Income": "76.429", "Net Non Operating Interest Income Expense": "-97.488", "Other Income Expense": "-3,308", "Pretax Income": "-3,329", "Tax Provision": "-50.758", "Net Income Common Stockholders": "-3,090", "Average Dilution Earnings": "-", "Diluted NI Available to Com Stockholders": "-3,090", "Basic EPS": "-", "Diluted EPS": "-", "Basic Average Shares": "-", "Diluted Average Shares": "-", "Total Operating Income as Reported": "-4,351", "Total Expenses": "15,624", "Net Income from Continuing & Discontinued Operation": "-3,279", "Normalized Income": "89.699", "Interest Expense": "97.488", "Net Interest Income": "-97.488", "EBIT": "-3,232", "EBITDA": "-2,635", "Reconciled Cost of Revenue": "7,365", "Reconciled Depreciation": "596.9", "Net Income from Continuing Operation Net Minority Interest": "-3,279", "Total Unusual Items Excluding Goodwill": "-3,368", "Total Unusual Items": "-3,368", "Normalized EBITDA": "733.329", "Tax Rate for Calcs": "0", "Tax Effect of Unusual Items": "0"}, "12/31/2020": {"Duration": "12/31/2020", "Total Revenue": "15,700", "Cost of Revenue": "7,365", "Gross Profit": "8,335", "Operating Expense": "8,258", "Operating Income": "76.429", "Net Non Operating Interest Income Expense": "-97.488", "Other Income Expense": "-3,308", "Pretax Income": "-3,329", "Tax Provision": "-50.758", "Net Income Common Stockholders": "-3,090", "Average Dilution Earnings": "-", "Diluted NI Available to Com Stockholders": "-3,090", "Basic EPS": "-", "Diluted EPS": "-", "Basic Average Shares": "-", "Diluted Average Shares": "-", "Total Operating Income as Reported": "-4,351", "Total Expenses": "15,624", "Net Income from Continuing & Discontinued Operation": "-3,279", "Normalized Income": "89.699", "Interest Expense": "97.488", "Net Interest Income": "-97.488", "EBIT": "-3,232", "EBITDA": "-", "Reconciled Cost of Revenue": "7,365", "Reconciled Depreciation": "596.9", "Net Income from Continuing Operation Net Minority Interest": "-3,279", "Total Unusual Items Excluding Goodwill": "-3,368", "Total Unusual Items": "-3,368", "Normalized EBITDA": "733.329", "Tax Rate for Calcs": "0", "Tax Effect of Unusual Items": "0"}, "12/31/2019": {"Duration": "12/31/2019", "Total Revenue": "19,253", "Cost of Revenue": "9,152", "Gross Profit": "10,101", "Operating Expense": "9,494", "Operating Income": "606.37", "Net Non Operating Interest Income Expense": "-100.656", "Other Income Expense": "-", "Pretax Income": "505.714", "Tax Provision": "219.128", "Net Income Common Stockholders": "286.586", "Average Dilution Earnings": "-", "Diluted NI Available to Com Stockholders": "286.586", "Basic EPS": "0.05", "Diluted EPS": "0.05", "Basic Average Shares": "5,985", "Diluted Average Shares": "6,208", "Total Operating Income as Reported": "606.37", "Total Expenses": "18,647", "Net Income from Continuing & Discontinued Operation": "286.586", "Normalized Income": "286.586", "Interest Expense": "-", "Net Interest Income": "-100.656", "EBIT": "606.37", "EBITDA": "-", "Reconciled Cost of Revenue": "9,152", "Reconciled Depreciation": "462.93", "Net Income from Continuing Operation Net Minority Interest": "286.586", "Total Unusual Items Excluding Goodwill": "-", "Total Unusual Items": "-", "Normalized EBITDA": "1,069", "Tax Rate for Calcs": "0", "Tax Effect of Unusual Items": "0"}, "12/31/2018": {"Duration": "12/31/2018", "Total Revenue": "16,454", "Cost of Revenue": "7,998", "Gross Profit": "8,456", "Operating Expense": "9,042", "Operating Income": "-585.988", "Net Non Operating Interest Income Expense": "-128.612", "Other Income Expense": "-", "Pretax Income": "-714.6", "Tax Provision": "-143.459", "Net Income Common Stockholders": "-571.141", "Average Dilution Earnings": "-", "Diluted NI Available to Com Stockholders": "-571.141", "Basic EPS": "-0.09", "Diluted EPS": "-0.09", "Basic Average Shares": "6,095", "Diluted Average Shares": "6,095", "Total Operating Income as Reported": "-585.988", "Total Expenses": "17,040", "Net Income from Continuing & Discontinued Operation": "-571.141", "Normalized Income": "-571.141", "Interest Expense": "-", "Net Interest Income": "-128.612", "EBIT": "-585.988", "EBITDA": "-", "Reconciled Cost of Revenue": "7,998", "Reconciled Depreciation": "432.042", "Net Income from Continuing Operation Net Minority Interest": "-571.141", "Total Unusual Items Excluding Goodwill": "-", "Total Unusual Items": "-", "Normalized EBITDA": "-153.946", "Tax Rate for Calcs": "0", "Tax Effect of Unusual Items": "0"}}, "bs": {"12/31/2020": {"Duration": "12/31/2020", "Total Assets": "15,058", "Total Liabilities Net Minority Interest": "4,436", "Total Equity Gross Minority Interest": "10,622", "Total Capitalization": "10,622", "Common Stock Equity": "10,622", "Capital Lease Obligations": "741.351", "Net Tangible Assets": "10,622", "Working Capital": "3,786", "Invested Capital": "12,064", "Tangible Book Value": "10,622", "Total Debt": "2,183", "Net Debt": "-", "Share Issued": "6,103", "Ordinary Shares Number": "6,103"}, "12/31/2019": {"Duration": "12/31/2019", "Total Assets": "19,458", "Total Liabilities Net Minority Interest": "6,224", "Total Equity Gross Minority Interest": "13,234", "Total Capitalization": "13,234", "Common Stock Equity": "13,234", "Capital Lease Obligations": "1,143", "Net Tangible Assets": "8,807", "Working Capital": "2,052", "Invested Capital": "14,980", "Tangible Book Value": "8,807", "Total Debt": "2,888", "Net Debt": "786.922", "Share Issued": "6,018", "Ordinary Shares Number": "6,018"}, "12/31/2018": {"Duration": "12/31/2018", "Total Assets": "17,331", "Total Liabilities Net Minority Interest": "4,927", "Total Equity Gross Minority Interest": "12,404", "Total Capitalization": "12,738", "Common Stock Equity": "12,404", "Capital Lease Obligations": "268.849", "Net Tangible Assets": "7,977", "Working Capital": "1,841", "Invested Capital": "14,555", "Tangible Book Value": "7,977", "Total Debt": "2,419", "Net Debt": "1,065", "Share Issued": "5,883", "Ordinary Shares Number": "5,883"}}, "cf": {"TTM": {"Duration": "TTM", "Operating Cash Flow": "804.445", "Investing Cash Flow": "-536.481", "Financing Cash Flow": "894.939", "End Cash Position": "2,122", "Income Tax Paid Supplemental Data": "4.918", "Interest Paid Supplemental Data": "94.417", "Capital Expenditure": "-536.481", "Issuance of Debt": "8,269", "Repayment of Debt": "-7,534", "Repurchase of Capital Stock": "-8.48", "Free Cash Flow": "267.964"}, "12/31/2020": {"Duration": "12/31/2020", "Operating Cash Flow": "804.445", "Investing Cash Flow": "-536.481", "Financing Cash Flow": "894.939", "End Cash Position": "2,122", "Income Tax Paid Supplemental Data": "4.918", "Interest Paid Supplemental Data": "94.417", "Capital Expenditure": "-536.481", "Issuance of Debt": "8,269", "Repayment of Debt": "-7,534", "Repurchase of Capital Stock": "-8.48", "Free Cash Flow": "267.964"}, "12/31/2019": {"Duration": "12/31/2019", "Operating Cash Flow": "873.534", "Investing Cash Flow": "-602.954", "Financing Cash Flow": "-396.711", "End Cash Position": "958.86", "Income Tax Paid Supplemental Data": "-", "Interest Paid Supplemental Data": "100.048", "Capital Expenditure": "-602.954", "Issuance of Debt": "17,423", "Repayment of Debt": "-17,843", "Repurchase of Capital Stock": "0", "Free Cash Flow": "270.58"}, "12/31/2018": {"Duration": "12/31/2018", "Operating Cash Flow": "750.145", "Investing Cash Flow": "-423.7", "Financing Cash Flow": "-2,621", "End Cash Position": "1,085", "Income Tax Paid Supplemental Data": "0", "Interest Paid Supplemental Data": "105.082", "Capital Expenditure": "-423.7", "Issuance of Debt": "17,547", "Repayment of Debt": "-15,425", "Repurchase of Capital Stock": "-5,022", "Free Cash Flow": "326.445"}}}}, {"VMRI": {"quote": {"05/12/2021": {"value": "0.0120", "Market Cap": "973,996", "Beta (5Y Monthly)": "-1.51", "PE Ratio (TTM)": "N/A", "EPS (TTM)": "-0.0180", "Earnings Date": "N/A", "Forward Dividend & Yield": "N/A (N/A)", "Ex-Dividend Date": "N/A", "1y Target Est": "N/A"}}, "fin": {}, "bs": {}, "cf": {}}}, {"EFII": {"fin": {}, "bs": {}, "cf": {}}}]