[{"REX": {"quote": {"05/12/2021": {"value": "77.01", "Market Cap": "461.444M", "Beta (5Y Monthly)": "1.10", "PE Ratio (TTM)": "158.13", "EPS (TTM)": "0.49", "Earnings Date": "Mar 25, 2021", "Forward Dividend & Yield": "N/A (N/A)", "Ex-Dividend Date": "N/A", "1y Target Est": "100.00"}}, "fin": {"TTM": {"Duration": "TTM", "Total Revenue": "372,846", "Cost of Revenue": "358,985", "Gross Profit": "13,861", "Operating Expense": "17,661", "Operating Income": "-3,800", "Net Non Operating Interest Income Expense": "1,818", "Other Income Expense": "500", "Pretax Income": "-1,482", "Tax Provision": "-7,100", "Net Income Common Stockholders": "3,001", "Diluted NI Available to Com Stockholders": "3,001", "Basic EPS": "-", "Diluted EPS": "-", "Basic Average Shares": "-", "Diluted Average Shares": "-", "Total Expenses": "376,646", "Net Income from Continuing & Discontinued Operation": "3,001", "Normalized Income": "3,001", "Interest Income": "1,818", "Net Interest Income": "1,818", "EBIT": "-3,800", "EBITDA": "22,464", "Reconciled Cost of Revenue": "358,985", "Reconciled Depreciation": "26,264", "Net Income from Continuing Operation Net Minority Interest": "3,001", "Total Unusual Items Excluding Goodwill": "-", "Total Unusual Items": "-", "Normalized EBITDA": "22,464", "Tax Rate for Calcs": "0", "Tax Effect of Unusual Items": "0"}, "1/31/2021": {"Duration": "1/31/2021", "Total Revenue": "372,846", "Cost of Revenue": "358,985", "Gross Profit": "13,861", "Operating Expense": "17,661", "Operating Income": "-3,800", "Net Non Operating Interest Income Expense": "1,818", "Other Income Expense": "500", "Pretax Income": "-1,482", "Tax Provision": "-7,100", "Net Income Common Stockholders": "3,001", "Diluted NI Available to Com Stockholders": "3,001", "Basic EPS": "-", "Diluted EPS": "-", "Basic Average Shares": "-", "Diluted Average Shares": "-", "Total Expenses": "376,646", "Net Income from Continuing & Discontinued Operation": "3,001", "Normalized Income": "3,001", "Interest Income": "1,818", "Net Interest Income": "1,818", "EBIT": "-3,800", "EBITDA": "-", "Reconciled Cost of Revenue": "358,985", "Reconciled Depreciation": "26,264", "Net Income from Continuing Operation Net Minority Interest": "3,001", "Total Unusual Items Excluding Goodwill": "-", "Total Unusual Items": "-", "Normalized EBITDA": "22,464", "Tax Rate for Calcs": "0", "Tax Effect of Unusual Items": "0"}, "1/31/2020": {"Duration": "1/31/2020", "Total Revenue": "418,034", "Cost of Revenue": "405,549", "Gross Profit": "12,485", "Operating Expense": "19,258", "Operating Income": "-6,773", "Net Non Operating Interest Income Expense": "4,120", "Other Income Expense": "1,484", "Pretax Income": "-1,169", "Tax Provision": "-12,813", "Net Income Common Stockholders": "7,427", "Diluted NI Available to Com Stockholders": "7,427", "Basic EPS": "1.18", "Diluted EPS": "1.18", "Basic Average Shares": "6,318", "Diluted Average Shares": "6,318", "Total Expenses": "424,807", "Net Income from Continuing & Discontinued Operation": "7,427", "Normalized Income": "7,427", "Interest Income": "4,120", "Net Interest Income": "4,120", "EBIT": "-6,773", "EBITDA": "-", "Reconciled Cost of Revenue": "405,549", "Reconciled Depreciation": "29,311", "Net Income from Continuing Operation Net Minority Interest": "7,427", "Total Unusual Items Excluding Goodwill": "-", "Total Unusual Items": "-", "Normalized EBITDA": "22,538", "Tax Rate for Calcs": "0", "Tax Effect of Unusual Items": "0"}, "1/31/2019": {"Duration": "1/31/2019", "Total Revenue": "486,671", "Cost of Revenue": "456,456", "Gross Profit": "30,215", "Operating Expense": "20,551", "Operating Income": "9,664", "Net Non Operating Interest Income Expense": "3,514", "Other Income Expense": "1,410", "Pretax Income": "14,588", "Tax Provision": "-22,922", "Net Income Common Stockholders": "31,645", "Diluted NI Available to Com Stockholders": "31,645", "Basic EPS": "4.91", "Diluted EPS": "4.91", "Basic Average Shares": "6,440", "Diluted Average Shares": "6,440", "Total Expenses": "477,007", "Net Income from Continuing & Discontinued Operation": "31,645", "Normalized Income": "31,721", "Interest Income": "3,514", "Net Interest Income": "3,514", "EBIT": "9,664", "EBITDA": "-", "Reconciled Cost of Revenue": "456,456", "Reconciled Depreciation": "24,828", "Net Income from Continuing Operation Net Minority Interest": "31,645", "Total Unusual Items Excluding Goodwill": "-104", "Total Unusual Items": "-104", "Normalized EBITDA": "34,596", "Tax Rate for Calcs": "0", "Tax Effect of Unusual Items": "-28.08"}}, "bs": {"1/31/2021": {"Duration": "1/31/2021", "Total Assets": "479,345", "Total Liabilities Net Minority Interest": "42,162", "Total Equity Gross Minority Interest": "437,183", "Total Capitalization": "384,783", "Common Stock Equity": "384,783", "Capital Lease Obligations": "12,314", "Net Tangible Assets": "384,783", "Working Capital": "228,013", "Invested Capital": "384,783", "Tangible Book Value": "384,783", "Total Debt": "12,314", "Share Issued": "29,853", "Ordinary Shares Number": "5,992", "Treasury Shares Number": "23,861"}, "1/31/2020": {"Duration": "1/31/2020", "Total Assets": "500,502", "Total Liabilities Net Minority Interest": "46,896", "Total Equity Gross Minority Interest": "453,606", "Total Capitalization": "401,007", "Common Stock Equity": "401,007", "Capital Lease Obligations": "15,623", "Net Tangible Assets": "401,007", "Working Capital": "239,536", "Invested Capital": "401,007", "Tangible Book Value": "401,007", "Total Debt": "15,623", "Share Issued": "29,853", "Ordinary Shares Number": "6,292", "Treasury Shares Number": "23,561"}, "1/31/2019": {"Duration": "1/31/2019", "Total Assets": "471,393", "Total Liabilities Net Minority Interest": "26,122", "Total Equity Gross Minority Interest": "445,271", "Total Capitalization": "392,937", "Common Stock Equity": "392,937", "Capital Lease Obligations": "-", "Net Tangible Assets": "392,937", "Working Capital": "233,612", "Invested Capital": "392,937", "Tangible Book Value": "392,937", "Total Debt": "-", "Share Issued": "29,853", "Ordinary Shares Number": "6,273", "Treasury Shares Number": "23,580"}}, "cf": {"TTM": {"Duration": "TTM", "Operating Cash Flow": "8,623", "Investing Cash Flow": "-20,791", "Financing Cash Flow": "-22,445", "End Cash Position": "146,158", "Capital Expenditure": "-10,412", "Repurchase of Capital Stock": "-19,629", "Free Cash Flow": "-1,789"}, "1/31/2021": {"Duration": "1/31/2021", "Operating Cash Flow": "8,623", "Investing Cash Flow": "-20,791", "Financing Cash Flow": "-22,445", "End Cash Position": "146,158", "Capital Expenditure": "-10,412", "Repurchase of Capital Stock": "-19,629", "Free Cash Flow": "-1,789"}, "1/31/2020": {"Duration": "1/31/2020", "Operating Cash Flow": "10,343", "Investing Cash Flow": "-14,432", "Financing Cash Flow": "-3,952", "End Cash Position": "180,771", "Capital Expenditure": "-3,776", "Repurchase of Capital Stock": "0", "Free Cash Flow": "6,567"}, "1/31/2019": {"Duration": "1/31/2019", "Operating Cash Flow": "47,931", "Investing Cash Flow": "-24,641", "Financing Cash Flow": "-25,820", "End Cash Position": "188,812", "Capital Expenditure": "-10,775", "Repurchase of Capital Stock": "-21,855", "Free Cash Flow": "37,156"}}}}, {"AAPC": {"quote": {"05/12/2021": {"value": "", "Net Assets": "N/A", "Beta (5Y Monthly)": "N/A", "Yield": "N/A", "5y Average Return": "N/A", "Holdings Turnover": "N/A", "Last Dividend": "N/A", "Average for Category": "N/A", "Inception Date": "N/A"}}, "fin": {}, "bs": {}, "cf": {}}}, {"AGFS": {"quote": {"05/12/2021": {"value": "2.1350", "Market Cap": "111.961M", "Beta (5Y Monthly)": "0.96", "PE Ratio (TTM)": "N/A", "EPS (TTM)": "-1.2640", "Earnings Date": "May 13, 2021", "Forward Dividend & Yield": "N/A (N/A)", "Ex-Dividend Date": "N/A", "1y Target Est": "4.17"}}, "fin": {"TTM": {"Duration": "TTM", "Total Revenue": "157,643", "Cost of Revenue": "42,217", "Gross Profit": "115,426", "Operating Expense": "106,974", "Operating Income": "8,452", "Net Non Operating Interest Income Expense": "-23,669", "Other Income Expense": "-6,373", "Pretax Income": "-21,590", "Tax Provision": "31,376", "Net Income Common Stockholders": "-64,199", "Diluted NI Available to Com Stockholders": "-64,199", "Basic EPS": "-", "Diluted EPS": "-", "Basic Average Shares": "-", "Diluted Average Shares": "-", "Total Operating Income as Reported": "8,452", "Total Expenses": "149,191", "Net Income from Continuing & Discontinued Operation": "-53,711", "Normalized Income": "-47,970", "Interest Expense": "23,669", "Net Interest Income": "-23,669", "EBIT": "2,079", "EBITDA": "49,049", "Reconciled Cost of Revenue": "38,978", "Reconciled Depreciation": "46,970", "Net Income from Continuing Operation Net Minority Interest": "-53,711", "Total Unusual Items Excluding Goodwill": "-7,864", "Total Unusual Items": "-7,864", "Normalized EBITDA": "56,913", "Tax Rate for Calcs": "0", "Tax Effect of Unusual Items": "-2,123"}, "12/31/2020": {"Duration": "12/31/2020", "Total Revenue": "157,643", "Cost of Revenue": "42,217", "Gross Profit": "115,426", "Operating Expense": "106,974", "Operating Income": "8,452", "Net Non Operating Interest Income Expense": "-23,669", "Other Income Expense": "-6,373", "Pretax Income": "-21,590", "Tax Provision": "31,376", "Net Income Common Stockholders": "-64,199", "Diluted NI Available to Com Stockholders": "-64,199", "Basic EPS": "-", "Diluted EPS": "-", "Basic Average Shares": "-", "Diluted Average Shares": "-", "Total Operating Income as Reported": "8,452", "Total Expenses": "149,191", "Net Income from Continuing & Discontinued Operation": "-53,711", "Normalized Income": "-47,970", "Interest Expense": "23,669", "Net Interest Income": "-23,669", "EBIT": "2,079", "EBITDA": "-", "Reconciled Cost of Revenue": "38,978", "Reconciled Depreciation": "46,970", "Net Income from Continuing Operation Net Minority Interest": "-53,711", "Total Unusual Items Excluding Goodwill": "-7,864", "Total Unusual Items": "-7,864", "Normalized EBITDA": "56,913", "Tax Rate for Calcs": "0", "Tax Effect of Unusual Items": "-2,123"}, "12/31/2019": {"Duration": "12/31/2019", "Total Revenue": "170,065", "Cost of Revenue": "45,049", "Gross Profit": "125,016", "Operating Expense": "154,677", "Operating Income": "-29,661", "Net Non Operating Interest Income Expense": "-33,784", "Other Income Expense": "-15,208", "Pretax Income": "-78,653", "Tax Provision": "-17,143", "Net Income Common Stockholders": "-60,832", "Diluted NI Available to Com Stockholders": "-60,832", "Basic EPS": "-1.21", "Diluted EPS": "-1.21", "Basic Average Shares": "50,124", "Diluted Average Shares": "50,124", "Total Operating Income as Reported": "-40,755", "Total Expenses": "199,726", "Net Income from Continuing & Discontinued Operation": "-60,832", "Normalized Income": "-48,929", "Interest Expense": "33,784", "Net Interest Income": "-33,784", "EBIT": "-44,869", "EBITDA": "-", "Reconciled Cost of Revenue": "42,712", "Reconciled Depreciation": "83,456", "Net Income from Continuing Operation Net Minority Interest": "-60,832", "Total Unusual Items Excluding Goodwill": "-15,221", "Total Unusual Items": "-15,221", "Normalized EBITDA": "53,808", "Tax Rate for Calcs": "0", "Tax Effect of Unusual Items": "-3,318"}, "12/31/2018": {"Duration": "12/31/2018", "Total Revenue": "178,786", "Cost of Revenue": "46,271", "Gross Profit": "132,515", "Operating Expense": "125,589", "Operating Income": "6,926", "Net Non Operating Interest Income Expense": "-34,451", "Other Income Expense": "-875", "Pretax Income": "-28,400", "Tax Provision": "1,840", "Net Income Common Stockholders": "-30,060", "Diluted NI Available to Com Stockholders": "-30,060", "Basic EPS": "-0.60", "Diluted EPS": "-0.60", "Basic Average Shares": "49,884", "Diluted Average Shares": "49,884", "Total Operating Income as Reported": "7,344", "Total Expenses": "171,860", "Net Income from Continuing & Discontinued Operation": "-30,060", "Normalized Income": "-29,108", "Interest Expense": "34,451", "Net Interest Income": "-34,451", "EBIT": "6,051", "EBITDA": "-", "Reconciled Cost of Revenue": "44,624", "Reconciled Depreciation": "47,593", "Net Income from Continuing Operation Net Minority Interest": "-30,060", "Total Unusual Items Excluding Goodwill": "-1,304", "Total Unusual Items": "-1,304", "Normalized EBITDA": "54,948", "Tax Rate for Calcs": "0", "Tax Effect of Unusual Items": "-352.08"}}, "bs": {"12/31/2020": {"Duration": "12/31/2020", "Total Assets": "785,783", "Total Liabilities Net Minority Interest": "513,390", "Total Equity Gross Minority Interest": "272,393", "Total Capitalization": "536,884", "Common Stock Equity": "272,393", "Capital Lease Obligations": "6,358", "Net Tangible Assets": "-323,733", "Working Capital": "102,573", "Invested Capital": "540,262", "Tangible Book Value": "-323,733", "Total Debt": "274,227", "Net Debt": "217,839", "Share Issued": "53,092", "Ordinary Shares Number": "52,431", "Preferred Shares Number": "-", "Treasury Shares Number": "661.381"}, "12/31/2019": {"Duration": "12/31/2019", "Total Assets": "805,692", "Total Liabilities Net Minority Interest": "471,662", "Total Equity Gross Minority Interest": "334,030", "Total Capitalization": "724,509", "Common Stock Equity": "326,445", "Capital Lease Obligations": "6,832", "Net Tangible Assets": "-311,247", "Working Capital": "82,567", "Invested Capital": "729,184", "Tangible Book Value": "-311,247", "Total Debt": "409,571", "Net Debt": "373,451", "Share Issued": "51,840", "Ordinary Shares Number": "51,178", "Preferred Shares Number": "-", "Treasury Shares Number": "661.381"}, "12/31/2018": {"Duration": "12/31/2018", "Total Assets": "899,287", "Total Liabilities Net Minority Interest": "526,711", "Total Equity Gross Minority Interest": "372,576", "Total Capitalization": "764,622", "Common Stock Equity": "364,313", "Capital Lease Obligations": "-", "Net Tangible Assets": "-354,324", "Working Capital": "79,105", "Invested Capital": "771,041", "Tangible Book Value": "-354,324", "Total Debt": "406,728", "Net Debt": "371,876", "Share Issued": "51,072", "Ordinary Shares Number": "50,410", "Preferred Shares Number": "0.001", "Treasury Shares Number": "661.381"}}, "cf": {"TTM": {"Duration": "TTM", "Operating Cash Flow": "26,715", "Investing Cash Flow": "-2,395", "Financing Cash Flow": "-4,859", "End Cash Position": "50,030", "Income Tax Paid Supplemental Data": "2,722", "Interest Paid Supplemental Data": "23,792", "Capital Expenditure": "-2,395", "Issuance of Capital Stock": "145,490", "Issuance of Debt": "2,042", "Repayment of Debt": "-132,423", "Repurchase of Capital Stock": "-7,006", "Free Cash Flow": "24,320"}, "12/31/2020": {"Duration": "12/31/2020", "Operating Cash Flow": "26,715", "Investing Cash Flow": "-2,395", "Financing Cash Flow": "-4,859", "End Cash Position": "50,030", "Income Tax Paid Supplemental Data": "2,722", "Interest Paid Supplemental Data": "23,792", "Capital Expenditure": "-2,395", "Issuance of Capital Stock": "145,490", "Issuance of Debt": "2,042", "Repayment of Debt": "-132,423", "Repurchase of Capital Stock": "-7,006", "Free Cash Flow": "24,320"}, "12/31/2019": {"Duration": "12/31/2019", "Operating Cash Flow": "20,059", "Investing Cash Flow": "-4,426", "Financing Cash Flow": "-22,047", "End Cash Position": "29,817", "Income Tax Paid Supplemental Data": "2,642", "Interest Paid Supplemental Data": "30,144", "Capital Expenditure": "-4,176", "Issuance of Capital Stock": "-", "Issuance of Debt": "4,000", "Repayment of Debt": "-10,285", "Repurchase of Capital Stock": "-", "Free Cash Flow": "15,883"}, "12/31/2018": {"Duration": "12/31/2018", "Operating Cash Flow": "3,012", "Investing Cash Flow": "-5,751", "Financing Cash Flow": "-22,228", "End Cash Position": "34,852", "Income Tax Paid Supplemental Data": "6,949", "Interest Paid Supplemental Data": "34,712", "Capital Expenditure": "-4,164", "Issuance of Capital Stock": "-", "Issuance of Debt": "11,000", "Repayment of Debt": "-17,096", "Repurchase of Capital Stock": "0", "Free Cash Flow": "-1,152"}}}}, {"BLVD": {"quote": {"05/12/2021": {"value": "", "Net Assets": "N/A", "Beta (5Y Monthly)": "N/A", "Yield": "N/A", "5y Average Return": "N/A", "Holdings Turnover": "N/A", "Last Dividend": "N/A", "Average for Category": "N/A", "Inception Date": "N/A"}}, "fin": {}, "bs": {}, "cf": {}}}, {"ALLM": {"quote": {"05/12/2021": {"value": "0.2950", "Market Cap": "80.314M", "Beta (5Y Monthly)": "2.83", "PE Ratio (TTM)": "N/A", "EPS (TTM)": "-0.0090", "Earnings Date": "N/A", "Forward Dividend & Yield": "N/A (N/A)", "Ex-Dividend Date": "N/A", "1y Target Est": "N/A"}}, "fin": {"TTM": {"Duration": "TTM", "Total Revenue": "0", "Cost of Revenue": "-", "Gross Profit": "0", "Operating Expense": "1,991", "Operating Income": "-1,991", "Net Non Operating Interest Income Expense": "-190.192", "Other Income Expense": "-", "Pretax Income": "-2,181", "Tax Provision": "0", "Net Income Common Stockholders": "-2,181", "Diluted NI Available to Com Stockholders": "-2,181", "Basic EPS": "-", "Diluted EPS": "-", "Basic Average Shares": "-", "Diluted Average Shares": "-", "Total Operating Income as Reported": "-1,991", "Total Expenses": "1,991", "Net Income from Continuing & Discontinued Operation": "-2,181", "Normalized Income": "-2,181", "Interest Expense": "190.192", "Net Interest Income": "-190.192", "EBIT": "-1,991", "EBITDA": "-1,951", "Reconciled Cost of Revenue": "-", "Reconciled Depreciation": "40.124", "Net Income from Continuing Operation Net Minority Interest": "-2,181", "Total Unusual Items Excluding Goodwill": "0", "Total Unusual Items": "0", "Normalized EBITDA": "-1,951", "Tax Rate for Calcs": "0", "Tax Effect of Unusual Items": "0"}, "12/31/2020": {"Duration": "12/31/2020", "Total Revenue": "0", "Cost of Revenue": "-", "Gross Profit": "0", "Operating Expense": "1,991", "Operating Income": "-1,991", "Net Non Operating Interest Income Expense": "-190.192", "Other Income Expense": "-", "Pretax Income": "-2,181", "Tax Provision": "0", "Net Income Common Stockholders": "-2,181", "Diluted NI Available to Com Stockholders": "-2,181", "Basic EPS": "-", "Diluted EPS": "-", "Basic Average Shares": "-", "Diluted Average Shares": "-", "Total Operating Income as Reported": "-1,991", "Total Expenses": "1,991", "Net Income from Continuing & Discontinued Operation": "-2,181", "Normalized Income": "-2,181", "Interest Expense": "190.192", "Net Interest Income": "-190.192", "EBIT": "-1,991", "EBITDA": "-", "Reconciled Cost of Revenue": "-", "Reconciled Depreciation": "40.124", "Net Income from Continuing Operation Net Minority Interest": "-2,181", "Total Unusual Items Excluding Goodwill": "0", "Total Unusual Items": "0", "Normalized EBITDA": "-1,951", "Tax Rate for Calcs": "0", "Tax Effect of Unusual Items": "0"}, "12/31/2019": {"Duration": "12/31/2019", "Total Revenue": "60", "Cost of Revenue": "-", "Gross Profit": "60", "Operating Expense": "1,837", "Operating Income": "-1,777", "Net Non Operating Interest Income Expense": "0", "Other Income Expense": "2,782", "Pretax Income": "1,005", "Tax Provision": "0", "Net Income Common Stockholders": "1,005", "Diluted NI Available to Com Stockholders": "1,005", "Basic EPS": "0.01", "Diluted EPS": "0.01", "Basic Average Shares": "166,070", "Diluted Average Shares": "166,070", "Total Operating Income as Reported": "-1,777", "Total Expenses": "1,837", "Net Income from Continuing & Discontinued Operation": "1,005", "Normalized Income": "-1,777", "Interest Expense": "0", "Net Interest Income": "0", "EBIT": "1,005", "EBITDA": "-", "Reconciled Cost of Revenue": "-", "Reconciled Depreciation": "31.38", "Net Income from Continuing Operation Net Minority Interest": "1,005", "Total Unusual Items Excluding Goodwill": "2,782", "Total Unusual Items": "2,782", "Normalized EBITDA": "-1,745", "Tax Rate for Calcs": "0", "Tax Effect of Unusual Items": "0"}}, "bs": {"12/31/2020": {"Duration": "12/31/2020", "Total Assets": "892.502", "Total Liabilities Net Minority Interest": "4,229", "Total Equity Gross Minority Interest": "-3,337", "Total Capitalization": "-278.302", "Common Stock Equity": "-3,337", "Capital Lease Obligations": "152.424", "Net Tangible Assets": "-3,475", "Working Capital": "-766.555", "Invested Capital": "-203.302", "Tangible Book Value": "-3,475", "Total Debt": "3,286", "Net Debt": "2,847", "Share Issued": "241,722", "Ordinary Shares Number": "241,722"}, "12/31/2019": {"Duration": "12/31/2019", "Total Assets": "609.586", "Total Liabilities Net Minority Interest": "3,941", "Total Equity Gross Minority Interest": "-3,332", "Total Capitalization": "-239.676", "Common Stock Equity": "-3,332", "Capital Lease Obligations": "147.986", "Net Tangible Assets": "-3,411", "Working Capital": "-566.027", "Invested Capital": "-239.676", "Tangible Book Value": "-3,411", "Total Debt": "3,240", "Net Debt": "2,982", "Share Issued": "-", "Ordinary Shares Number": "-"}}, "cf": {"TTM": {"Duration": "TTM", "Operating Cash Flow": "-921.446", "Investing Cash Flow": "-206.315", "Financing Cash Flow": "1,304", "End Cash Position": "286.579", "Income Tax Paid Supplemental Data": "0", "Interest Paid Supplemental Data": "0", "Capital Expenditure": "-206.315", "Issuance of Capital Stock": "887.38", "Issuance of Debt": "66.33", "Repayment of Debt": "-", "Free Cash Flow": "-1,128"}, "12/31/2020": {"Duration": "12/31/2020", "Operating Cash Flow": "-921.446", "Investing Cash Flow": "-206.315", "Financing Cash Flow": "1,304", "End Cash Position": "286.579", "Income Tax Paid Supplemental Data": "0", "Interest Paid Supplemental Data": "0", "Capital Expenditure": "-206.315", "Issuance of Capital Stock": "887.38", "Issuance of Debt": "66.33", "Repayment of Debt": "-", "Free Cash Flow": "-1,128"}, "12/31/2019": {"Duration": "12/31/2019", "Operating Cash Flow": "-1,199", "Investing Cash Flow": "-118.545", "Financing Cash Flow": "1,324", "End Cash Position": "110.63", "Income Tax Paid Supplemental Data": "0", "Interest Paid Supplemental Data": "0", "Capital Expenditure": "-96.169", "Issuance of Capital Stock": "1,224", "Issuance of Debt": "100", "Repayment of Debt": "-", "Free Cash Flow": "-1,296"}}}}, {"DLYT": {"quote": {"05/12/2021": {"value": "0.2760", "Market Cap": "76,763", "Beta (5Y Monthly)": "-1.01", "PE Ratio (TTM)": "N/A", "EPS (TTM)": "-7.1470", "Earnings Date": "Apr 11, 2019", "Forward Dividend & Yield": "N/A (N/A)", "Ex-Dividend Date": "N/A", "1y Target Est": "N/A"}}, "fin": {"TTM": {"Duration": "TTM", "Total Revenue": "899.714", "Cost of Revenue": "536.156", "Gross Profit": "363.558", "Operating Expense": "1,267", "Operating Income": "-903.611", "Net Non Operating Interest Income Expense": "-1,409", "Other Income Expense": "-41.497", "Pretax Income": "-2,354", "Net Income Common Stockholders": "-2,354", "Diluted NI Available to Com Stockholders": "-2,354", "Basic EPS": "-", "Diluted EPS": "-", "Basic Average Shares": "-", "Diluted Average Shares": "-", "Total Operating Income as Reported": "-903.611", "Total Expenses": "1,803", "Net Income from Continuing & Discontinued Operation": "-2,354", "Normalized Income": "-2,313", "Interest Income": "-", "Interest Expense": "1,409", "Net Interest Income": "-1,409", "EBIT": "-945.108", "EBITDA": "-901.099", "Reconciled Cost of Revenue": "536.156", "Reconciled Depreciation": "44.009", "Net Income from Continuing Operation Net Minority Interest": "-2,354", "Total Unusual Items Excluding Goodwill": "-41.497", "Total Unusual Items": "-41.497", "Normalized EBITDA": "-859.602", "Tax Rate for Calcs": "0", "Tax Effect of Unusual Items": "0"}, "12/31/2019": {"Duration": "12/31/2019", "Total Revenue": "905.625", "Cost of Revenue": "600.213", "Gross Profit": "305.412", "Operating Expense": "1,573", "Operating Income": "-1,267", "Net Non Operating Interest Income Expense": "-2,127", "Other Income Expense": "-655.168", "Pretax Income": "-4,049", "Net Income Common Stockholders": "-4,049", "Diluted NI Available to Com Stockholders": "-4,049", "Basic EPS": "-19.20", "Diluted EPS": "-19.20", "Basic Average Shares": "210.94", "Diluted Average Shares": "210.94", "Total Operating Income as Reported": "-1,267", "Total Expenses": "2,173", "Net Income from Continuing & Discontinued Operation": "-4,049", "Normalized Income": "-3,394", "Interest Income": "-", "Interest Expense": "2,127", "Net Interest Income": "-2,127", "EBIT": "-1,923", "EBITDA": "-", "Reconciled Cost of Revenue": "600.213", "Reconciled Depreciation": "42.717", "Net Income from Continuing Operation Net Minority Interest": "-4,049", "Total Unusual Items Excluding Goodwill": "-655.168", "Total Unusual Items": "-655.168", "Normalized EBITDA": "-1,225", "Tax Rate for Calcs": "0", "Tax Effect of Unusual Items": "0"}, "12/31/2018": {"Duration": "12/31/2018", "Total Revenue": "1,381", "Cost of Revenue": "921.394", "Gross Profit": "459.857", "Operating Expense": "2,115", "Operating Income": "-1,656", "Net Non Operating Interest Income Expense": "-1,396", "Other Income Expense": "27.338", "Pretax Income": "-3,025", "Net Income Common Stockholders": "-3,025", "Diluted NI Available to Com Stockholders": "-3,025", "Basic EPS": "-40.00", "Diluted EPS": "-40.00", "Basic Average Shares": "72.228", "Diluted Average Shares": "72.228", "Total Operating Income as Reported": "-1,656", "Total Expenses": "3,037", "Net Income from Continuing & Discontinued Operation": "-3,025", "Normalized Income": "-3,052", "Interest Income": "-", "Interest Expense": "1,396", "Net Interest Income": "-1,396", "EBIT": "-1,628", "EBITDA": "-", "Reconciled Cost of Revenue": "921.394", "Reconciled Depreciation": "61.088", "Net Income from Continuing Operation Net Minority Interest": "-3,025", "Total Unusual Items Excluding Goodwill": "27.338", "Total Unusual Items": "27.338", "Normalized EBITDA": "-1,595", "Tax Rate for Calcs": "0", "Tax Effect of Unusual Items": "0"}}, "bs": {"12/31/2019": {"Duration": "12/31/2019", "Total Assets": "356.625", "Total Liabilities Net Minority Interest": "10,026", "Total Equity Gross Minority Interest": "-9,669", "Total Capitalization": "-9,659", "Common Stock Equity": "-9,669", "Net Tangible Assets": "-9,815", "Working Capital": "-9,841", "Invested Capital": "-6,490", "Tangible Book Value": "-9,815", "Total Debt": "3,179", "Net Debt": "3,175", "Share Issued": "278.757", "Ordinary Shares Number": "278.128", "Treasury Shares Number": "0.629"}, "12/31/2018": {"Duration": "12/31/2018", "Total Assets": "392.571", "Total Liabilities Net Minority Interest": "7,194", "Total Equity Gross Minority Interest": "-6,801", "Total Capitalization": "-6,801", "Common Stock Equity": "-6,801", "Net Tangible Assets": "-6,952", "Working Capital": "-7,014", "Invested Capital": "-4,660", "Tangible Book Value": "-6,952", "Total Debt": "2,141", "Net Debt": "2,112", "Share Issued": "74.909", "Ordinary Shares Number": "74.281", "Treasury Shares Number": "0.628"}}, "cf": {"TTM": {"Duration": "TTM", "Operating Cash Flow": "-635.767", "Investing Cash Flow": "-24.958", "Financing Cash Flow": "669.85", "End Cash Position": "22.899", "Interest Paid Supplemental Data": "-0.263", "Capital Expenditure": "-24.958", "Issuance of Debt": "723.85", "Repayment of Debt": "-54", "Free Cash Flow": "-660.725"}, "12/31/2019": {"Duration": "12/31/2019", "Operating Cash Flow": "-718.09", "Investing Cash Flow": "-11.547", "Financing Cash Flow": "704.42", "End Cash Position": "4.083", "Interest Paid Supplemental Data": "7.311", "Capital Expenditure": "-11.547", "Issuance of Debt": "738.1", "Repayment of Debt": "-33.68", "Free Cash Flow": "-729.637"}, "12/31/2018": {"Duration": "12/31/2018", "Operating Cash Flow": "-1,069", "Investing Cash Flow": "-59.844", "Financing Cash Flow": "1,036", "End Cash Position": "29.3", "Interest Paid Supplemental Data": "195.21", "Capital Expenditure": "-59.844", "Issuance of Debt": "1,534", "Repayment of Debt": "-497.796", "Free Cash Flow": "-1,129"}}}}, {"ANDA": {"quote": {"05/12/2021": {"value": "10.16", "Market Cap": "44.897M", "Beta (5Y Monthly)": "0.00", "PE Ratio (TTM)": "N/A", "EPS (TTM)": "-0.17", "Earnings Date": "N/A", "Forward Dividend & Yield": "N/A (N/A)", "Ex-Dividend Date": "N/A", "1y Target Est": "N/A"}}, "fin": {"TTM": {"Duration": "TTM", "Total Revenue": "0", "Operating Expense": "1,140", "Operating Income": "-1,140", "Net Non Operating Interest Income Expense": "556.03", "Other Income Expense": "0.142", "Pretax Income": "-583.689", "Net Income Common Stockholders": "-623.233", "Diluted NI Available to Com Stockholders": "-623.233", "Basic EPS": "-", "Diluted EPS": "-", "Basic Average Shares": "-", "Diluted Average Shares": "-", "Total Operating Income as Reported": "-1,140", "Total Expenses": "1,140", "Net Income from Continuing & Discontinued Operation": "-583.689", "Normalized Income": "-583.831", "Interest Income": "556.03", "Net Interest Income": "556.03", "EBIT": "-1,140", "EBITDA": "-1,140", "Net Income from Continuing Operation Net Minority Interest": "-583.689", "Total Unusual Items Excluding Goodwill": "0.142", "Total Unusual Items": "0.142", "Normalized EBITDA": "-1,140", "Tax Rate for Calcs": "0", "Tax Effect of Unusual Items": "0"}, "12/31/2020": {"Duration": "12/31/2020", "Total Revenue": "0", "Operating Expense": "1,140", "Operating Income": "-1,140", "Net Non Operating Interest Income Expense": "556.03", "Other Income Expense": "0.142", "Pretax Income": "-583.689", "Net Income Common Stockholders": "-623.233", "Diluted NI Available to Com Stockholders": "-623.233", "Basic EPS": "-", "Diluted EPS": "-", "Basic Average Shares": "-", "Diluted Average Shares": "-", "Total Operating Income as Reported": "-1,140", "Total Expenses": "1,140", "Net Income from Continuing & Discontinued Operation": "-583.689", "Normalized Income": "-583.831", "Interest Income": "556.03", "Net Interest Income": "556.03", "EBIT": "-1,140", "EBITDA": "-", "Net Income from Continuing Operation Net Minority Interest": "-583.689", "Total Unusual Items Excluding Goodwill": "0.142", "Total Unusual Items": "0.142", "Normalized EBITDA": "-1,140", "Tax Rate for Calcs": "0", "Tax Effect of Unusual Items": "0"}, "12/31/2019": {"Duration": "12/31/2019", "Total Revenue": "0", "Operating Expense": "386.675", "Operating Income": "-386.675", "Net Non Operating Interest Income Expense": "2,137", "Other Income Expense": "12.428", "Pretax Income": "1,762", "Net Income Common Stockholders": "-295.982", "Diluted NI Available to Com Stockholders": "-295.982", "Basic EPS": "-0.09", "Diluted EPS": "-0.09", "Basic Average Shares": "3,446", "Diluted Average Shares": "3,446", "Total Operating Income as Reported": "-386.675", "Total Expenses": "386.675", "Net Income from Continuing & Discontinued Operation": "1,762", "Normalized Income": "1,754", "Interest Income": "2,137", "Net Interest Income": "2,137", "EBIT": "-386.675", "EBITDA": "-", "Net Income from Continuing Operation Net Minority Interest": "1,762", "Total Unusual Items Excluding Goodwill": "12.428", "Total Unusual Items": "12.428", "Normalized EBITDA": "-399.103", "Tax Rate for Calcs": "0", "Tax Effect of Unusual Items": "4.1012"}, "12/31/2018": {"Duration": "12/31/2018", "Total Revenue": "-", "Operating Expense": "14.772", "Operating Income": "-14.772", "Net Non Operating Interest Income Expense": "-", "Other Income Expense": "-", "Pretax Income": "-14.772", "Net Income Common Stockholders": "-14.772", "Diluted NI Available to Com Stockholders": "-14.772", "Basic EPS": "-0.00", "Diluted EPS": "-0.00", "Basic Average Shares": "13,895", "Diluted Average Shares": "13,895", "Total Operating Income as Reported": "-", "Total Expenses": "14.772", "Net Income from Continuing & Discontinued Operation": "-14.772", "Normalized Income": "-14.772", "Interest Income": "-", "Net Interest Income": "-", "EBIT": "-14.772", "EBITDA": "-", "Net Income from Continuing Operation Net Minority Interest": "-14.772", "Total Unusual Items Excluding Goodwill": "-", "Total Unusual Items": "-", "Normalized EBITDA": "-14.772", "Tax Rate for Calcs": "0", "Tax Effect of Unusual Items": "0"}}, "bs": {"12/31/2020": {"Duration": "12/31/2020", "Total Assets": "13,744", "Total Liabilities Net Minority Interest": "883.176", "Total Equity Gross Minority Interest": "12,861", "Total Capitalization": "12,861", "Common Stock Equity": "12,861", "Net Tangible Assets": "12,861", "Working Capital": "-684.984", "Invested Capital": "12,861", "Tangible Book Value": "12,861", "Total Debt": "-", "Net Debt": "-", "Share Issued": "4,417", "Ordinary Shares Number": "4,417"}, "12/31/2019": {"Duration": "12/31/2019", "Total Assets": "110,510", "Total Liabilities Net Minority Interest": "5.723", "Total Equity Gross Minority Interest": "110,504", "Total Capitalization": "110,504", "Common Stock Equity": "110,504", "Net Tangible Assets": "110,504", "Working Capital": "354.877", "Invested Capital": "110,504", "Tangible Book Value": "110,504", "Total Debt": "-", "Net Debt": "-", "Share Issued": "13,895", "Ordinary Shares Number": "13,895"}, "12/31/2018": {"Duration": "12/31/2018", "Total Assets": "156.276", "Total Liabilities Net Minority Interest": "160.273", "Total Equity Gross Minority Interest": "-3.997", "Total Capitalization": "-3.997", "Common Stock Equity": "-3.997", "Net Tangible Assets": "-3.997", "Working Capital": "-3.997", "Invested Capital": "102.501", "Tangible Book Value": "-3.997", "Total Debt": "106.498", "Net Debt": "106.498", "Share Issued": "13,895", "Ordinary Shares Number": "13,895"}}, "cf": {"TTM": {"Duration": "TTM", "Operating Cash Flow": "-254.332", "Investing Cash Flow": "97,160", "Financing Cash Flow": "-97,060", "End Cash Position": "198.192", "Issuance of Capital Stock": "0", "Issuance of Debt": "0", "Repayment of Debt": "0", "Repurchase of Capital Stock": "-97,060", "Free Cash Flow": "-254.332"}, "12/31/2020": {"Duration": "12/31/2020", "Operating Cash Flow": "-254.332", "Investing Cash Flow": "97,160", "Financing Cash Flow": "-97,060", "End Cash Position": "198.192", "Issuance of Capital Stock": "0", "Issuance of Debt": "-", "Repayment of Debt": "0", "Repurchase of Capital Stock": "-97,060", "Free Cash Flow": "-254.332"}, "12/31/2019": {"Duration": "12/31/2019", "Operating Cash Flow": "-399.103", "Investing Cash Flow": "-108,000", "Financing Cash Flow": "108,752", "End Cash Position": "352.524", "Issuance of Capital Stock": "109,250", "Issuance of Debt": "0", "Repayment of Debt": "-34.259", "Repurchase of Capital Stock": "-", "Free Cash Flow": "-399.103"}, "12/31/2018": {"Duration": "12/31/2018", "Operating Cash Flow": "-7.614", "Investing Cash Flow": "-", "Financing Cash Flow": "7.614", "End Cash Position": "0", "Issuance of Capital Stock": "-", "Issuance of Debt": "12.112", "Repayment of Debt": "-", "Repurchase of Capital Stock": "-", "Free Cash Flow": "-7.614"}}}}, {"PTPF": {"quote": {"05/12/2021": {"value": "0.0030", "Market Cap": "314,130", "Beta (5Y Monthly)": "7.80", "PE Ratio (TTM)": "N/A", "EPS (TTM)": "-0.0000", "Earnings Date": "Oct 08, 2019 - Oct 10, 2019", "Forward Dividend & Yield": "N/A (N/A)", "Ex-Dividend Date": "N/A", "1y Target Est": "N/A"}}, "fin": {"TTM": {"Duration": "TTM", "Total Revenue": "0", "Operating Expense": "10.757", "Operating Income": "-10.757", "Pretax Income": "-10.757", "Net Income Common Stockholders": "-10.757", "Diluted NI Available to Com Stockholders": "-10.757", "Basic EPS": "-", "Diluted EPS": "-", "Basic Average Shares": "-", "Diluted Average Shares": "-", "Total Expenses": "10.757", "Net Income from Continuing & Discontinued Operation": "-10.757", "Normalized Income": "-10.757", "EBIT": "-10.757", "EBITDA": "-10.757", "Net Income from Continuing Operation Net Minority Interest": "-10.757", "Normalized EBITDA": "-10.757", "Tax Rate for Calcs": "0", "Tax Effect of Unusual Items": "0"}}, "bs": {}, "cf": {"TTM": {"Duration": "TTM", "Operating Cash Flow": "0", "Investing Cash Flow": "0", "Financing Cash Flow": "0", "End Cash Position": "-", "Income Tax Paid Supplemental Data": "0", "Interest Paid Supplemental Data": "0", "Free Cash Flow": "0"}}}}, {"HISP": {"quote": {"05/12/2021": {"value": "", "Net Assets": "N/A", "Beta (5Y Monthly)": "N/A", "Yield": "N/A", "5y Average Return": "N/A", "Holdings Turnover": "N/A", "Last Dividend": "N/A", "Average for Category": "N/A", "Inception Date": "N/A"}}, "fin": {}, "bs": {}, "cf": {}}}, {"AXIM": {"quote": {"05/12/2021": {"value": "0.7000", "Market Cap": "90.202M", "Beta (5Y Monthly)": "0.03", "PE Ratio (TTM)": "N/A", "EPS (TTM)": "-0.0610", "Earnings Date": "May 01, 2018 - May 07, 2018", "Forward Dividend & Yield": "N/A (N/A)", "Ex-Dividend Date": "N/A", "1y Target Est": "N/A"}}, "fin": {"TTM": {"Duration": "TTM", "Total Revenue": "0", "Cost of Revenue": "0", "Gross Profit": "0", "Operating Expense": "4,833", "Operating Income": "-4,833", "Net Non Operating Interest Income Expense": "-320.138", "Other Income Expense": "-1,137", "Pretax Income": "-6,291", "Tax Provision": "0", "Net Income Common Stockholders": "-6,410", "Diluted NI Available to Com Stockholders": "-6,410", "Basic EPS": "-", "Diluted EPS": "-", "Basic Average Shares": "-", "Diluted Average Shares": "-", "Total Operating Income as Reported": "-4,949", "Total Expenses": "4,833", "Net Income from Continuing & Discontinued Operation": "-6,410", "Normalized Income": "-5,153", "Interest Income": "0.675", "Interest Expense": "320.813", "Net Interest Income": "-320.138", "EBIT": "-5,970", "EBITDA": "-5,954", "Reconciled Cost of Revenue": "0", "Reconciled Depreciation": "16.001", "Net Income from Continuing Operation Net Minority Interest": "-6,291", "Total Unusual Items Excluding Goodwill": "-1,137", "Total Unusual Items": "-1,137", "Normalized EBITDA": "-4,816", "Tax Rate for Calcs": "0", "Tax Effect of Unusual Items": "0"}, "12/31/2020": {"Duration": "12/31/2020", "Total Revenue": "0", "Cost of Revenue": "0", "Gross Profit": "0", "Operating Expense": "4,833", "Operating Income": "-4,833", "Net Non Operating Interest Income Expense": "-320.138", "Other Income Expense": "-1,137", "Pretax Income": "-6,291", "Tax Provision": "0", "Net Income Common Stockholders": "-6,410", "Diluted NI Available to Com Stockholders": "-6,410", "Basic EPS": "-", "Diluted EPS": "-", "Basic Average Shares": "-", "Diluted Average Shares": "-", "Total Operating Income as Reported": "-4,949", "Total Expenses": "4,833", "Net Income from Continuing & Discontinued Operation": "-6,410", "Normalized Income": "-5,153", "Interest Income": "0.675", "Interest Expense": "320.813", "Net Interest Income": "-320.138", "EBIT": "-5,970", "EBITDA": "-", "Reconciled Cost of Revenue": "0", "Reconciled Depreciation": "16.001", "Net Income from Continuing Operation Net Minority Interest": "-6,291", "Total Unusual Items Excluding Goodwill": "-1,137", "Total Unusual Items": "-1,137", "Normalized EBITDA": "-4,816", "Tax Rate for Calcs": "0", "Tax Effect of Unusual Items": "0"}, "12/31/2019": {"Duration": "12/31/2019", "Total Revenue": "799.483", "Cost of Revenue": "575.694", "Gross Profit": "223.789", "Operating Expense": "6,729", "Operating Income": "-6,506", "Net Non Operating Interest Income Expense": "-323.908", "Other Income Expense": "382.022", "Pretax Income": "-6,448", "Tax Provision": "0", "Net Income Common Stockholders": "-6,448", "Diluted NI Available to Com Stockholders": "-6,448", "Basic EPS": "-0.10", "Diluted EPS": "-0.10", "Basic Average Shares": "61,947", "Diluted Average Shares": "61,947", "Total Operating Income as Reported": "-6,506", "Total Expenses": "7,305", "Net Income from Continuing & Discontinued Operation": "-6,448", "Normalized Income": "-6,830", "Interest Income": "-", "Interest Expense": "323.908", "Net Interest Income": "-323.908", "EBIT": "-6,124", "EBITDA": "-", "Reconciled Cost of Revenue": "572.536", "Reconciled Depreciation": "6.514", "Net Income from Continuing Operation Net Minority Interest": "-6,448", "Total Unusual Items Excluding Goodwill": "382.022", "Total Unusual Items": "382.022", "Normalized EBITDA": "-6,499", "Tax Rate for Calcs": "0", "Tax Effect of Unusual Items": "0"}, "12/31/2018": {"Duration": "12/31/2018", "Total Revenue": "195.614", "Cost of Revenue": "8.511", "Gross Profit": "187.103", "Operating Expense": "5,223", "Operating Income": "-5,036", "Net Non Operating Interest Income Expense": "-1,579", "Other Income Expense": "-139.537", "Pretax Income": "-6,755", "Tax Provision": "0", "Net Income Common Stockholders": "-6,755", "Diluted NI Available to Com Stockholders": "-6,755", "Basic EPS": "-0.12", "Diluted EPS": "-0.12", "Basic Average Shares": "57,284", "Diluted Average Shares": "57,284", "Total Operating Income as Reported": "-5,036", "Total Expenses": "5,232", "Net Income from Continuing & Discontinued Operation": "-6,755", "Normalized Income": "-6,615", "Interest Income": "0", "Interest Expense": "1,579", "Net Interest Income": "-1,579", "EBIT": "-5,176", "EBITDA": "-", "Reconciled Cost of Revenue": "8.511", "Reconciled Depreciation": "12.831", "Net Income from Continuing Operation Net Minority Interest": "-6,755", "Total Unusual Items Excluding Goodwill": "-139.537", "Total Unusual Items": "-139.537", "Normalized EBITDA": "-5,023", "Tax Rate for Calcs": "0", "Tax Effect of Unusual Items": "0"}}, "bs": {"12/31/2020": {"Duration": "12/31/2020", "Total Assets": "11,314", "Total Liabilities Net Minority Interest": "9,749", "Total Equity Gross Minority Interest": "1,566", "Total Capitalization": "7,401", "Preferred Stock Equity": "0.05", "Common Stock Equity": "1,566", "Capital Lease Obligations": "130.722", "Net Tangible Assets": "-8,692", "Working Capital": "-783.163", "Invested Capital": "7,745", "Tangible Book Value": "-8,692", "Total Debt": "6,310", "Net Debt": "5,722", "Share Issued": "125,328", "Ordinary Shares Number": "125,328", "Preferred Shares Number": "-"}, "12/31/2019": {"Duration": "12/31/2019", "Total Assets": "1,692", "Total Liabilities Net Minority Interest": "8,452", "Total Equity Gross Minority Interest": "-6,760", "Total Capitalization": "-1,704", "Preferred Stock Equity": "0.1", "Common Stock Equity": "-6,760", "Capital Lease Obligations": "-", "Net Tangible Assets": "-6,811", "Working Capital": "-1,756", "Invested Capital": "-656.706", "Tangible Book Value": "-6,811", "Total Debt": "6,104", "Net Debt": "5,592", "Share Issued": "64,855", "Ordinary Shares Number": "64,855", "Preferred Shares Number": "1,000"}, "12/31/2018": {"Duration": "12/31/2018", "Total Assets": "2,089", "Total Liabilities Net Minority Interest": "8,171", "Total Equity Gross Minority Interest": "-6,082", "Total Capitalization": "-1,235", "Preferred Stock Equity": "0.1", "Common Stock Equity": "-6,082", "Capital Lease Obligations": "-", "Net Tangible Assets": "-6,136", "Working Capital": "-1,301", "Invested Capital": "-214.186", "Tangible Book Value": "-6,136", "Total Debt": "5,868", "Net Debt": "4,062", "Share Issued": "59,583", "Ordinary Shares Number": "59,583", "Preferred Shares Number": "1,000"}}, "cf": {"TTM": {"Duration": "TTM", "Operating Cash Flow": "-3,216", "Investing Cash Flow": "9.98", "Financing Cash Flow": "3,151", "End Cash Position": "457.181", "Income Tax Paid Supplemental Data": "0", "Interest Paid Supplemental Data": "0", "Capital Expenditure": "-97.324", "Issuance of Capital Stock": "3,309", "Issuance of Debt": "-", "Repayment of Debt": "0", "Free Cash Flow": "-3,313"}, "12/31/2020": {"Duration": "12/31/2020", "Operating Cash Flow": "-3,216", "Investing Cash Flow": "9.98", "Financing Cash Flow": "3,151", "End Cash Position": "457.181", "Income Tax Paid Supplemental Data": "0", "Interest Paid Supplemental Data": "0", "Capital Expenditure": "-97.324", "Issuance of Capital Stock": "3,309", "Issuance of Debt": "-", "Repayment of Debt": "0", "Free Cash Flow": "-3,313"}, "12/31/2019": {"Duration": "12/31/2019", "Operating Cash Flow": "-5,020", "Investing Cash Flow": "348.187", "Financing Cash Flow": "3,378", "End Cash Position": "511.63", "Income Tax Paid Supplemental Data": "0", "Interest Paid Supplemental Data": "60.278", "Capital Expenditure": "-", "Issuance of Capital Stock": "3,464", "Issuance of Debt": "0", "Repayment of Debt": "-86.417", "Free Cash Flow": "-5,020"}, "12/31/2018": {"Duration": "12/31/2018", "Operating Cash Flow": "-4,845", "Investing Cash Flow": "-", "Financing Cash Flow": "4,593", "End Cash Position": "1,806", "Income Tax Paid Supplemental Data": "-", "Interest Paid Supplemental Data": "456.063", "Capital Expenditure": "-", "Issuance of Capital Stock": "4,369", "Issuance of Debt": "1,782", "Repayment of Debt": "-1,966", "Free Cash Flow": "-4,845"}}}}, {"AZRH": {"quote": {"05/12/2021": {"value": "0.0096", "Market Cap": "2.501M", "Beta (5Y Monthly)": "-1.57", "PE Ratio (TTM)": "N/A", "EPS (TTM)": "-0.0000", "Earnings Date": "N/A", "Forward Dividend & Yield": "N/A (N/A)", "Ex-Dividend Date": "N/A", "1y Target Est": "N/A"}}, "fin": {}, "bs": {}, "cf": {}}}, {"SLOT": {"quote": {"05/12/2021": {"value": "1.2000", "Market Cap": "20.26M", "Beta (5Y Monthly)": "5.79", "PE Ratio (TTM)": "N/A", "EPS (TTM)": "-0.2170", "Earnings Date": "N/A", "Forward Dividend & Yield": "N/A (N/A)", "Ex-Dividend Date": "N/A", "1y Target Est": "N/A"}}, "fin": {}, "bs": {}, "cf": {}}}, {"HKBT": {"quote": {"05/12/2021": {"value": "1.3100", "Market Cap": "10.064M", "Beta (5Y Monthly)": "0.97", "PE Ratio (TTM)": "N/A", "EPS (TTM)": "-0.0840", "Earnings Date": "N/A", "Forward Dividend & Yield": "N/A (N/A)", "Ex-Dividend Date": "N/A", "1y Target Est": "N/A"}}, "fin": {}, "bs": {}, "cf": {}}}, {"SEB": {"quote": {"04/26/2021": {"value": "3,602.14", "Market Cap": "4.226B", "Beta (5Y Monthly)": "0.38", "PE Ratio (TTM)": "14.78", "EPS (TTM)": "243.65", "Earnings Date": "Apr 26, 2021 - Apr 30, 2021", "Forward Dividend & Yield": "9.00 (0.24%)", "Ex-Dividend Date": "Feb 25, 2021", "1y Target Est": "N/A"}}, "fin": {"TTM": {"Duration": "TTM", "Total Revenue": "7,126,000", "Cost of Revenue": "6,552,000", "Gross Profit": "574,000", "Operating Expense": "329,000", "Operating Income": "245,000", "Net Non Operating Interest Income Expense": "3,000", "Other Income Expense": "38,000", "Pretax Income": "286,000", "Tax Provision": "3,000", "Net Income Common Stockholders": "283,000", "Diluted NI Available to Com Stockholders": "283,000", "Basic EPS": "-", "Diluted EPS": "-", "Basic Average Shares": "-", "Diluted Average Shares": "-", "Total Operating Income as Reported": "245,000", "Total Expenses": "6,881,000", "Net Income from Continuing & Discontinued Operation": "283,000", "Normalized Income": "230,556", "Interest Income": "22,000", "Interest Expense": "19,000", "Net Interest Income": "3,000", "EBIT": "305,000", "EBITDA": "477,000", "Reconciled Cost of Revenue": "6,552,000", "Reconciled Depreciation": "172,000", "Net Income from Continuing Operation Net Minority Interest": "283,000", "Total Unusual Items Excluding Goodwill": "53,000", "Total Unusual Items": "53,000", "Normalized EBITDA": "424,000", "Tax Rate for Calcs": "0", "Tax Effect of Unusual Items": "555.9441"}, "12/31/2020": {"Duration": "12/31/2020", "Total Revenue": "7,126,000", "Cost of Revenue": "6,552,000", "Gross Profit": "574,000", "Operating Expense": "329,000", "Operating Income": "245,000", "Net Non Operating Interest Income Expense": "3,000", "Other Income Expense": "38,000", "Pretax Income": "286,000", "Tax Provision": "3,000", "Net Income Common Stockholders": "283,000", "Diluted NI Available to Com Stockholders": "283,000", "Basic EPS": "-", "Diluted EPS": "-", "Basic Average Shares": "-", "Diluted Average Shares": "-", "Total Operating Income as Reported": "245,000", "Total Expenses": "6,881,000", "Net Income from Continuing & Discontinued Operation": "283,000", "Normalized Income": "230,556", "Interest Income": "22,000", "Interest Expense": "19,000", "Net Interest Income": "3,000", "EBIT": "305,000", "EBITDA": "-", "Reconciled Cost of Revenue": "6,552,000", "Reconciled Depreciation": "172,000", "Net Income from Continuing Operation Net Minority Interest": "283,000", "Total Unusual Items Excluding Goodwill": "53,000", "Total Unusual Items": "53,000", "Normalized EBITDA": "424,000", "Tax Rate for Calcs": "0", "Tax Effect of Unusual Items": "555.9441"}, "12/31/2019": {"Duration": "12/31/2019", "Total Revenue": "6,840,000", "Cost of Revenue": "6,400,000", "Gross Profit": "440,000", "Operating Expense": "336,000", "Operating Income": "104,000", "Net Non Operating Interest Income Expense": "-6,000", "Other Income Expense": "186,000", "Pretax Income": "284,000", "Tax Provision": "1,000", "Net Income Common Stockholders": "283,000", "Diluted NI Available to Com Stockholders": "283,000", "Basic EPS": "242.78", "Diluted EPS": "242.78", "Basic Average Shares": "1,166", "Diluted Average Shares": "1,166", "Total Operating Income as Reported": "104,000", "Total Expenses": "6,736,000", "Net Income from Continuing & Discontinued Operation": "283,000", "Normalized Income": "58,792", "Interest Income": "30,000", "Interest Expense": "36,000", "Net Interest Income": "-6,000", "EBIT": "320,000", "EBITDA": "-", "Reconciled Cost of Revenue": "6,400,000", "Reconciled Depreciation": "138,000", "Net Income from Continuing Operation Net Minority Interest": "283,000", "Total Unusual Items Excluding Goodwill": "225,000", "Total Unusual Items": "225,000", "Normalized EBITDA": "233,000", "Tax Rate for Calcs": "0", "Tax Effect of Unusual Items": "792.2535"}, "12/31/2018": {"Duration": "12/31/2018", "Total Revenue": "6,583,000", "Cost of Revenue": "6,060,000", "Gross Profit": "523,000", "Operating Expense": "314,000", "Operating Income": "209,000", "Net Non Operating Interest Income Expense": "-30,000", "Other Income Expense": "-195,000", "Pretax Income": "-16,000", "Tax Provision": "1,000", "Net Income Common Stockholders": "-17,000", "Diluted NI Available to Com Stockholders": "-17,000", "Basic EPS": "-14.61", "Diluted EPS": "-14.61", "Basic Average Shares": "1,171", "Diluted Average Shares": "1,171", "Total Operating Income as Reported": "209,000", "Total Expenses": "6,374,000", "Net Income from Continuing & Discontinued Operation": "-17,000", "Normalized Income": "91,040", "Interest Income": "14,000", "Interest Expense": "44,000", "Net Interest Income": "-30,000", "EBIT": "28,000", "EBITDA": "-", "Reconciled Cost of Revenue": "6,060,000", "Reconciled Depreciation": "134,000", "Net Income from Continuing Operation Net Minority Interest": "-17,000", "Total Unusual Items Excluding Goodwill": "-148,000", "Total Unusual Items": "-148,000", "Normalized EBITDA": "310,000", "Tax Rate for Calcs": "0", "Tax Effect of Unusual Items": "-39,960"}}, "bs": {"12/31/2020": {"Duration": "12/31/2020", "Total Assets": "6,399,000", "Total Liabilities Net Minority Interest": "2,571,000", "Total Equity Gross Minority Interest": "3,828,000", "Total Capitalization": "4,524,000", "Common Stock Equity": "3,817,000", "Capital Lease Obligations": "429,000", "Net Tangible Assets": "3,596,000", "Working Capital": "2,278,000", "Invested Capital": "4,801,000", "Tangible Book Value": "3,596,000", "Total Debt": "1,413,000", "Net Debt": "908,000", "Share Issued": "1,161", "Ordinary Shares Number": "1,161"}, "12/31/2019": {"Duration": "12/31/2019", "Total Assets": "6,285,000", "Total Liabilities Net Minority Interest": "2,731,000", "Total Equity Gross Minority Interest": "3,554,000", "Total Capitalization": "4,274,000", "Common Stock Equity": "3,544,000", "Capital Lease Obligations": "483,000", "Net Tangible Assets": "3,322,000", "Working Capital": "2,161,000", "Invested Capital": "4,582,000", "Tangible Book Value": "3,322,000", "Total Debt": "1,521,000", "Net Debt": "913,000", "Share Issued": "1,165", "Ordinary Shares Number": "1,165"}, "12/31/2018": {"Duration": "12/31/2018", "Total Assets": "5,307,000", "Total Liabilities Net Minority Interest": "1,978,000", "Total Equity Gross Minority Interest": "3,329,000", "Total Capitalization": "4,057,000", "Common Stock Equity": "3,318,000", "Capital Lease Obligations": "-", "Net Tangible Assets": "3,082,000", "Working Capital": "2,243,000", "Invested Capital": "4,244,000", "Tangible Book Value": "3,082,000", "Total Debt": "926,000", "Net Debt": "732,000", "Share Issued": "1,169", "Ordinary Shares Number": "1,169"}}, "cf": {"TTM": {"Duration": "TTM", "Operating Cash Flow": "291,000", "Investing Cash Flow": "-262,000", "Financing Cash Flow": "-82,000", "End Cash Position": "76,000", "Income Tax Paid Supplemental Data": "-", "Interest Paid Supplemental Data": "-", "Capital Expenditure": "-259,000", "Issuance of Debt": "327,000", "Repayment of Debt": "-377,000", "Repurchase of Capital Stock": "-13,000", "Free Cash Flow": "32,000"}, "12/31/2020": {"Duration": "12/31/2020", "Operating Cash Flow": "291,000", "Investing Cash Flow": "-262,000", "Financing Cash Flow": "-82,000", "End Cash Position": "76,000", "Income Tax Paid Supplemental Data": "-", "Interest Paid Supplemental Data": "-", "Capital Expenditure": "-259,000", "Issuance of Debt": "327,000", "Repayment of Debt": "-377,000", "Repurchase of Capital Stock": "-13,000", "Free Cash Flow": "32,000"}, "12/31/2019": {"Duration": "12/31/2019", "Operating Cash Flow": "171,000", "Investing Cash Flow": "-253,000", "Financing Cash Flow": "11,000", "End Cash Position": "125,000", "Income Tax Paid Supplemental Data": "31,000", "Interest Paid Supplemental Data": "36,000", "Capital Expenditure": "-349,000", "Issuance of Debt": "43,000", "Repayment of Debt": "-35,000", "Repurchase of Capital Stock": "-17,000", "Free Cash Flow": "-178,000"}, "12/31/2018": {"Duration": "12/31/2018", "Operating Cash Flow": "238,000", "Investing Cash Flow": "-349,000", "Financing Cash Flow": "190,000", "End Cash Position": "194,000", "Income Tax Paid Supplemental Data": "-", "Interest Paid Supplemental Data": "-", "Capital Expenditure": "-162,000", "Issuance of Debt": "251,000", "Repayment of Debt": "-46,000", "Repurchase of Capital Stock": "-5,000", "Free Cash Flow": "76,000"}}}}, {"CODI": {"quote": {"05/12/2021": {"value": "24.83", "Market Cap": "1.611B", "Beta (5Y Monthly)": "1.78", "PE Ratio (TTM)": "N/A", "EPS (TTM)": "-0.09", "Earnings Date": "Jul 27, 2021 - Aug 02, 2021", "Forward Dividend & Yield": "1.44 (5.42%)", "Ex-Dividend Date": "Apr 14, 2021", "1y Target Est": "26.60"}}, "fin": {"TTM": {"Duration": "TTM", "Total Revenue": "1,560,757", "Cost of Revenue": "997,976", "Gross Profit": "562,781", "Operating Expense": "467,948", "Operating Income": "94,833", "Net Non Operating Interest Income Expense": "-48,222", "Other Income Expense": "-2,620", "Pretax Income": "43,991", "Tax Provision": "16,894", "Net Income Common Stockholders": "22,780", "Diluted NI Available to Com Stockholders": "22,780", "Basic EPS": "-", "Diluted EPS": "-", "Basic Average Shares": "-", "Diluted Average Shares": "-", "Total Operating Income as Reported": "94,833", "Total Expenses": "1,465,924", "Net Income from Continuing & Discontinued Operation": "22,780", "Normalized Income": "23,735", "Interest Income": "476", "Interest Expense": "44,825", "Net Interest Income": "-48,222", "EBIT": "88,816", "EBITDA": "191,568", "Reconciled Cost of Revenue": "957,159", "Reconciled Depreciation": "102,752", "Net Income from Continuing Operation Net Minority Interest": "22,680", "Total Unusual Items Excluding Goodwill": "-1,712", "Total Unusual Items": "-1,712", "Normalized EBITDA": "193,280", "Tax Rate for Calcs": "0", "Tax Effect of Unusual Items": "-657.408"}, "12/31/2020": {"Duration": "12/31/2020", "Total Revenue": "1,560,757", "Cost of Revenue": "997,976", "Gross Profit": "562,781", "Operating Expense": "467,948", "Operating Income": "94,833", "Net Non Operating Interest Income Expense": "-48,222", "Other Income Expense": "-2,620", "Pretax Income": "43,991", "Tax Provision": "16,894", "Net Income Common Stockholders": "22,780", "Diluted NI Available to Com Stockholders": "22,780", "Basic EPS": "-", "Diluted EPS": "-", "Basic Average Shares": "-", "Diluted Average Shares": "-", "Total Operating Income as Reported": "94,833", "Total Expenses": "1,465,924", "Net Income from Continuing & Discontinued Operation": "22,780", "Normalized Income": "23,735", "Interest Income": "476", "Interest Expense": "44,825", "Net Interest Income": "-48,222", "EBIT": "88,816", "EBITDA": "-", "Reconciled Cost of Revenue": "957,159", "Reconciled Depreciation": "102,752", "Net Income from Continuing Operation Net Minority Interest": "22,680", "Total Unusual Items Excluding Goodwill": "-1,712", "Total Unusual Items": "-1,712", "Normalized EBITDA": "193,280", "Tax Rate for Calcs": "0", "Tax Effect of Unusual Items": "-657.408"}, "12/31/2019": {"Duration": "12/31/2019", "Total Revenue": "1,450,253", "Cost of Revenue": "930,810", "Gross Profit": "519,443", "Operating Expense": "426,366", "Operating Income": "93,077", "Net Non Operating Interest Income Expense": "-61,530", "Other Income Expense": "-57,578", "Pretax Income": "-26,031", "Tax Provision": "14,742", "Net Income Common Stockholders": "301,865", "Diluted NI Available to Com Stockholders": "301,865", "Basic EPS": "3.64", "Diluted EPS": "3.64", "Basic Average Shares": "59,900", "Diluted Average Shares": "59,900", "Total Operating Income as Reported": "60,196", "Total Expenses": "1,357,176", "Net Income from Continuing & Discontinued Operation": "301,865", "Normalized Income": "-4,383", "Interest Income": "-", "Interest Expense": "58,216", "Net Interest Income": "-61,530", "EBIT": "32,185", "EBITDA": "-", "Reconciled Cost of Revenue": "897,657", "Reconciled Depreciation": "87,308", "Net Income from Continuing Operation Net Minority Interest": "-46,049", "Total Unusual Items Excluding Goodwill": "-57,077", "Total Unusual Items": "-57,077", "Normalized EBITDA": "176,570", "Tax Rate for Calcs": "0", "Tax Effect of Unusual Items": "-15,411"}, "12/31/2018": {"Duration": "12/31/2018", "Total Revenue": "1,691,673", "Cost of Revenue": "1,117,485", "Gross Profit": "574,188", "Operating Expense": "504,870", "Operating Income": "69,318", "Net Non Operating Interest Income Expense": "-59,482", "Other Income Expense": "-6,336", "Pretax Income": "3,500", "Tax Provision": "6,548", "Net Income Common Stockholders": "-25,108", "Diluted NI Available to Com Stockholders": "-25,108", "Basic EPS": "-0.42", "Diluted EPS": "-0.42", "Basic Average Shares": "59,900", "Diluted Average Shares": "59,900", "Total Operating Income as Reported": "69,318", "Total Expenses": "1,622,355", "Net Income from Continuing & Discontinued Operation": "-5,702", "Normalized Income": "-2,609", "Interest Income": "-", "Interest Expense": "55,577", "Net Interest Income": "-59,482", "EBIT": "59,077", "EBITDA": "-", "Reconciled Cost of Revenue": "1,064,986", "Reconciled Depreciation": "120,575", "Net Income from Continuing Operation Net Minority Interest": "-6,960", "Total Unusual Items Excluding Goodwill": "-5,960", "Total Unusual Items": "-5,960", "Normalized EBITDA": "185,612", "Tax Rate for Calcs": "0", "Tax Effect of Unusual Items": "-1,609"}}, "bs": {"12/31/2020": {"Duration": "12/31/2020", "Total Assets": "2,598,518", "Total Liabilities Net Minority Interest": "1,378,370", "Total Equity Gross Minority Interest": "1,220,148", "Total Capitalization": "1,999,484", "Preferred Stock Equity": "303,918", "Common Stock Equity": "796,106", "Net Tangible Assets": "-503,144", "Working Capital": "413,652", "Invested Capital": "1,695,566", "Tangible Book Value": "-807,062", "Total Debt": "899,460", "Net Debt": "828,716", "Share Issued": "64,900", "Ordinary Shares Number": "64,900", "Preferred Shares Number": "12.6"}, "12/31/2019": {"Duration": "12/31/2019", "Total Assets": "1,891,892", "Total Liabilities Net Minority Interest": "726,017", "Total Equity Gross Minority Interest": "1,165,875", "Total Capitalization": "1,509,772", "Preferred Stock Equity": "303,918", "Common Stock Equity": "811,409", "Net Tangible Assets": "114,862", "Working Capital": "434,793", "Invested Capital": "1,205,854", "Tangible Book Value": "-189,056", "Total Debt": "394,445", "Net Debt": "294,131", "Share Issued": "59,900", "Ordinary Shares Number": "59,900", "Preferred Shares Number": "12,600"}, "12/31/2018": {"Duration": "12/31/2018", "Total Assets": "2,372,335", "Total Liabilities Net Minority Interest": "1,452,993", "Total Equity Gross Minority Interest": "919,342", "Total Capitalization": "1,958,243", "Preferred Stock Equity": "192,921", "Common Stock Equity": "666,451", "Net Tangible Assets": "-592,952", "Working Capital": "421,905", "Invested Capital": "1,770,322", "Tangible Book Value": "-785,873", "Total Debt": "1,103,871", "Net Debt": "1,050,545", "Share Issued": "59,900", "Ordinary Shares Number": "59,900", "Preferred Shares Number": "8,000"}}, "cf": {"TTM": {"Duration": "TTM", "Operating Cash Flow": "148,625", "Investing Cash Flow": "-700,834", "Financing Cash Flow": "521,725", "End Cash Position": "70,744", "Capital Expenditure": "-30,764", "Issuance of Capital Stock": "83,884", "Issuance of Debt": "767,000", "Repayment of Debt": "-258,000", "Free Cash Flow": "117,861"}, "12/31/2020": {"Duration": "12/31/2020", "Operating Cash Flow": "148,625", "Investing Cash Flow": "-700,834", "Financing Cash Flow": "521,725", "End Cash Position": "70,744", "Capital Expenditure": "-30,764", "Issuance of Capital Stock": "83,884", "Issuance of Debt": "767,000", "Repayment of Debt": "-258,000", "Free Cash Flow": "117,861"}, "12/31/2019": {"Duration": "12/31/2019", "Operating Cash Flow": "84,562", "Investing Cash Flow": "743,126", "Financing Cash Flow": "-779,522", "End Cash Position": "100,314", "Capital Expenditure": "-34,898", "Issuance of Capital Stock": "110,997", "Issuance of Debt": "108,000", "Repayment of Debt": "-832,250", "Free Cash Flow": "49,664"}, "12/31/2018": {"Duration": "12/31/2018", "Operating Cash Flow": "114,452", "Investing Cash Flow": "-604,080", "Financing Cash Flow": "500,111", "End Cash Position": "53,326", "Capital Expenditure": "-50,315", "Issuance of Capital Stock": "96,504", "Issuance of Debt": "1,707,250", "Repayment of Debt": "-1,186,222", "Free Cash Flow": "64,137"}}}}, {"DPSM": {"quote": {"05/12/2021": {"value": "0.0300", "Market Cap": "12.224M", "Beta (5Y Monthly)": "-1.31", "PE Ratio (TTM)": "N/A", "EPS (TTM)": "-0.0010", "Earnings Date": "N/A", "Forward Dividend & Yield": "N/A (N/A)", "Ex-Dividend Date": "N/A", "1y Target Est": "N/A"}}, "fin": {}, "bs": {}, "cf": {}}}, {"DALP": {"quote": {"05/12/2021": {"value": "", "Net Assets": "N/A", "Beta (5Y Monthly)": "N/A", "Yield": "N/A", "5y Average Return": "N/A", "Holdings Turnover": "N/A", "Last Dividend": "N/A", "Average for Category": "N/A", "Inception Date": "N/A"}}, "fin": {}, "bs": {}, "cf": {}}}, {"DIMN": {"quote": {"05/12/2021": {"value": "", "Net Assets": "N/A", "Beta (5Y Monthly)": "N/A", "Yield": "N/A", "5y Average Return": "N/A", "Holdings Turnover": "N/A", "Last Dividend": "N/A", "Average for Category": "N/A", "Inception Date": "N/A"}}, "fin": {}, "bs": {}, "cf": {}}}, {"PWRV": {"quote": {"05/12/2021": {"value": "", "Net Assets": "N/A", "Beta (5Y Monthly)": "N/A", "Yield": "N/A", "5y Average Return": "N/A", "Holdings Turnover": "N/A", "Last Dividend": "N/A", "Average for Category": "N/A", "Inception Date": "N/A"}}, "fin": {}, "bs": {}, "cf": {}}}, {"IEP": {"quote": {"05/12/2021": {"value": "58.45", "Market Cap": "14.758B", "Beta (5Y Monthly)": "0.91", "PE Ratio (TTM)": "N/A", "EPS (TTM)": "-7.33", "Earnings Date": "Aug 05, 2021 - Aug 09, 2021", "Forward Dividend & Yield": "8.00 (13.36%)", "Ex-Dividend Date": "May 28, 2021", "1y Target Est": "N/A"}}, "fin": {"TTM": {"Duration": "TTM", "Total Revenue": "7,423,000", "Cost of Revenue": "6,320,000", "Gross Profit": "1,103,000", "Operating Expense": "1,678,000", "Operating Income": "-575,000", "Net Non Operating Interest Income Expense": "-519,000", "Other Income Expense": "-1,490,000", "Pretax Income": "-2,584,000", "Tax Provision": "-116,000", "Net Income Common Stockholders": "-1,620,000", "Diluted NI Available to Com Stockholders": "-1,620,000", "Basic EPS": "-", "Diluted EPS": "-", "Basic Average Shares": "-", "Diluted Average Shares": "-", "Total Expenses": "7,998,000", "Net Income from Continuing & Discontinued Operation": "-1,653,000", "Normalized Income": "-227,023", "Interest Income": "169,000", "Interest Expense": "688,000", "Net Interest Income": "-519,000", "EBIT": "-1,896,000", "EBITDA": "-1,386,000", "Reconciled Cost of Revenue": "6,320,000", "Reconciled Depreciation": "510,000", "Net Income from Continuing Operation Net Minority Interest": "-1,653,000", "Total Unusual Items Excluding Goodwill": "-1,493,000", "Total Unusual Items": "-1,493,000", "Normalized EBITDA": "107,000", "Tax Rate for Calcs": "0", "Tax Effect of Unusual Items": "-67,023"}, "12/31/2020": {"Duration": "12/31/2020", "Total Revenue": "7,423,000", "Cost of Revenue": "6,320,000", "Gross Profit": "1,103,000", "Operating Expense": "1,678,000", "Operating Income": "-575,000", "Net Non Operating Interest Income Expense": "-519,000", "Other Income Expense": "-1,490,000", "Pretax Income": "-2,584,000", "Tax Provision": "-116,000", "Net Income Common Stockholders": "-1,620,000", "Diluted NI Available to Com Stockholders": "-1,620,000", "Basic EPS": "-", "Diluted EPS": "-", "Basic Average Shares": "-", "Diluted Average Shares": "-", "Total Expenses": "7,998,000", "Net Income from Continuing & Discontinued Operation": "-1,653,000", "Normalized Income": "-227,023", "Interest Income": "169,000", "Interest Expense": "688,000", "Net Interest Income": "-519,000", "EBIT": "-1,896,000", "EBITDA": "-", "Reconciled Cost of Revenue": "6,320,000", "Reconciled Depreciation": "510,000", "Net Income from Continuing Operation Net Minority Interest": "-1,653,000", "Total Unusual Items Excluding Goodwill": "-1,493,000", "Total Unusual Items": "-1,493,000", "Normalized EBITDA": "107,000", "Tax Rate for Calcs": "0", "Tax Effect of Unusual Items": "-67,023"}, "12/31/2019": {"Duration": "12/31/2019", "Total Revenue": "10,386,000", "Cost of Revenue": "8,212,000", "Gross Profit": "2,174,000", "Operating Expense": "1,894,000", "Operating Income": "280,000", "Net Non Operating Interest Income Expense": "-340,000", "Other Income Expense": "-1,679,000", "Pretax Income": "-1,739,000", "Tax Provision": "20,000", "Net Income Common Stockholders": "-1,076,000", "Diluted NI Available to Com Stockholders": "-1,076,000", "Basic EPS": "-5.38", "Diluted EPS": "-5.38", "Basic Average Shares": "200,000", "Diluted Average Shares": "200,000", "Total Expenses": "10,106,000", "Net Income from Continuing & Discontinued Operation": "-1,098,000", "Normalized Income": "173,540", "Interest Income": "265,000", "Interest Expense": "605,000", "Net Interest Income": "-340,000", "EBIT": "-1,134,000", "EBITDA": "-", "Reconciled Cost of Revenue": "8,212,000", "Reconciled Depreciation": "519,000", "Net Income from Continuing Operation Net Minority Interest": "-1,066,000", "Total Unusual Items Excluding Goodwill": "-1,698,000", "Total Unusual Items": "-1,698,000", "Normalized EBITDA": "1,083,000", "Tax Rate for Calcs": "0", "Tax Effect of Unusual Items": "-458,460"}, "12/31/2018": {"Duration": "12/31/2018", "Total Revenue": "11,223,000", "Cost of Revenue": "8,947,000", "Gross Profit": "2,276,000", "Operating Expense": "1,915,000", "Operating Income": "361,000", "Net Non Operating Interest Income Expense": "-376,000", "Other Income Expense": "293,000", "Pretax Income": "278,000", "Tax Provision": "-4,000", "Net Income Common Stockholders": "2,063,000", "Diluted NI Available to Com Stockholders": "2,063,000", "Basic EPS": "11.46", "Diluted EPS": "11.46", "Basic Average Shares": "180,000", "Diluted Average Shares": "180,000", "Total Expenses": "10,862,000", "Net Income from Continuing & Discontinued Operation": "1,507,000", "Normalized Income": "-467,970", "Interest Income": "148,000", "Interest Expense": "524,000", "Net Interest Income": "-376,000", "EBIT": "802,000", "EBITDA": "-", "Reconciled Cost of Revenue": "8,947,000", "Reconciled Depreciation": "447,000", "Net Income from Continuing Operation Net Minority Interest": "-257,000", "Total Unusual Items Excluding Goodwill": "289,000", "Total Unusual Items": "289,000", "Normalized EBITDA": "960,000", "Tax Rate for Calcs": "0", "Tax Effect of Unusual Items": "78,030"}}, "bs": {"12/31/2020": {"Duration": "12/31/2020", "Total Assets": "24,987,000", "Total Liabilities Net Minority Interest": "15,730,000", "Total Equity Gross Minority Interest": "9,257,000", "Total Capitalization": "11,441,000", "Common Stock Equity": "3,382,000", "Net Tangible Assets": "-958,000", "Working Capital": "13,781,000", "Invested Capital": "11,441,000", "Tangible Book Value": "2,424,000", "Total Debt": "8,059,000", "Net Debt": "6,360,000", "Share Issued": "241,339", "Ordinary Shares Number": "241,339"}, "12/31/2019": {"Duration": "12/31/2019", "Total Assets": "24,639,000", "Total Liabilities Net Minority Interest": "13,697,000", "Total Equity Gross Minority Interest": "10,942,000", "Total Capitalization": "13,648,000", "Common Stock Equity": "5,456,000", "Net Tangible Assets": "-713,000", "Working Capital": "15,583,000", "Invested Capital": "13,648,000", "Tangible Book Value": "4,743,000", "Total Debt": "8,192,000", "Net Debt": "4,398,000", "Share Issued": "214,079", "Ordinary Shares Number": "214,079"}, "12/31/2018": {"Duration": "12/31/2018", "Total Assets": "23,396,000", "Total Liabilities Net Minority Interest": "10,491,000", "Total Equity Gross Minority Interest": "12,905,000", "Total Capitalization": "13,855,000", "Common Stock Equity": "6,529,000", "Net Tangible Assets": "-748,000", "Working Capital": "14,940,000", "Invested Capital": "13,855,000", "Tangible Book Value": "5,781,000", "Total Debt": "7,326,000", "Net Debt": "4,670,000", "Share Issued": "191,366", "Ordinary Shares Number": "191,366"}}, "cf": {"TTM": {"Duration": "TTM", "Operating Cash Flow": "-416,000", "Investing Cash Flow": "-581,000", "Financing Cash Flow": "-653,000", "Other Cash Adjustment Inside Change in Cash": "0", "End Cash Position": "3,291,000", "Capital Expenditure": "-199,000", "Issuance of Capital Stock": "102,000", "Issuance of Debt": "2,812,000", "Repayment of Debt": "-2,994,000", "Free Cash Flow": "-615,000"}, "12/31/2020": {"Duration": "12/31/2020", "Operating Cash Flow": "-416,000", "Investing Cash Flow": "-581,000", "Financing Cash Flow": "-653,000", "Other Cash Adjustment Inside Change in Cash": "0", "End Cash Position": "3,291,000", "Capital Expenditure": "-199,000", "Issuance of Capital Stock": "102,000", "Issuance of Debt": "2,812,000", "Repayment of Debt": "-2,994,000", "Free Cash Flow": "-615,000"}, "12/31/2019": {"Duration": "12/31/2019", "Operating Cash Flow": "-1,460,000", "Investing Cash Flow": "586,000", "Financing Cash Flow": "566,000", "Other Cash Adjustment Inside Change in Cash": "-83,000", "End Cash Position": "4,945,000", "Capital Expenditure": "-250,000", "Issuance of Capital Stock": "55,000", "Issuance of Debt": "3,317,000", "Repayment of Debt": "-2,547,000", "Free Cash Flow": "-1,710,000"}, "12/31/2018": {"Duration": "12/31/2018", "Operating Cash Flow": "915,000", "Investing Cash Flow": "2,590,000", "Financing Cash Flow": "-152,000", "Other Cash Adjustment Inside Change in Cash": "81,000", "End Cash Position": "5,338,000", "Capital Expenditure": "-272,000", "Issuance of Capital Stock": "0", "Issuance of Debt": "1,268,000", "Repayment of Debt": "-1,346,000", "Free Cash Flow": "643,000"}}}}, {"GSPE": {"quote": {"05/12/2021": {"value": "0.0140", "Market Cap": "17.755M", "Beta (5Y Monthly)": "0.08", "PE Ratio (TTM)": "N/A", "EPS (TTM)": "-0.0020", "Earnings Date": "Mar 31, 2019", "Forward Dividend & Yield": "N/A (N/A)", "Ex-Dividend Date": "N/A", "1y Target Est": "N/A"}}, "fin": {"TTM": {"Duration": "TTM", "Total Revenue": "0", "Operating Expense": "1,003", "Operating Income": "-1,003", "Net Non Operating Interest Income Expense": "-159.638", "Other Income Expense": "-1,458", "Pretax Income": "-2,621", "Tax Provision": "0", "Net Income Common Stockholders": "-2,621", "Diluted NI Available to Com Stockholders": "-2,621", "Basic EPS": "-", "Diluted EPS": "-", "Basic Average Shares": "-", "Diluted Average Shares": "-", "Total Operating Income as Reported": "-3,428", "Total Expenses": "1,003", "Net Income from Continuing & Discontinued Operation": "-2,621", "Normalized Income": "-1,163", "Interest Income": "-", "Interest Expense": "182.287", "Net Interest Income": "-159.638", "EBIT": "-2,439", "EBITDA": "-2,432", "Reconciled Depreciation": "6.855", "Net Income from Continuing Operation Net Minority Interest": "-2,621", "Total Unusual Items Excluding Goodwill": "-1,458", "Total Unusual Items": "-1,458", "Normalized EBITDA": "-973.923", "Tax Rate for Calcs": "0", "Tax Effect of Unusual Items": "0"}, "9/30/2020": {"Duration": "9/30/2020", "Total Revenue": "0", "Operating Expense": "1,098", "Operating Income": "-1,098", "Net Non Operating Interest Income Expense": "-16.113", "Other Income Expense": "-1,302", "Pretax Income": "-2,416", "Tax Provision": "0", "Net Income Common Stockholders": "-2,416", "Diluted NI Available to Com Stockholders": "-2,416", "Basic EPS": "-0.00", "Diluted EPS": "-0.00", "Basic Average Shares": "1,183,190", "Diluted Average Shares": "1,183,190", "Total Operating Income as Reported": "-3,523", "Total Expenses": "1,098", "Net Income from Continuing & Discontinued Operation": "-2,416", "Normalized Income": "-1,114", "Interest Income": "22.649", "Interest Expense": "38.762", "Net Interest Income": "-16.113", "EBIT": "-2,377", "EBITDA": "-", "Reconciled Depreciation": "6.667", "Net Income from Continuing Operation Net Minority Interest": "-2,416", "Total Unusual Items Excluding Goodwill": "-1,302", "Total Unusual Items": "-1,302", "Normalized EBITDA": "-1,069", "Tax Rate for Calcs": "0", "Tax Effect of Unusual Items": "0"}, "9/30/2019": {"Duration": "9/30/2019", "Total Revenue": "0", "Operating Expense": "1,473", "Operating Income": "-1,473", "Net Non Operating Interest Income Expense": "-1,752", "Other Income Expense": "-10,499", "Pretax Income": "-13,724", "Tax Provision": "0", "Net Income Common Stockholders": "-13,724", "Diluted NI Available to Com Stockholders": "-13,724", "Basic EPS": "-0.01", "Diluted EPS": "-0.01", "Basic Average Shares": "983,455", "Diluted Average Shares": "983,455", "Total Operating Income as Reported": "-7,473", "Total Expenses": "1,473", "Net Income from Continuing & Discontinued Operation": "-13,724", "Normalized Income": "-3,225", "Interest Income": "76.469", "Interest Expense": "1,828", "Net Interest Income": "-1,752", "EBIT": "-11,895", "EBITDA": "-", "Reconciled Depreciation": "5.619", "Net Income from Continuing Operation Net Minority Interest": "-13,724", "Total Unusual Items Excluding Goodwill": "-10,499", "Total Unusual Items": "-10,499", "Normalized EBITDA": "-1,391", "Tax Rate for Calcs": "0", "Tax Effect of Unusual Items": "0"}, "9/30/2018": {"Duration": "9/30/2018", "Total Revenue": "0", "Operating Expense": "1,220", "Operating Income": "-1,220", "Net Non Operating Interest Income Expense": "-753.201", "Other Income Expense": "-663.286", "Pretax Income": "-2,637", "Tax Provision": "0", "Net Income Common Stockholders": "-2,637", "Diluted NI Available to Com Stockholders": "-2,637", "Basic EPS": "-0.00", "Diluted EPS": "-0.00", "Basic Average Shares": "768,366", "Diluted Average Shares": "768,366", "Total Operating Income as Reported": "-1,220", "Total Expenses": "1,220", "Net Income from Continuing & Discontinued Operation": "-2,637", "Normalized Income": "-1,973", "Interest Income": "27.312", "Interest Expense": "780.513", "Net Interest Income": "-753.201", "EBIT": "-1,856", "EBITDA": "-", "Reconciled Depreciation": "4.724", "Net Income from Continuing Operation Net Minority Interest": "-2,637", "Total Unusual Items Excluding Goodwill": "-663.286", "Total Unusual Items": "-663.286", "Normalized EBITDA": "-1,188", "Tax Rate for Calcs": "0", "Tax Effect of Unusual Items": "0"}}, "bs": {"9/30/2020": {"Duration": "9/30/2020", "Total Assets": "16,075", "Total Liabilities Net Minority Interest": "13,972", "Total Equity Gross Minority Interest": "2,102", "Total Capitalization": "2,102", "Common Stock Equity": "2,102", "Capital Lease Obligations": "62.074", "Net Tangible Assets": "2,102", "Working Capital": "-10,332", "Invested Capital": "11,410", "Tangible Book Value": "2,102", "Total Debt": "9,370", "Net Debt": "6,118", "Share Issued": "1,250,740", "Ordinary Shares Number": "1,250,740"}, "9/30/2019": {"Duration": "9/30/2019", "Total Assets": "30,784", "Total Liabilities Net Minority Interest": "31,113", "Total Equity Gross Minority Interest": "-328.908", "Total Capitalization": "-328.908", "Common Stock Equity": "-328.908", "Capital Lease Obligations": "-", "Net Tangible Assets": "-328.908", "Working Capital": "-21,343", "Invested Capital": "9,862", "Tangible Book Value": "-328.908", "Total Debt": "10,190", "Net Debt": "9,052", "Share Issued": "1,092,267", "Ordinary Shares Number": "1,092,267"}, "9/30/2018": {"Duration": "9/30/2018", "Total Assets": "20,093", "Total Liabilities Net Minority Interest": "24,479", "Total Equity Gross Minority Interest": "-4,386", "Total Capitalization": "-4,386", "Common Stock Equity": "-4,386", "Capital Lease Obligations": "-", "Net Tangible Assets": "-4,386", "Working Capital": "-12,539", "Invested Capital": "4,833", "Tangible Book Value": "-4,386", "Total Debt": "9,220", "Net Debt": "3,598", "Share Issued": "832,013", "Ordinary Shares Number": "832,013"}}, "cf": {"TTM": {"Duration": "TTM", "Operating Cash Flow": "-3,376", "Investing Cash Flow": "5,551", "Financing Cash Flow": "-3,388", "End Cash Position": "2,559", "Interest Paid Supplemental Data": "4.338", "Capital Expenditure": "-1,678", "Issuance of Debt": "100.3", "Repayment of Debt": "-3,489", "Free Cash Flow": "-5,053"}, "9/30/2020": {"Duration": "9/30/2020", "Operating Cash Flow": "-365.921", "Investing Cash Flow": "5,070", "Financing Cash Flow": "-2,652", "End Cash Position": "3,190", "Interest Paid Supplemental Data": "5.272", "Capital Expenditure": "-2,573", "Issuance of Debt": "535.3", "Repayment of Debt": "-3,188", "Free Cash Flow": "-2,939"}, "9/30/2019": {"Duration": "9/30/2019", "Operating Cash Flow": "-6,405", "Investing Cash Flow": "-10,628", "Financing Cash Flow": "12,550", "End Cash Position": "1,139", "Interest Paid Supplemental Data": "4.343", "Capital Expenditure": "-11,488", "Issuance of Debt": "13,252", "Repayment of Debt": "-146.31", "Free Cash Flow": "-17,893"}, "9/30/2018": {"Duration": "9/30/2018", "Operating Cash Flow": "4,886", "Investing Cash Flow": "677.715", "Financing Cash Flow": "52.092", "End Cash Position": "5,622", "Interest Paid Supplemental Data": "5.636", "Capital Expenditure": "-2,207", "Issuance of Debt": "212.5", "Repayment of Debt": "-160.408", "Free Cash Flow": "2,679"}}}}, {"ESGI": {"quote": {"05/12/2021": {"value": "0.0240", "Market Cap": "11.521M", "Beta (5Y Monthly)": "1.96", "PE Ratio (TTM)": "3.43", "EPS (TTM)": "0.0070", "Earnings Date": "N/A", "Forward Dividend & Yield": "N/A (N/A)", "Ex-Dividend Date": "N/A", "1y Target Est": "N/A"}}, "fin": {}, "bs": {}, "cf": {}}}, {"GEZC": {"quote": {"05/12/2021": {"value": "", "Net Assets": "N/A", "Beta (5Y Monthly)": "N/A", "Yield": "N/A", "5y Average Return": "N/A", "Holdings Turnover": "N/A", "Last Dividend": "N/A", "Average for Category": "N/A", "Inception Date": "N/A"}}, "fin": {}, "bs": {}, "cf": {}}}, {"CEXE": {"quote": {"05/12/2021": {"value": "0.0108", "Market Cap": "138,054", "Beta (5Y Monthly)": "3.33", "PE Ratio (TTM)": "N/A", "EPS (TTM)": "-0.0500", "Earnings Date": "N/A", "Forward Dividend & Yield": "N/A (N/A)", "Ex-Dividend Date": "N/A", "1y Target Est": "N/A"}}, "fin": {}, "bs": {}, "cf": {}}}, {"ENVV": {"quote": {"05/12/2021": {"value": "", "Net Assets": "N/A", "Beta (5Y Monthly)": "N/A", "Yield": "N/A", "5y Average Return": "N/A", "Holdings Turnover": "N/A", "Last Dividend": "N/A", "Average for Category": "N/A", "Inception Date": "N/A"}}, "fin": {}, "bs": {}, "cf": {}}}, {"BMMCF": {"quote": {"05/12/2021": {"value": "0.0060", "Market Cap": "87,136", "Beta (5Y Monthly)": "-1.23", "PE Ratio (TTM)": "0.86", "EPS (TTM)": "0.0070", "Earnings Date": "Jun 16, 2020", "Forward Dividend & Yield": "N/A (N/A)", "Ex-Dividend Date": "N/A", "1y Target Est": "N/A"}}, "fin": {"TTM": {"Duration": "TTM", "Total Revenue": "240.083", "Cost of Revenue": "30.585", "Gross Profit": "209.498", "Operating Expense": "209.712", "Operating Income": "-0.214", "Net Non Operating Interest Income Expense": "1.544", "Other Income Expense": "-87.491", "Pretax Income": "-86.161", "Net Income Common Stockholders": "-86.161", "Diluted NI Available to Com Stockholders": "-86.161", "Basic EPS": "-", "Diluted EPS": "-", "Basic Average Shares": "-", "Diluted Average Shares": "-", "Total Operating Income as Reported": "-", "Total Expenses": "240.297", "Interest Income": "1.544", "Net Interest Income": "1.544", "Net Income from Continuing & Discontinued Operation": "-86.161", "Normalized Income": "-78.227", "EBIT": "-0.214", "EBITDA": "18.627", "Reconciled Cost of Revenue": "30.585", "Reconciled Depreciation": "18.841", "Net Income from Continuing Operation Net Minority Interest": "-86.161", "Total Unusual Items Excluding Goodwill": "-7.934", "Total Unusual Items": "-7.934", "Normalized EBITDA": "26.561", "Tax Rate for Calcs": "0", "Tax Effect of Unusual Items": "0"}, "12/31/2019": {"Duration": "12/31/2019", "Total Revenue": "240.083", "Cost of Revenue": "30.585", "Gross Profit": "209.498", "Operating Expense": "209.712", "Operating Income": "-0.214", "Net Non Operating Interest Income Expense": "1.544", "Other Income Expense": "-87.491", "Pretax Income": "-86.161", "Net Income Common Stockholders": "-86.161", "Diluted NI Available to Com Stockholders": "-86.161", "Basic EPS": "-", "Diluted EPS": "-", "Basic Average Shares": "-", "Diluted Average Shares": "-", "Total Operating Income as Reported": "-", "Total Expenses": "240.297", "Interest Income": "1.544", "Net Interest Income": "1.544", "Net Income from Continuing & Discontinued Operation": "-86.161", "Normalized Income": "-78.227", "EBIT": "-0.214", "EBITDA": "-", "Reconciled Cost of Revenue": "30.585", "Reconciled Depreciation": "18.841", "Net Income from Continuing Operation Net Minority Interest": "-86.161", "Total Unusual Items Excluding Goodwill": "-7.934", "Total Unusual Items": "-7.934", "Normalized EBITDA": "26.561", "Tax Rate for Calcs": "0", "Tax Effect of Unusual Items": "0"}, "12/31/2018": {"Duration": "12/31/2018", "Total Revenue": "178.841", "Cost of Revenue": "36.908", "Gross Profit": "141.933", "Operating Expense": "260.288", "Operating Income": "-118.355", "Net Non Operating Interest Income Expense": "5.819", "Other Income Expense": "-215.961", "Pretax Income": "-328.497", "Net Income Common Stockholders": "-328.497", "Diluted NI Available to Com Stockholders": "-328.497", "Basic EPS": "-0.02", "Diluted EPS": "-0.02", "Basic Average Shares": "14,523", "Diluted Average Shares": "14,523", "Total Operating Income as Reported": "-89.171", "Total Expenses": "297.196", "Interest Income": "5.819", "Net Interest Income": "5.819", "Net Income from Continuing & Discontinued Operation": "-328.497", "Normalized Income": "-242.211", "EBIT": "-118.355", "EBITDA": "-", "Reconciled Cost of Revenue": "36.908", "Reconciled Depreciation": "19.295", "Net Income from Continuing Operation Net Minority Interest": "-328.497", "Total Unusual Items Excluding Goodwill": "-86.286", "Total Unusual Items": "-86.286", "Normalized EBITDA": "-12.774", "Tax Rate for Calcs": "0", "Tax Effect of Unusual Items": "0"}}, "bs": {"12/31/2019": {"Duration": "12/31/2019", "Total Assets": "184.407", "Total Liabilities Net Minority Interest": "1,143", "Total Equity Gross Minority Interest": "-959.033", "Total Capitalization": "-959.033", "Common Stock Equity": "-959.033", "Net Tangible Assets": "-959.033", "Working Capital": "-1,005", "Invested Capital": "-786.191", "Tangible Book Value": "-959.033", "Total Debt": "172.842", "Net Debt": "107.656", "Share Issued": "14,523", "Ordinary Shares Number": "14,523"}, "12/31/2018": {"Duration": "12/31/2018", "Total Assets": "492.712", "Total Liabilities Net Minority Interest": "1,350", "Total Equity Gross Minority Interest": "-857.321", "Total Capitalization": "-857.321", "Common Stock Equity": "-857.321", "Net Tangible Assets": "-857.321", "Working Capital": "-1,027", "Invested Capital": "-692.765", "Tangible Book Value": "-857.321", "Total Debt": "164.556", "Net Debt": "127.927", "Share Issued": "14,523", "Ordinary Shares Number": "14,523"}}, "cf": {"TTM": {"Duration": "TTM", "Operating Cash Flow": "41.484", "Investing Cash Flow": "228.092", "Financing Cash Flow": "-247.531", "End Cash Position": "65.186", "Income Tax Paid Supplemental Data": "0", "Interest Paid Supplemental Data": "0", "Issuance of Debt": "72.581", "Repayment of Debt": "-320.112", "Free Cash Flow": "41.484"}, "12/31/2019": {"Duration": "12/31/2019", "Operating Cash Flow": "41.484", "Investing Cash Flow": "228.092", "Financing Cash Flow": "-247.531", "End Cash Position": "65.186", "Income Tax Paid Supplemental Data": "0", "Interest Paid Supplemental Data": "0", "Issuance of Debt": "72.581", "Repayment of Debt": "-320.112", "Free Cash Flow": "41.484"}, "12/31/2018": {"Duration": "12/31/2018", "Operating Cash Flow": "-54.02", "Investing Cash Flow": "-529.488", "Financing Cash Flow": "581.011", "End Cash Position": "36.629", "Income Tax Paid Supplemental Data": "0", "Interest Paid Supplemental Data": "0", "Issuance of Debt": "581.011", "Repayment of Debt": "-", "Free Cash Flow": "-54.02"}}}}, {"FCIC": {"quote": {"05/12/2021": {"value": "0.4760", "Market Cap": "1.647M", "Beta (5Y Monthly)": "1.65", "PE Ratio (TTM)": "N/A", "EPS (TTM)": "-0.0180", "Earnings Date": "N/A", "Forward Dividend & Yield": "N/A (N/A)", "Ex-Dividend Date": "Aug 10, 2009", "1y Target Est": "N/A"}}, "fin": {"TTM": {"Duration": "TTM", "Total Revenue": "0", "Operating Expense": "62", "Operating Income": "-62", "Net Non Operating Interest Income Expense": "-1", "Pretax Income": "-63", "Net Income Common Stockholders": "-63", "Diluted NI Available to Com Stockholders": "-63", "Basic EPS": "-", "Diluted EPS": "-", "Basic Average Shares": "-", "Diluted Average Shares": "-", "Total Expenses": "62", "Net Income from Continuing & Discontinued Operation": "-63", "Normalized Income": "-63", "Interest Income": "0", "Net Interest Income": "-1", "EBIT": "-62", "EBITDA": "-62", "Net Income from Continuing Operation Net Minority Interest": "-63", "Normalized EBITDA": "-62", "Tax Rate for Calcs": "0", "Tax Effect of Unusual Items": "0"}, "3/31/2020": {"Duration": "3/31/2020", "Total Revenue": "0", "Operating Expense": "54", "Operating Income": "-54", "Net Non Operating Interest Income Expense": "0", "Pretax Income": "-54", "Net Income Common Stockholders": "-54", "Diluted NI Available to Com Stockholders": "-54", "Basic EPS": "-0.02", "Diluted EPS": "-0.02", "Basic Average Shares": "3,461", "Diluted Average Shares": "3,461", "Total Expenses": "54", "Net Income from Continuing & Discontinued Operation": "-54", "Normalized Income": "-54", "Interest Income": "0", "Net Interest Income": "0", "EBIT": "-54", "EBITDA": "-", "Net Income from Continuing Operation Net Minority Interest": "-54", "Normalized EBITDA": "-54", "Tax Rate for Calcs": "0", "Tax Effect of Unusual Items": "0"}, "3/31/2019": {"Duration": "3/31/2019", "Total Revenue": "0", "Operating Expense": "57", "Operating Income": "-57", "Net Non Operating Interest Income Expense": "0", "Pretax Income": "-57", "Net Income Common Stockholders": "-57", "Diluted NI Available to Com Stockholders": "-57", "Basic EPS": "-0.02", "Diluted EPS": "-0.02", "Basic Average Shares": "3,461", "Diluted Average Shares": "3,461", "Total Expenses": "57", "Net Income from Continuing & Discontinued Operation": "-57", "Normalized Income": "-57", "Interest Income": "0", "Net Interest Income": "0", "EBIT": "-57", "EBITDA": "-", "Net Income from Continuing Operation Net Minority Interest": "-57", "Normalized EBITDA": "-57", "Tax Rate for Calcs": "0", "Tax Effect of Unusual Items": "0"}}, "bs": {"3/31/2020": {"Duration": "3/31/2020", "Total Assets": "67", "Total Liabilities Net Minority Interest": "6", "Total Equity Gross Minority Interest": "61", "Total Capitalization": "61", "Common Stock Equity": "61", "Net Tangible Assets": "61", "Working Capital": "61", "Invested Capital": "61", "Tangible Book Value": "61", "Share Issued": "3,461", "Ordinary Shares Number": "3,461"}, "3/31/2019": {"Duration": "3/31/2019", "Total Assets": "123", "Total Liabilities Net Minority Interest": "8", "Total Equity Gross Minority Interest": "115", "Total Capitalization": "115", "Common Stock Equity": "115", "Net Tangible Assets": "115", "Working Capital": "115", "Invested Capital": "115", "Tangible Book Value": "115", "Share Issued": "3,461", "Ordinary Shares Number": "3,461"}}, "cf": {"TTM": {"Duration": "TTM", "Operating Cash Flow": "-64", "End Cash Position": "72", "Free Cash Flow": "-64"}, "3/31/2020": {"Duration": "3/31/2020", "Operating Cash Flow": "-57", "End Cash Position": "63", "Free Cash Flow": "-57"}, "3/31/2019": {"Duration": "3/31/2019", "Operating Cash Flow": "-68", "End Cash Position": "120", "Free Cash Flow": "-68"}}}}, {"IFAN": {"quote": {"05/12/2021": {"value": "0.0110", "Market Cap": "18,120", "Beta (5Y Monthly)": "4.29", "PE Ratio (TTM)": "N/A", "EPS (TTM)": "-0.0330", "Earnings Date": "N/A", "Forward Dividend & Yield": "N/A (N/A)", "Ex-Dividend Date": "N/A", "1y Target Est": "0.20"}}, "fin": {}, "bs": {}, "cf": {}}}, {"HRG": {"quote": {"05/12/2021": {"value": "", "Net Assets": "N/A", "Beta (5Y Monthly)": "N/A", "Yield": "N/A", "5y Average Return": "N/A", "Holdings Turnover": "N/A", "Last Dividend": "N/A", "Average for Category": "N/A", "Inception Date": "N/A"}}, "fin": {}, "bs": {}, "cf": {}}}, {"GTSO": {"quote": {"05/12/2021": {"value": "0.0230", "Market Cap": "586,642", "Beta (5Y Monthly)": "1.86", "PE Ratio (TTM)": "N/A", "EPS (TTM)": "-0.6520", "Earnings Date": "N/A", "Forward Dividend & Yield": "N/A (N/A)", "Ex-Dividend Date": "N/A", "1y Target Est": "N/A"}}, "fin": {}, "bs": {}, "cf": {}}}, {"GLBD": {"quote": {"05/12/2021": {"value": "1.0000", "Market Cap": "257.874M", "Beta (5Y Monthly)": "N/A", "PE Ratio (TTM)": "N/A", "EPS (TTM)": "-0.0040", "Earnings Date": "N/A", "Forward Dividend & Yield": "N/A (N/A)", "Ex-Dividend Date": "N/A", "1y Target Est": "N/A"}}, "fin": {"TTM": {"Duration": "TTM", "Total Revenue": "195.917", "Cost of Revenue": "125.572", "Gross Profit": "70.345", "Operating Expense": "1,185", "Operating Income": "-1,115", "Net Non Operating Interest Income Expense": "-2.812", "Other Income Expense": "0.27", "Pretax Income": "-1,117", "Tax Provision": "0.027", "Net Income Common Stockholders": "-1,114", "Diluted NI Available to Com Stockholders": "-1,114", "Basic EPS": "-", "Diluted EPS": "-", "Basic Average Shares": "-", "Diluted Average Shares": "-", "Total Operating Income as Reported": "-1,116", "Rent Expense Supplemental": "80.366", "Total Expenses": "1,311", "Net Income from Continuing & Discontinued Operation": "-1,114", "Normalized Income": "-1,115", "Interest Income": "0.044", "Interest Expense": "1.19", "Net Interest Income": "-2.812", "EBIT": "-1,116", "EBITDA": "-1,094", "Reconciled Cost of Revenue": "125.572", "Reconciled Depreciation": "22.317", "Net Income from Continuing Operation Net Minority Interest": "-1,114", "Total Unusual Items Excluding Goodwill": "0.609", "Total Unusual Items": "0.609", "Normalized EBITDA": "-1,094", "Tax Rate for Calcs": "0", "Tax Effect of Unusual Items": "0.1523"}, "12/31/2019": {"Duration": "12/31/2019", "Total Revenue": "195.917", "Cost of Revenue": "125.572", "Gross Profit": "70.345", "Operating Expense": "1,185", "Operating Income": "-1,115", "Net Non Operating Interest Income Expense": "-2.812", "Other Income Expense": "0.27", "Pretax Income": "-1,117", "Tax Provision": "0.027", "Net Income Common Stockholders": "-1,114", "Diluted NI Available to Com Stockholders": "-1,114", "Basic EPS": "-", "Diluted EPS": "-", "Basic Average Shares": "-", "Diluted Average Shares": "-", "Total Operating Income as Reported": "-1,116", "Rent Expense Supplemental": "80.366", "Total Expenses": "1,311", "Net Income from Continuing & Discontinued Operation": "-1,114", "Normalized Income": "-1,115", "Interest Income": "0.044", "Interest Expense": "1.19", "Net Interest Income": "-2.812", "EBIT": "-1,116", "EBITDA": "-", "Reconciled Cost of Revenue": "125.572", "Reconciled Depreciation": "22.317", "Net Income from Continuing Operation Net Minority Interest": "-1,114", "Total Unusual Items Excluding Goodwill": "0.609", "Total Unusual Items": "0.609", "Normalized EBITDA": "-1,094", "Tax Rate for Calcs": "0", "Tax Effect of Unusual Items": "0.1523"}, "6/30/2019": {"Duration": "6/30/2019", "Total Revenue": "0", "Cost of Revenue": "-", "Gross Profit": "-", "Operating Expense": "47.662", "Operating Income": "-47.662", "Net Non Operating Interest Income Expense": "-0.094", "Other Income Expense": "-", "Pretax Income": "-47.756", "Tax Provision": "-", "Net Income Common Stockholders": "-47.756", "Diluted NI Available to Com Stockholders": "-47.756", "Basic EPS": "-0.01", "Diluted EPS": "-0.01", "Basic Average Shares": "5,000", "Diluted Average Shares": "5,000", "Total Operating Income as Reported": "-47.662", "Rent Expense Supplemental": "-", "Total Expenses": "47.662", "Net Income from Continuing & Discontinued Operation": "-47.756", "Normalized Income": "-47.756", "Interest Income": "-", "Interest Expense": "0.094", "Net Interest Income": "-0.094", "EBIT": "-47.662", "EBITDA": "-", "Reconciled Cost of Revenue": "-", "Reconciled Depreciation": "-", "Net Income from Continuing Operation Net Minority Interest": "-47.756", "Total Unusual Items Excluding Goodwill": "-", "Total Unusual Items": "-", "Normalized EBITDA": "-47.662", "Tax Rate for Calcs": "0", "Tax Effect of Unusual Items": "0"}, "6/30/2018": {"Duration": "6/30/2018", "Total Revenue": "0", "Cost of Revenue": "-", "Gross Profit": "-", "Operating Expense": "10.611", "Operating Income": "-10.611", "Net Non Operating Interest Income Expense": "-2.321", "Other Income Expense": "-", "Pretax Income": "-12.932", "Tax Provision": "-", "Net Income Common Stockholders": "-12.932", "Diluted NI Available to Com Stockholders": "-12.932", "Basic EPS": "-0.00", "Diluted EPS": "-0.00", "Basic Average Shares": "5,000", "Diluted Average Shares": "5,000", "Total Operating Income as Reported": "-10.611", "Rent Expense Supplemental": "-", "Total Expenses": "10.611", "Net Income from Continuing & Discontinued Operation": "-12.932", "Normalized Income": "-12.932", "Interest Income": "-", "Interest Expense": "2.321", "Net Interest Income": "-2.321", "EBIT": "-10.611", "EBITDA": "-", "Reconciled Cost of Revenue": "-", "Reconciled Depreciation": "-", "Net Income from Continuing Operation Net Minority Interest": "-12.932", "Total Unusual Items Excluding Goodwill": "-", "Total Unusual Items": "-", "Normalized EBITDA": "-10.611", "Tax Rate for Calcs": "0", "Tax Effect of Unusual Items": "0"}}, "bs": {"12/31/2019": {"Duration": "12/31/2019", "Total Assets": "1,039", "Total Liabilities Net Minority Interest": "2,355", "Total Equity Gross Minority Interest": "-1,316", "Total Capitalization": "-1,100", "Common Stock Equity": "-1,311", "Capital Lease Obligations": "176.259", "Net Tangible Assets": "-1,311", "Working Capital": "-1,350", "Invested Capital": "-1,100", "Tangible Book Value": "-1,311", "Total Debt": "386.676", "Share Issued": "257,874", "Ordinary Shares Number": "257,874"}, "6/30/2019": {"Duration": "6/30/2019", "Total Assets": "10.94", "Total Liabilities Net Minority Interest": "58.47", "Total Equity Gross Minority Interest": "-47.53", "Total Capitalization": "-47.53", "Common Stock Equity": "-47.53", "Capital Lease Obligations": "-", "Net Tangible Assets": "-47.53", "Working Capital": "-46.684", "Invested Capital": "-47.53", "Tangible Book Value": "-47.53", "Total Debt": "-", "Share Issued": "5,000", "Ordinary Shares Number": "5,000"}, "6/30/2018": {"Duration": "6/30/2018", "Total Assets": "0.132", "Total Liabilities Net Minority Interest": "0", "Total Equity Gross Minority Interest": "0.132", "Total Capitalization": "0.132", "Common Stock Equity": "0.132", "Capital Lease Obligations": "-", "Net Tangible Assets": "0.132", "Working Capital": "0.132", "Invested Capital": "0.132", "Tangible Book Value": "0.132", "Total Debt": "-", "Share Issued": "5,000", "Ordinary Shares Number": "5,000"}}, "cf": {"TTM": {"Duration": "TTM", "Operating Cash Flow": "-1,047", "Investing Cash Flow": "-191.359", "Financing Cash Flow": "1,543", "End Cash Position": "313.45", "Income Tax Paid Supplemental Data": "1.448", "Interest Paid Supplemental Data": "0", "Capital Expenditure": "-191.359", "Issuance of Debt": "280", "Free Cash Flow": "-1,238"}, "12/31/2019": {"Duration": "12/31/2019", "Operating Cash Flow": "-1,047", "Investing Cash Flow": "-191.359", "Financing Cash Flow": "1,543", "End Cash Position": "313.45", "Income Tax Paid Supplemental Data": "1.448", "Interest Paid Supplemental Data": "0", "Capital Expenditure": "-191.359", "Issuance of Debt": "280", "Free Cash Flow": "-1,238"}, "6/30/2019": {"Duration": "6/30/2019", "Operating Cash Flow": "-0.132", "Investing Cash Flow": "-", "Financing Cash Flow": "-", "End Cash Position": "0", "Income Tax Paid Supplemental Data": "0", "Interest Paid Supplemental Data": "0", "Capital Expenditure": "-", "Issuance of Debt": "-", "Free Cash Flow": "-0.132"}, "6/30/2018": {"Duration": "6/30/2018", "Operating Cash Flow": "-0.111", "Investing Cash Flow": "-", "Financing Cash Flow": "-", "End Cash Position": "0.132", "Income Tax Paid Supplemental Data": "0", "Interest Paid Supplemental Data": "0", "Capital Expenditure": "-", "Issuance of Debt": "-", "Free Cash Flow": "-0.111"}}}}, {"RJDG": {"quote": {"05/12/2021": {"value": "0.0133", "Market Cap": "1.324M", "Beta (5Y Monthly)": "0.38", "PE Ratio (TTM)": "1.48", "EPS (TTM)": "0.0090", "Earnings Date": "Jul 21, 2017 - Jul 24, 2017", "Forward Dividend & Yield": "N/A (N/A)", "Ex-Dividend Date": "N/A", "1y Target Est": "N/A"}}, "fin": {}, "bs": {}, "cf": {}}}, {"MDRM": {"quote": {"05/12/2021": {"value": "0.0330", "Market Cap": "3.174M", "Beta (5Y Monthly)": "-0.58", "PE Ratio (TTM)": "N/A", "EPS (TTM)": "-0.0180", "Earnings Date": "N/A", "Forward Dividend & Yield": "N/A (N/A)", "Ex-Dividend Date": "N/A", "1y Target Est": "N/A"}}, "fin": {}, "bs": {}, "cf": {}}}, {"PGSC": {"quote": {"05/12/2021": {"value": "0.0500", "Market Cap": "2.42M", "Beta (5Y Monthly)": "1.61", "PE Ratio (TTM)": "N/A", "EPS (TTM)": "-0.0930", "Earnings Date": "N/A", "Forward Dividend & Yield": "N/A (N/A)", "Ex-Dividend Date": "N/A", "1y Target Est": "N/A"}}, "fin": {}, "bs": {}, "cf": {}}}, {"GSPH": {"quote": {"05/12/2021": {"value": "0.0030", "Market Cap": "1.113M", "Beta (5Y Monthly)": "-1.00", "PE Ratio (TTM)": "N/A", "EPS (TTM)": "-0.0030", "Earnings Date": "N/A", "Forward Dividend & Yield": "N/A (N/A)", "Ex-Dividend Date": "N/A", "1y Target Est": "N/A"}}, "fin": {"TTM": {"Duration": "TTM", "Total Revenue": "438.89", "Cost of Revenue": "132.593", "Gross Profit": "306.297", "Operating Expense": "1,152", "Operating Income": "-846.128", "Net Non Operating Interest Income Expense": "-316.695", "Other Income Expense": "74.385", "Pretax Income": "-1,088", "Tax Provision": "0", "Net Income Common Stockholders": "-1,088", "Diluted NI Available to Com Stockholders": "-1,088", "Basic EPS": "-", "Diluted EPS": "-", "Basic Average Shares": "-", "Diluted Average Shares": "-", "Total Operating Income as Reported": "-846.128", "Total Expenses": "1,285", "Net Income from Continuing & Discontinued Operation": "-1,088", "Normalized Income": "-1,163", "Interest Expense": "316.695", "Net Interest Income": "-316.695", "EBIT": "-771.743", "EBITDA": "-767.57", "Reconciled Cost of Revenue": "132.593", "Reconciled Depreciation": "4.173", "Net Income from Continuing Operation Net Minority Interest": "-1,088", "Total Unusual Items Excluding Goodwill": "74.385", "Total Unusual Items": "74.385", "Normalized EBITDA": "-841.955", "Tax Rate for Calcs": "0", "Tax Effect of Unusual Items": "0"}, "12/31/2018": {"Duration": "12/31/2018", "Total Revenue": "866.212", "Cost of Revenue": "219.348", "Gross Profit": "646.864", "Operating Expense": "1,450", "Operating Income": "-802.676", "Net Non Operating Interest Income Expense": "-401.549", "Other Income Expense": "-3.157", "Pretax Income": "-1,207", "Tax Provision": "0", "Net Income Common Stockholders": "-1,207", "Diluted NI Available to Com Stockholders": "-1,207", "Basic EPS": "-0.00", "Diluted EPS": "-0.00", "Basic Average Shares": "309,515", "Diluted Average Shares": "309,515", "Total Operating Income as Reported": "-802.676", "Total Expenses": "1,669", "Net Income from Continuing & Discontinued Operation": "-1,207", "Normalized Income": "-1,203", "Interest Expense": "401.549", "Net Interest Income": "-401.549", "EBIT": "-805.833", "EBITDA": "-", "Reconciled Cost of Revenue": "219.348", "Reconciled Depreciation": "8.328", "Net Income from Continuing Operation Net Minority Interest": "-1,207", "Total Unusual Items Excluding Goodwill": "-4.868", "Total Unusual Items": "-4.868", "Normalized EBITDA": "-792.637", "Tax Rate for Calcs": "0", "Tax Effect of Unusual Items": "0"}}, "bs": {"12/31/2018": {"Duration": "12/31/2018", "Total Assets": "205.986", "Total Liabilities Net Minority Interest": "3,641", "Total Equity Gross Minority Interest": "-3,435", "Total Capitalization": "-3,435", "Preferred Stock Equity": "3.645", "Common Stock Equity": "-3,439", "Capital Lease Obligations": "-", "Net Tangible Assets": "-3,435", "Working Capital": "-3,438", "Invested Capital": "-1,396", "Tangible Book Value": "-3,439", "Total Debt": "2,043", "Net Debt": "2,036", "Share Issued": "325,077", "Ordinary Shares Number": "325,077"}}, "cf": {"TTM": {"Duration": "TTM", "Operating Cash Flow": "-494.247", "Investing Cash Flow": "-7.182", "Financing Cash Flow": "534.521", "End Cash Position": "41.224", "Income Tax Paid Supplemental Data": "0", "Interest Paid Supplemental Data": "1.238", "Capital Expenditure": "-", "Issuance of Capital Stock": "405", "Issuance of Debt": "150", "Repayment of Debt": "-70.479", "Free Cash Flow": "-501.429"}, "12/31/2018": {"Duration": "12/31/2018", "Operating Cash Flow": "-484.694", "Investing Cash Flow": "0", "Financing Cash Flow": "483.454", "End Cash Position": "7.117", "Income Tax Paid Supplemental Data": "0", "Interest Paid Supplemental Data": "1.79", "Capital Expenditure": "-", "Issuance of Capital Stock": "326", "Issuance of Debt": "200", "Repayment of Debt": "-142.546", "Free Cash Flow": "-484.694"}}}}, {"MXMG": {"quote": {"05/12/2021": {"value": "0.0085", "Market Cap": "170,100", "Beta (5Y Monthly)": "1.10", "PE Ratio (TTM)": "N/A", "EPS (TTM)": "-0.0000", "Earnings Date": "N/A", "Forward Dividend & Yield": "N/A (N/A)", "Ex-Dividend Date": "N/A", "1y Target Est": "N/A"}}, "fin": {}, "bs": {}, "cf": {}}}, {"ZMDC": {"quote": {"05/12/2021": {"value": "0.0700", "Market Cap": "129,724", "Beta (5Y Monthly)": "7.78", "PE Ratio (TTM)": "N/A", "EPS (TTM)": "-0.0290", "Earnings Date": "N/A", "Forward Dividend & Yield": "N/A (N/A)", "Ex-Dividend Date": "N/A", "1y Target Est": "N/A"}}, "fin": {"TTM": {"Duration": "TTM", "Total Revenue": "0", "Operating Expense": "52.859", "Operating Income": "-52.859", "Pretax Income": "-52.859", "Net Income Common Stockholders": "-52.859", "Diluted NI Available to Com Stockholders": "-52.859", "Basic EPS": "-", "Diluted EPS": "-", "Basic Average Shares": "-", "Diluted Average Shares": "-", "Total Expenses": "52.859", "Net Income from Continuing & Discontinued Operation": "-52.859", "Normalized Income": "-52.859", "EBIT": "-52.859", "EBITDA": "-52.859", "Net Income from Continuing Operation Net Minority Interest": "-52.859", "Normalized EBITDA": "-52.859", "Tax Rate for Calcs": "0", "Tax Effect of Unusual Items": "0"}, "12/31/2018": {"Duration": "12/31/2018", "Total Revenue": "0", "Operating Expense": "51.809", "Operating Income": "-51.809", "Pretax Income": "-51.809", "Net Income Common Stockholders": "-51.809", "Diluted NI Available to Com Stockholders": "-51.809", "Basic EPS": "-0.03", "Diluted EPS": "-0.03", "Basic Average Shares": "1,853", "Diluted Average Shares": "1,853", "Total Expenses": "51.809", "Net Income from Continuing & Discontinued Operation": "-51.809", "Normalized Income": "-51.809", "EBIT": "-51.809", "EBITDA": "-", "Net Income from Continuing Operation Net Minority Interest": "-51.809", "Normalized EBITDA": "-51.809", "Tax Rate for Calcs": "0", "Tax Effect of Unusual Items": "0"}}, "bs": {"12/31/2018": {"Duration": "12/31/2018", "Total Assets": "0", "Total Liabilities Net Minority Interest": "180.716", "Total Equity Gross Minority Interest": "-180.716", "Total Capitalization": "-180.716", "Common Stock Equity": "-180.716", "Net Tangible Assets": "-180.716", "Working Capital": "-180.716", "Invested Capital": "-180.716", "Tangible Book Value": "-180.716", "Share Issued": "1,853", "Ordinary Shares Number": "1,853"}}, "cf": {"TTM": {"Duration": "TTM", "Operating Cash Flow": "0", "End Cash Position": "-", "Income Tax Paid Supplemental Data": "0", "Interest Paid Supplemental Data": "0", "Free Cash Flow": "0"}, "12/31/2018": {"Duration": "12/31/2018", "Operating Cash Flow": "0", "End Cash Position": "0", "Income Tax Paid Supplemental Data": "0", "Interest Paid Supplemental Data": "0", "Free Cash Flow": "0"}}}}, {"SHGT": {"quote": {"05/12/2021": {"value": "", "Net Assets": "N/A", "Beta (5Y Monthly)": "N/A", "Yield": "N/A", "5y Average Return": "N/A", "Holdings Turnover": "N/A", "Last Dividend": "N/A", "Average for Category": "N/A", "Inception Date": "N/A"}}, "fin": {}, "bs": {}, "cf": {}}}, {"SPLP": {"quote": {"05/12/2021": {"value": "19.71", "Market Cap": "452.511M", "Beta (5Y Monthly)": "1.90", "PE Ratio (TTM)": "11.96", "EPS (TTM)": "1.65", "Earnings Date": "Nov 03, 2020", "Forward Dividend & Yield": "N/A (N/A)", "Ex-Dividend Date": "Dec 29, 2016", "1y Target Est": "N/A"}}, "fin": {"TTM": {"Duration": "TTM", "Total Revenue": "1,310,636", "Cost of Revenue": "871,596", "Gross Profit": "439,040", "Operating Expense": "312,730", "Operating Income": "126,310", "Net Non Operating Interest Income Expense": "-29,514", "Other Income Expense": "28,603", "Pretax Income": "125,399", "Tax Provision": "38,136", "Earnings from Equity Interest Net of Tax": "-3,786", "Net Income Common Stockholders": "72,675", "Average Dilution Earnings": "12,002", "Diluted NI Available to Com Stockholders": "84,677", "Basic EPS": "-", "Diluted EPS": "-", "Basic Average Shares": "-", "Diluted Average Shares": "-", "Total Operating Income as Reported": "-", "Total Expenses": "1,184,326", "Net Income from Continuing & Discontinued Operation": "72,675", "Normalized Income": "66,214", "Interest Expense": "29,514", "Net Interest Income": "-29,514", "EBIT": "154,913", "EBITDA": "220,246", "Reconciled Cost of Revenue": "871,596", "Reconciled Depreciation": "65,333", "Net Income from Continuing Operation Net Minority Interest": "82,874", "Total Unusual Items Excluding Goodwill": "23,937", "Total Unusual Items": "23,937", "Normalized EBITDA": "196,309", "Tax Rate for Calcs": "0", "Tax Effect of Unusual Items": "7,277"}, "12/31/2020": {"Duration": "12/31/2020", "Total Revenue": "1,310,636", "Cost of Revenue": "871,596", "Gross Profit": "439,040", "Operating Expense": "312,730", "Operating Income": "126,310", "Net Non Operating Interest Income Expense": "-29,514", "Other Income Expense": "28,603", "Pretax Income": "125,399", "Tax Provision": "38,136", "Earnings from Equity Interest Net of Tax": "-3,786", "Net Income Common Stockholders": "72,675", "Average Dilution Earnings": "12,002", "Diluted NI Available to Com Stockholders": "84,677", "Basic EPS": "2.93", "Diluted EPS": "1.65", "Basic Average Shares": "24,810", "Diluted Average Shares": "51,391", "Total Operating Income as Reported": "-", "Total Expenses": "1,184,326", "Net Income from Continuing & Discontinued Operation": "72,675", "Normalized Income": "66,214", "Interest Expense": "29,514", "Net Interest Income": "-29,514", "EBIT": "154,913", "EBITDA": "-", "Reconciled Cost of Revenue": "871,596", "Reconciled Depreciation": "65,333", "Net Income from Continuing Operation Net Minority Interest": "82,874", "Total Unusual Items Excluding Goodwill": "23,937", "Total Unusual Items": "23,937", "Normalized EBITDA": "196,309", "Tax Rate for Calcs": "0", "Tax Effect of Unusual Items": "7,277"}, "12/31/2019": {"Duration": "12/31/2019", "Total Revenue": "1,561,771", "Cost of Revenue": "1,068,520", "Gross Profit": "493,251", "Operating Expense": "400,176", "Operating Income": "93,075", "Net Non Operating Interest Income Expense": "-41,409", "Other Income Expense": "-23,905", "Pretax Income": "27,761", "Tax Provision": "15,865", "Earnings from Equity Interest Net of Tax": "-8,043", "Net Income Common Stockholders": "3,950", "Average Dilution Earnings": "-", "Diluted NI Available to Com Stockholders": "3,950", "Basic EPS": "0.16", "Diluted EPS": "0.16", "Basic Average Shares": "24,965", "Diluted Average Shares": "24,965", "Total Operating Income as Reported": "-", "Total Expenses": "1,468,696", "Net Income from Continuing & Discontinued Operation": "3,950", "Normalized Income": "22,232", "Interest Expense": "41,409", "Net Interest Income": "-41,409", "EBIT": "69,170", "EBITDA": "-", "Reconciled Cost of Revenue": "1,068,520", "Reconciled Depreciation": "72,266", "Net Income from Continuing Operation Net Minority Interest": "3,950", "Total Unusual Items Excluding Goodwill": "-25,044", "Total Unusual Items": "-25,044", "Normalized EBITDA": "166,480", "Tax Rate for Calcs": "0", "Tax Effect of Unusual Items": "-6,762"}, "12/31/2018": {"Duration": "12/31/2018", "Total Revenue": "1,584,614", "Cost of Revenue": "1,120,266", "Gross Profit": "464,348", "Operating Expense": "371,852", "Operating Income": "92,496", "Net Non Operating Interest Income Expense": "-39,234", "Other Income Expense": "-62,684", "Pretax Income": "-9,422", "Tax Provision": "12,559", "Earnings from Equity Interest Net of Tax": "-9,509", "Net Income Common Stockholders": "-32,604", "Average Dilution Earnings": "-", "Diluted NI Available to Com Stockholders": "-32,604", "Basic EPS": "-1.25", "Diluted EPS": "-1.25", "Basic Average Shares": "25,984", "Diluted Average Shares": "25,984", "Total Operating Income as Reported": "-", "Total Expenses": "1,492,118", "Net Income from Continuing & Discontinued Operation": "-32,604", "Normalized Income": "14,202", "Interest Expense": "39,234", "Net Interest Income": "-39,234", "EBIT": "29,812", "EBITDA": "-", "Reconciled Cost of Revenue": "1,120,266", "Reconciled Depreciation": "80,323", "Net Income from Continuing Operation Net Minority Interest": "-32,604", "Total Unusual Items Excluding Goodwill": "-64,118", "Total Unusual Items": "-64,118", "Normalized EBITDA": "174,253", "Tax Rate for Calcs": "0", "Tax Effect of Unusual Items": "-17,312"}}, "bs": {"12/31/2020": {"Duration": "12/31/2020", "Total Assets": "3,934,378", "Total Liabilities Net Minority Interest": "3,395,156", "Total Equity Gross Minority Interest": "539,222", "Total Capitalization": "2,948,275", "Common Stock Equity": "534,660", "Capital Lease Obligations": "21,845", "Net Tangible Assets": "-289,433", "Working Capital": "286,302", "Invested Capital": "2,959,033", "Tangible Book Value": "245,227", "Total Debt": "2,446,218", "Net Debt": "2,288,585", "Share Issued": "37,837", "Ordinary Shares Number": "22,921", "Preferred Shares Number": "6,422", "Treasury Shares Number": "14,917"}, "12/31/2019": {"Duration": "12/31/2019", "Total Assets": "2,332,354", "Total Liabilities Net Minority Interest": "1,855,935", "Total Equity Gross Minority Interest": "476,419", "Total Capitalization": "863,749", "Common Stock Equity": "472,613", "Capital Lease Obligations": "31,262", "Net Tangible Assets": "-308,219", "Working Capital": "154,380", "Invested Capital": "881,154", "Tangible Book Value": "164,394", "Total Debt": "439,803", "Net Debt": "260,193", "Share Issued": "37,671", "Ordinary Shares Number": "25,023", "Preferred Shares Number": "7,927", "Treasury Shares Number": "12,648"}, "12/31/2018": {"Duration": "12/31/2018", "Total Assets": "2,356,059", "Total Liabilities Net Minority Interest": "1,836,687", "Total Equity Gross Minority Interest": "519,372", "Total Capitalization": "993,747", "Common Stock Equity": "515,651", "Capital Lease Obligations": "-", "Net Tangible Assets": "-367,486", "Working Capital": "422,374", "Invested Capital": "997,640", "Tangible Book Value": "148,165", "Total Debt": "481,989", "Net Debt": "147,105", "Share Issued": "37,437", "Ordinary Shares Number": "25,294", "Preferred Shares Number": "7,927", "Treasury Shares Number": "12,143"}}, "cf": {"TTM": {"Duration": "TTM", "Operating Cash Flow": "324,090", "Investing Cash Flow": "-1,899,041", "Financing Cash Flow": "1,574,128", "End Cash Position": "135,788", "Income Tax Paid Supplemental Data": "-", "Interest Paid Supplemental Data": "-", "Capital Expenditure": "-23,226", "Issuance of Debt": "2,090,223", "Repayment of Debt": "-55,099", "Repurchase of Capital Stock": "-60,464", "Free Cash Flow": "300,864"}, "12/31/2020": {"Duration": "12/31/2020", "Operating Cash Flow": "324,090", "Investing Cash Flow": "-1,899,041", "Financing Cash Flow": "1,574,128", "End Cash Position": "135,788", "Income Tax Paid Supplemental Data": "-", "Interest Paid Supplemental Data": "-", "Capital Expenditure": "-23,226", "Issuance of Debt": "2,090,223", "Repayment of Debt": "-55,099", "Repurchase of Capital Stock": "-60,464", "Free Cash Flow": "300,864"}, "12/31/2019": {"Duration": "12/31/2019", "Operating Cash Flow": "111,743", "Investing Cash Flow": "-274,965", "Financing Cash Flow": "-36,146", "End Cash Position": "148,348", "Income Tax Paid Supplemental Data": "-", "Interest Paid Supplemental Data": "-", "Capital Expenditure": "-43,024", "Issuance of Debt": "0", "Repayment of Debt": "-72,016", "Repurchase of Capital Stock": "-6,721", "Free Cash Flow": "68,719"}, "12/31/2018": {"Duration": "12/31/2018", "Operating Cash Flow": "52,751", "Investing Cash Flow": "-366,429", "Financing Cash Flow": "226,621", "End Cash Position": "347,318", "Income Tax Paid Supplemental Data": "9,463", "Interest Paid Supplemental Data": "40,773", "Capital Expenditure": "-47,085", "Issuance of Debt": "67,022", "Repayment of Debt": "-604", "Repurchase of Capital Stock": "-21,202", "Free Cash Flow": "5,666"}}}}, {"HOMR": {"quote": {"05/12/2021": {"value": "", "Net Assets": "N/A", "Beta (5Y Monthly)": "N/A", "Yield": "N/A", "5y Average Return": "N/A", "Holdings Turnover": "N/A", "Last Dividend": "N/A", "Average for Category": "N/A", "Inception Date": "N/A"}}, "fin": {}, "bs": {}, "cf": {}}}, {"PSTO": {"quote": {"05/12/2021": {"value": "0.0600", "Market Cap": "451,315", "Beta (5Y Monthly)": "3.01", "PE Ratio (TTM)": "N/A", "EPS (TTM)": "-0.2720", "Earnings Date": "N/A", "Forward Dividend & Yield": "N/A (N/A)", "Ex-Dividend Date": "N/A", "1y Target Est": "0.42"}}, "fin": {}, "bs": {}, "cf": {}}}, {"PRLX": {"quote": {"05/12/2021": {"value": "0.0080", "Market Cap": "2.166M", "Beta (5Y Monthly)": "1.47", "PE Ratio (TTM)": "N/A", "EPS (TTM)": "-0.0640", "Earnings Date": "Aug 20, 2019", "Forward Dividend & Yield": "N/A (N/A)", "Ex-Dividend Date": "N/A", "1y Target Est": "N/A"}}, "fin": {"TTM": {"Duration": "TTM", "Total Revenue": "128.6", "Cost of Revenue": "16.827", "Gross Profit": "111.773", "Operating Expense": "6,505", "Operating Income": "-6,394", "Net Non Operating Interest Income Expense": "-602.508", "Other Income Expense": "-5,870", "Pretax Income": "-12,866", "Net Income Common Stockholders": "-12,866", "Diluted NI Available to Com Stockholders": "-12,866", "Basic EPS": "-", "Diluted EPS": "-", "Basic Average Shares": "-", "Diluted Average Shares": "-", "Total Operating Income as Reported": "-6,394", "Rent Expense Supplemental": "139.52", "Total Expenses": "6,522", "Net Income from Continuing & Discontinued Operation": "-12,866", "Normalized Income": "-6,996", "Interest Expense": "582.508", "Net Interest Income": "-602.508", "EBIT": "-12,284", "EBITDA": "-12,096", "Reconciled Cost of Revenue": "16.827", "Reconciled Depreciation": "187.381", "Net Income from Continuing Operation Net Minority Interest": "-12,866", "Total Unusual Items Excluding Goodwill": "-5,870", "Total Unusual Items": "-5,870", "Normalized EBITDA": "-6,226", "Tax Rate for Calcs": "0", "Tax Effect of Unusual Items": "0"}, "12/31/2019": {"Duration": "12/31/2019", "Total Revenue": "128.6", "Cost of Revenue": "16.827", "Gross Profit": "111.773", "Operating Expense": "6,505", "Operating Income": "-6,394", "Net Non Operating Interest Income Expense": "-602.508", "Other Income Expense": "-5,870", "Pretax Income": "-12,866", "Net Income Common Stockholders": "-12,866", "Diluted NI Available to Com Stockholders": "-12,866", "Basic EPS": "-0.06", "Diluted EPS": "-0.06", "Basic Average Shares": "201,921", "Diluted Average Shares": "261,528", "Total Operating Income as Reported": "-6,394", "Rent Expense Supplemental": "139.52", "Total Expenses": "6,522", "Net Income from Continuing & Discontinued Operation": "-12,866", "Normalized Income": "-6,996", "Interest Expense": "582.508", "Net Interest Income": "-602.508", "EBIT": "-12,284", "EBITDA": "-", "Reconciled Cost of Revenue": "16.827", "Reconciled Depreciation": "187.381", "Net Income from Continuing Operation Net Minority Interest": "-12,866", "Total Unusual Items Excluding Goodwill": "-5,870", "Total Unusual Items": "-5,870", "Normalized EBITDA": "-6,226", "Tax Rate for Calcs": "0", "Tax Effect of Unusual Items": "0"}, "12/31/2018": {"Duration": "12/31/2018", "Total Revenue": "11.739", "Cost of Revenue": "20.339", "Gross Profit": "-8.6", "Operating Expense": "6,553", "Operating Income": "-6,561", "Net Non Operating Interest Income Expense": "-4,019", "Other Income Expense": "27,694", "Pretax Income": "17,114", "Net Income Common Stockholders": "16,289", "Diluted NI Available to Com Stockholders": "16,289", "Basic EPS": "0.11", "Diluted EPS": "0.07", "Basic Average Shares": "148,336", "Diluted Average Shares": "215,576", "Total Operating Income as Reported": "-6,561", "Rent Expense Supplemental": "73.351", "Total Expenses": "6,573", "Net Income from Continuing & Discontinued Operation": "16,289", "Normalized Income": "-3,103", "Interest Expense": "1,213", "Net Interest Income": "-4,019", "EBIT": "18,327", "EBITDA": "-", "Reconciled Cost of Revenue": "20.339", "Reconciled Depreciation": "120.62", "Net Income from Continuing Operation Net Minority Interest": "17,114", "Total Unusual Items Excluding Goodwill": "27,694", "Total Unusual Items": "27,694", "Normalized EBITDA": "-9,247", "Tax Rate for Calcs": "0", "Tax Effect of Unusual Items": "7,477"}}, "bs": {"12/31/2019": {"Duration": "12/31/2019", "Total Assets": "1,360", "Total Liabilities Net Minority Interest": "11,614", "Total Equity Gross Minority Interest": "-10,255", "Total Capitalization": "-8,370", "Preferred Stock Equity": "0.978", "Common Stock Equity": "-10,256", "Capital Lease Obligations": "52.176", "Net Tangible Assets": "-11,498", "Working Capital": "-7,664", "Invested Capital": "-6,779", "Tangible Book Value": "-11,499", "Total Debt": "3,529", "Net Debt": "3,470", "Share Issued": "250,125", "Ordinary Shares Number": "250,125"}, "12/31/2018": {"Duration": "12/31/2018", "Total Assets": "1,364", "Total Liabilities Net Minority Interest": "7,346", "Total Equity Gross Minority Interest": "-5,982", "Total Capitalization": "-4,515", "Preferred Stock Equity": "1.014", "Common Stock Equity": "-5,983", "Capital Lease Obligations": "-", "Net Tangible Assets": "-7,346", "Working Capital": "-5,139", "Invested Capital": "-3,037", "Tangible Book Value": "-7,347", "Total Debt": "2,946", "Net Debt": "2,946", "Share Issued": "158,113", "Ordinary Shares Number": "158,113"}}, "cf": {"TTM": {"Duration": "TTM", "Operating Cash Flow": "-2,946", "Investing Cash Flow": "-2.628", "Financing Cash Flow": "2,954", "Cash Flow from Discontinued Operation": "0", "End Cash Position": "6.445", "Income Tax Paid Supplemental Data": "0", "Interest Paid Supplemental Data": "470.101", "Capital Expenditure": "-2.628", "Issuance of Capital Stock": "2,407", "Issuance of Debt": "1,922", "Repayment of Debt": "-1,375", "Free Cash Flow": "-2,948"}, "12/31/2019": {"Duration": "12/31/2019", "Operating Cash Flow": "-2,946", "Investing Cash Flow": "-2.628", "Financing Cash Flow": "2,954", "Cash Flow from Discontinued Operation": "0", "End Cash Position": "6.445", "Income Tax Paid Supplemental Data": "0", "Interest Paid Supplemental Data": "470.101", "Capital Expenditure": "-2.628", "Issuance of Capital Stock": "2,407", "Issuance of Debt": "1,922", "Repayment of Debt": "-1,375", "Free Cash Flow": "-2,948"}, "12/31/2018": {"Duration": "12/31/2018", "Operating Cash Flow": "-1,292", "Investing Cash Flow": "0", "Financing Cash Flow": "1,332", "Cash Flow from Discontinued Operation": "-39.942", "End Cash Position": "0.262", "Income Tax Paid Supplemental Data": "0", "Interest Paid Supplemental Data": "342.336", "Capital Expenditure": "-", "Issuance of Capital Stock": "341.25", "Issuance of Debt": "1,050", "Repayment of Debt": "-59.245", "Free Cash Flow": "-1,292"}}}}, {"HPCQ": {"quote": {"05/12/2021": {"value": "", "Net Assets": "N/A", "Beta (5Y Monthly)": "N/A", "Yield": "N/A", "5y Average Return": "N/A", "Holdings Turnover": "N/A", "Last Dividend": "N/A", "Average for Category": "N/A", "Inception Date": "N/A"}}, "fin": {}, "bs": {}, "cf": {}}}, {"OMVS": {"quote": {"05/12/2021": {"value": "", "Net Assets": "N/A", "Beta (5Y Monthly)": "N/A", "Yield": "N/A", "5y Average Return": "N/A", "Holdings Turnover": "N/A", "Last Dividend": "N/A", "Average for Category": "N/A", "Inception Date": "N/A"}}, "fin": {}, "bs": {}, "cf": {}}}, {"CMXC": {"quote": {"05/12/2021": {"value": "0.2300", "Market Cap": "13.659M", "Beta (5Y Monthly)": "0.39", "PE Ratio (TTM)": "N/A", "EPS (TTM)": "-0.0130", "Earnings Date": "N/A", "Forward Dividend & Yield": "N/A (N/A)", "Ex-Dividend Date": "N/A", "1y Target Est": "N/A"}}, "fin": {"TTM": {"Duration": "TTM", "Total Revenue": "64.056", "Cost of Revenue": "6.562", "Gross Profit": "57.494", "Operating Expense": "849.753", "Operating Income": "-792.259", "Net Non Operating Interest Income Expense": "-29.117", "Other Income Expense": "-", "Pretax Income": "-752.561", "Net Income Common Stockholders": "-752.561", "Diluted NI Available to Com Stockholders": "-752.561", "Basic EPS": "-", "Diluted EPS": "-", "Basic Average Shares": "-", "Diluted Average Shares": "-", "Total Expenses": "856.315", "Net Income from Continuing & Discontinued Operation": "-752.561", "Normalized Income": "-821.376", "Interest Expense": "29.117", "Net Interest Income": "-29.117", "EBIT": "-723.444", "EBITDA": "-721.069", "Reconciled Cost of Revenue": "6.562", "Reconciled Depreciation": "2.375", "Net Income from Continuing Operation Net Minority Interest": "-752.561", "Total Unusual Items Excluding Goodwill": "68.815", "Total Unusual Items": "68.815", "Normalized EBITDA": "-789.884", "Tax Rate for Calcs": "0", "Tax Effect of Unusual Items": "0"}, "5/31/2020": {"Duration": "5/31/2020", "Total Revenue": "95.824", "Cost of Revenue": "10.236", "Gross Profit": "85.588", "Operating Expense": "1,124", "Operating Income": "-1,038", "Net Non Operating Interest Income Expense": "-21.069", "Other Income Expense": "-33.278", "Pretax Income": "-1,093", "Net Income Common Stockholders": "-1,093", "Diluted NI Available to Com Stockholders": "-1,093", "Basic EPS": "-0.02", "Diluted EPS": "-0.02", "Basic Average Shares": "53,478", "Diluted Average Shares": "53,478", "Total Expenses": "1,134", "Net Income from Continuing & Discontinued Operation": "-1,093", "Normalized Income": "-1,059", "Interest Expense": "21.069", "Net Interest Income": "-21.069", "EBIT": "-1,072", "EBITDA": "-", "Reconciled Cost of Revenue": "10.236", "Reconciled Depreciation": "1.846", "Net Income from Continuing Operation Net Minority Interest": "-1,093", "Total Unusual Items Excluding Goodwill": "-33.278", "Total Unusual Items": "-33.278", "Normalized EBITDA": "-1,037", "Tax Rate for Calcs": "0", "Tax Effect of Unusual Items": "0"}, "5/31/2019": {"Duration": "5/31/2019", "Total Revenue": "0", "Cost of Revenue": "-", "Gross Profit": "-", "Operating Expense": "670.208", "Operating Income": "-670.208", "Net Non Operating Interest Income Expense": "-235.773", "Other Income Expense": "-", "Pretax Income": "-905.981", "Net Income Common Stockholders": "-905.981", "Diluted NI Available to Com Stockholders": "-905.981", "Basic EPS": "-0.02", "Diluted EPS": "-0.02", "Basic Average Shares": "44,283", "Diluted Average Shares": "44,283", "Total Expenses": "670.208", "Net Income from Continuing & Discontinued Operation": "-905.981", "Normalized Income": "-905.981", "Interest Expense": "16.721", "Net Interest Income": "-235.773", "EBIT": "-889.26", "EBITDA": "-", "Reconciled Cost of Revenue": "-", "Reconciled Depreciation": "0.58", "Net Income from Continuing Operation Net Minority Interest": "-905.981", "Total Unusual Items Excluding Goodwill": "-", "Total Unusual Items": "-", "Normalized EBITDA": "-888.68", "Tax Rate for Calcs": "0", "Tax Effect of Unusual Items": "0"}, "5/31/2018": {"Duration": "5/31/2018", "Total Revenue": "0", "Cost of Revenue": "0", "Gross Profit": "0", "Operating Expense": "1,536", "Operating Income": "-1,536", "Net Non Operating Interest Income Expense": "-11.227", "Other Income Expense": "-", "Pretax Income": "-1,547", "Net Income Common Stockholders": "-1,547", "Diluted NI Available to Com Stockholders": "-1,547", "Basic EPS": "-0.04", "Diluted EPS": "-0.04", "Basic Average Shares": "42,311", "Diluted Average Shares": "42,311", "Total Expenses": "1,536", "Net Income from Continuing & Discontinued Operation": "-1,547", "Normalized Income": "-1,547", "Interest Expense": "11.227", "Net Interest Income": "-11.227", "EBIT": "-1,536", "EBITDA": "-", "Reconciled Cost of Revenue": "0", "Reconciled Depreciation": "0", "Net Income from Continuing Operation Net Minority Interest": "-1,547", "Total Unusual Items Excluding Goodwill": "0", "Total Unusual Items": "0", "Normalized EBITDA": "-1,536", "Tax Rate for Calcs": "0", "Tax Effect of Unusual Items": "0"}}, "bs": {"5/31/2020": {"Duration": "5/31/2020", "Total Assets": "159.179", "Total Liabilities Net Minority Interest": "1,680", "Total Equity Gross Minority Interest": "-1,520", "Total Capitalization": "-1,520", "Common Stock Equity": "-1,520", "Net Tangible Assets": "-1,520", "Working Capital": "-1,522", "Invested Capital": "-1,018", "Tangible Book Value": "-1,520", "Total Debt": "502.437", "Net Debt": "457.347", "Share Issued": "55,916", "Ordinary Shares Number": "55,916"}, "5/31/2019": {"Duration": "5/31/2019", "Total Assets": "190.541", "Total Liabilities Net Minority Interest": "1,963", "Total Equity Gross Minority Interest": "-1,773", "Total Capitalization": "-1,773", "Common Stock Equity": "-1,773", "Net Tangible Assets": "-1,773", "Working Capital": "-1,774", "Invested Capital": "-1,261", "Tangible Book Value": "-1,773", "Total Debt": "511.754", "Net Debt": "454.582", "Share Issued": "44,283", "Ordinary Shares Number": "44,283"}, "5/31/2018": {"Duration": "5/31/2018", "Total Assets": "45.259", "Total Liabilities Net Minority Interest": "1,119", "Total Equity Gross Minority Interest": "-1,073", "Total Capitalization": "-1,073", "Common Stock Equity": "-1,073", "Net Tangible Assets": "-1,073", "Working Capital": "-1,073", "Invested Capital": "-955.959", "Tangible Book Value": "-1,073", "Total Debt": "117.459", "Net Debt": "109.259", "Share Issued": "44,283", "Ordinary Shares Number": "44,283"}}, "cf": {"TTM": {"Duration": "TTM", "Operating Cash Flow": "-642.958", "Investing Cash Flow": "-1.574", "Financing Cash Flow": "555.958", "End Cash Position": "24.49", "Capital Expenditure": "-1.574", "Issuance of Capital Stock": "167", "Issuance of Debt": "301.186", "Free Cash Flow": "-644.532"}, "5/31/2020": {"Duration": "5/31/2020", "Operating Cash Flow": "-925.844", "Investing Cash Flow": "-2.463", "Financing Cash Flow": "916.422", "End Cash Position": "45.09", "Capital Expenditure": "-2.463", "Issuance of Capital Stock": "486", "Issuance of Debt": "327.65", "Free Cash Flow": "-928.307"}, "5/31/2019": {"Duration": "5/31/2019", "Operating Cash Flow": "-307.542", "Investing Cash Flow": "-1.915", "Financing Cash Flow": "359.125", "End Cash Position": "57.172", "Capital Expenditure": "-1.915", "Issuance of Capital Stock": "-", "Issuance of Debt": "297.004", "Free Cash Flow": "-309.457"}, "5/31/2018": {"Duration": "5/31/2018", "Operating Cash Flow": "-449.427", "Investing Cash Flow": "0", "Financing Cash Flow": "388.136", "End Cash Position": "8.2", "Capital Expenditure": "-", "Issuance of Capital Stock": "-", "Issuance of Debt": "40.84", "Free Cash Flow": "-449.427"}}}}, {"AFAN": {"quote": {"05/12/2021": {"value": "", "Net Assets": "N/A", "Beta (5Y Monthly)": "N/A", "Yield": "N/A", "5y Average Return": "N/A", "Holdings Turnover": "N/A", "Last Dividend": "N/A", "Average for Category": "N/A", "Inception Date": "N/A"}}, "fin": {}, "bs": {}, "cf": {}}}, {"TCKF": {"quote": {"05/12/2021": {"value": "", "Net Assets": "N/A", "Beta (5Y Monthly)": "N/A", "Yield": "N/A", "5y Average Return": "N/A", "Holdings Turnover": "N/A", "Last Dividend": "N/A", "Average for Category": "N/A", "Inception Date": "N/A"}}, "fin": {}, "bs": {}, "cf": {}}}, {"PGEC": {"quote": {"05/12/2021": {"value": "0.0110", "Market Cap": "36,653", "Beta (5Y Monthly)": "4.35", "PE Ratio (TTM)": "N/A", "EPS (TTM)": "-0.0080", "Earnings Date": "N/A", "Forward Dividend & Yield": "N/A (N/A)", "Ex-Dividend Date": "N/A", "1y Target Est": "N/A"}}, "fin": {"TTM": {"Duration": "TTM", "Total Revenue": "0", "Operating Expense": "13.596", "Operating Income": "-13.596", "Net Non Operating Interest Income Expense": "-12.371", "Pretax Income": "-25.967", "Tax Provision": "0", "Net Income Common Stockholders": "-25.967", "Diluted NI Available to Com Stockholders": "-25.967", "Basic EPS": "-", "Diluted EPS": "-", "Basic Average Shares": "-", "Diluted Average Shares": "-", "Total Operating Income as Reported": "-13.596", "Total Expenses": "13.596", "Net Income from Continuing & Discontinued Operation": "-25.967", "Normalized Income": "-25.967", "Interest Expense": "12.371", "Net Interest Income": "-12.371", "EBIT": "-13.596", "EBITDA": "-13.596", "Net Income from Continuing Operation Net Minority Interest": "-25.967", "Normalized EBITDA": "-13.596", "Tax Rate for Calcs": "0", "Tax Effect of Unusual Items": "0"}, "12/31/2019": {"Duration": "12/31/2019", "Total Revenue": "0", "Operating Expense": "13.596", "Operating Income": "-13.596", "Net Non Operating Interest Income Expense": "-12.071", "Pretax Income": "-25.667", "Tax Provision": "0", "Net Income Common Stockholders": "-25.667", "Diluted NI Available to Com Stockholders": "-25.667", "Basic EPS": "-", "Diluted EPS": "-", "Basic Average Shares": "-", "Diluted Average Shares": "-", "Total Operating Income as Reported": "-13.596", "Total Expenses": "13.596", "Net Income from Continuing & Discontinued Operation": "-25.667", "Normalized Income": "-25.667", "Interest Expense": "12.071", "Net Interest Income": "-12.071", "EBIT": "-13.596", "EBITDA": "-", "Net Income from Continuing Operation Net Minority Interest": "-25.667", "Normalized EBITDA": "-13.596", "Tax Rate for Calcs": "0", "Tax Effect of Unusual Items": "0"}, "12/31/2018": {"Duration": "12/31/2018", "Total Revenue": "0", "Operating Expense": "13.471", "Operating Income": "-13.471", "Net Non Operating Interest Income Expense": "-17.882", "Pretax Income": "-31.353", "Tax Provision": "0", "Net Income Common Stockholders": "-31.353", "Diluted NI Available to Com Stockholders": "-31.353", "Basic EPS": "-0.01", "Diluted EPS": "-0.01", "Basic Average Shares": "2,534", "Diluted Average Shares": "2,534", "Total Operating Income as Reported": "-13.471", "Total Expenses": "13.471", "Net Income from Continuing & Discontinued Operation": "-31.353", "Normalized Income": "-31.353", "Interest Expense": "17.882", "Net Interest Income": "-17.882", "EBIT": "-13.471", "EBITDA": "-", "Net Income from Continuing Operation Net Minority Interest": "-31.353", "Normalized EBITDA": "-13.471", "Tax Rate for Calcs": "0", "Tax Effect of Unusual Items": "0"}}, "bs": {"12/31/2019": {"Duration": "12/31/2019", "Total Assets": "0.105", "Total Liabilities Net Minority Interest": "204.961", "Total Equity Gross Minority Interest": "-204.856", "Total Capitalization": "-204.856", "Common Stock Equity": "-204.856", "Net Tangible Assets": "-204.856", "Working Capital": "-204.856", "Invested Capital": "-43.741", "Tangible Book Value": "-204.856", "Total Debt": "161.115", "Net Debt": "161.01", "Share Issued": "3,332", "Ordinary Shares Number": "3,332"}, "12/31/2018": {"Duration": "12/31/2018", "Total Assets": "0.201", "Total Liabilities Net Minority Interest": "179.39", "Total Equity Gross Minority Interest": "-179.189", "Total Capitalization": "-179.189", "Common Stock Equity": "-179.189", "Net Tangible Assets": "-179.189", "Working Capital": "-179.189", "Invested Capital": "-32.074", "Tangible Book Value": "-179.189", "Total Debt": "147.115", "Net Debt": "146.914", "Share Issued": "3,332", "Ordinary Shares Number": "3,332"}}, "cf": {"TTM": {"Duration": "TTM", "Operating Cash Flow": "-9.096", "Investing Cash Flow": "0", "Financing Cash Flow": "9", "End Cash Position": "0.081", "Income Tax Paid Supplemental Data": "0", "Interest Paid Supplemental Data": "0", "Issuance of Debt": "9", "Free Cash Flow": "-9.096"}, "12/31/2019": {"Duration": "12/31/2019", "Operating Cash Flow": "-7.496", "Investing Cash Flow": "0", "Financing Cash Flow": "7.4", "End Cash Position": "0.105", "Income Tax Paid Supplemental Data": "0", "Interest Paid Supplemental Data": "0", "Issuance of Debt": "7.4", "Free Cash Flow": "-7.496"}, "12/31/2018": {"Duration": "12/31/2018", "Operating Cash Flow": "-5.771", "Investing Cash Flow": "0", "Financing Cash Flow": "5.4", "End Cash Position": "0.201", "Income Tax Paid Supplemental Data": "0", "Interest Paid Supplemental Data": "0", "Issuance of Debt": "5.4", "Free Cash Flow": "-5.771"}}}}, {"RIHT": {"quote": {"05/12/2021": {"value": "0.0150", "Market Cap": "250,585", "Beta (5Y Monthly)": "0.86", "PE Ratio (TTM)": "N/A", "EPS (TTM)": "-0.0100", "Earnings Date": "N/A", "Forward Dividend & Yield": "N/A (N/A)", "Ex-Dividend Date": "N/A", "1y Target Est": "0.89"}}, "fin": {}, "bs": {}, "cf": {}}}, {"UTMR": {"quote": {"05/12/2021": {"value": "", "Net Assets": "N/A", "Beta (5Y Monthly)": "N/A", "Yield": "N/A", "5y Average Return": "N/A", "Holdings Turnover": "N/A", "Last Dividend": "N/A", "Average for Category": "N/A", "Inception Date": "N/A"}}, "fin": {}, "bs": {}, "cf": {}}}, {"SGNI": {"quote": {"05/12/2021": {"value": "2.7600", "Market Cap": "126.049M", "Beta (5Y Monthly)": "-3.71", "PE Ratio (TTM)": "N/A", "EPS (TTM)": "-0.0070", "Earnings Date": "N/A", "Forward Dividend & Yield": "N/A (N/A)", "Ex-Dividend Date": "N/A", "1y Target Est": "N/A"}}, "fin": {"TTM": {"Duration": "TTM", "Total Revenue": "56.6", "Cost of Revenue": "38.898", "Gross Profit": "17.702", "Operating Expense": "144.902", "Operating Income": "-127.2", "Net Non Operating Interest Income Expense": "-140.8", "Other Income Expense": "-48.407", "Pretax Income": "-316.407", "Net Income Common Stockholders": "-316.407", "Diluted NI Available to Com Stockholders": "-316.407", "Basic EPS": "-", "Diluted EPS": "-", "Basic Average Shares": "-", "Diluted Average Shares": "-", "Total Operating Income as Reported": "-127.2", "Total Expenses": "183.8", "Net Income from Continuing & Discontinued Operation": "-316.407", "Normalized Income": "-293.5", "Interest Expense": "140.8", "Net Interest Income": "-140.8", "EBIT": "-175.607", "EBITDA": "-123.552", "Reconciled Cost of Revenue": "38.898", "Reconciled Depreciation": "52.055", "Net Income from Continuing Operation Net Minority Interest": "-316.407", "Total Unusual Items Excluding Goodwill": "-22.907", "Total Unusual Items": "-22.907", "Normalized EBITDA": "-100.645", "Tax Rate for Calcs": "0", "Tax Effect of Unusual Items": "0"}, "6/30/2020": {"Duration": "6/30/2020", "Total Revenue": "19.35", "Cost of Revenue": "8.572", "Gross Profit": "10.778", "Operating Expense": "77.848", "Operating Income": "-67.07", "Net Non Operating Interest Income Expense": "-140.8", "Other Income Expense": "-22.902", "Pretax Income": "-230.772", "Net Income Common Stockholders": "-230.772", "Diluted NI Available to Com Stockholders": "-230.772", "Basic EPS": "-0.01", "Diluted EPS": "-0.01", "Basic Average Shares": "45,428", "Diluted Average Shares": "45,428", "Total Operating Income as Reported": "-67.07", "Total Expenses": "86.42", "Net Income from Continuing & Discontinued Operation": "-230.772", "Normalized Income": "-207.87", "Interest Expense": "140.8", "Net Interest Income": "-140.8", "EBIT": "-89.972", "EBITDA": "-", "Reconciled Cost of Revenue": "8.572", "Reconciled Depreciation": "19.373", "Net Income from Continuing Operation Net Minority Interest": "-230.772", "Total Unusual Items Excluding Goodwill": "-22.902", "Total Unusual Items": "-22.902", "Normalized EBITDA": "-47.697", "Tax Rate for Calcs": "0", "Tax Effect of Unusual Items": "0"}, "6/30/2019": {"Duration": "6/30/2019", "Total Revenue": "22.058", "Cost of Revenue": "8.51", "Gross Profit": "13.548", "Operating Expense": "256.734", "Operating Income": "-243.186", "Net Non Operating Interest Income Expense": "-57.401", "Other Income Expense": "-124.923", "Pretax Income": "-425.51", "Net Income Common Stockholders": "-425.51", "Diluted NI Available to Com Stockholders": "-425.51", "Basic EPS": "-0.02", "Diluted EPS": "-0.02", "Basic Average Shares": "24,447", "Diluted Average Shares": "24,447", "Total Operating Income as Reported": "-243.186", "Total Expenses": "265.244", "Net Income from Continuing & Discontinued Operation": "-425.51", "Normalized Income": "-300.587", "Interest Expense": "57.401", "Net Interest Income": "-57.401", "EBIT": "-368.109", "EBITDA": "-", "Reconciled Cost of Revenue": "8.51", "Reconciled Depreciation": "60", "Net Income from Continuing Operation Net Minority Interest": "-425.51", "Total Unusual Items Excluding Goodwill": "-124.923", "Total Unusual Items": "-124.923", "Normalized EBITDA": "-183.186", "Tax Rate for Calcs": "0", "Tax Effect of Unusual Items": "0"}, "6/30/2018": {"Duration": "6/30/2018", "Total Revenue": "0", "Cost of Revenue": "-", "Gross Profit": "-", "Operating Expense": "32.325", "Operating Income": "-32.325", "Net Non Operating Interest Income Expense": "-91.57", "Other Income Expense": "130.01", "Pretax Income": "6.115", "Net Income Common Stockholders": "6.115", "Diluted NI Available to Com Stockholders": "6.115", "Basic EPS": "0.00", "Diluted EPS": "0.00", "Basic Average Shares": "14,084", "Diluted Average Shares": "14,084", "Total Operating Income as Reported": "-32.325", "Total Expenses": "32.325", "Net Income from Continuing & Discontinued Operation": "6.115", "Normalized Income": "-88.7923", "Interest Expense": "91.57", "Net Interest Income": "-91.57", "EBIT": "97.685", "EBITDA": "-", "Reconciled Cost of Revenue": "-", "Reconciled Depreciation": "-", "Net Income from Continuing Operation Net Minority Interest": "6.115", "Total Unusual Items Excluding Goodwill": "130.01", "Total Unusual Items": "130.01", "Normalized EBITDA": "-32.325", "Tax Rate for Calcs": "0", "Tax Effect of Unusual Items": "35.1027"}}, "bs": {"6/30/2020": {"Duration": "6/30/2020", "Total Assets": "397.113", "Total Liabilities Net Minority Interest": "1,491", "Total Equity Gross Minority Interest": "-1,094", "Total Capitalization": "-1,094", "Preferred Stock Equity": "6.002", "Common Stock Equity": "-1,100", "Net Tangible Assets": "-1,094", "Working Capital": "-1,462", "Invested Capital": "-536.37", "Tangible Book Value": "-1,100", "Total Debt": "563.203", "Net Debt": "562.967", "Share Issued": "45,429", "Ordinary Shares Number": "45,429", "Preferred Shares Number": "-"}, "6/30/2019": {"Duration": "6/30/2019", "Total Assets": "390.201", "Total Liabilities Net Minority Interest": "1,260", "Total Equity Gross Minority Interest": "-869.799", "Total Capitalization": "-869.799", "Preferred Stock Equity": "6.002", "Common Stock Equity": "-875.801", "Net Tangible Assets": "-869.799", "Working Capital": "-1,257", "Invested Capital": "-312.598", "Tangible Book Value": "-875.801", "Total Debt": "563.203", "Net Debt": "560.452", "Share Issued": "45,422", "Ordinary Shares Number": "45,422", "Preferred Shares Number": "-"}, "6/30/2018": {"Duration": "6/30/2018", "Total Assets": "0", "Total Liabilities Net Minority Interest": "904.339", "Total Equity Gross Minority Interest": "-904.339", "Total Capitalization": "-904.339", "Preferred Stock Equity": "0.001", "Common Stock Equity": "-904.34", "Net Tangible Assets": "-904.339", "Working Capital": "-904.339", "Invested Capital": "-344.17", "Tangible Book Value": "-904.34", "Total Debt": "560.17", "Net Debt": "560.17", "Share Issued": "14,084", "Ordinary Shares Number": "14,084", "Preferred Shares Number": "1,000"}}, "cf": {"TTM": {"Duration": "TTM", "Operating Cash Flow": "-99.975", "Investing Cash Flow": "22.5", "Financing Cash Flow": "80.803", "End Cash Position": "4.318", "Issuance of Capital Stock": "0", "Issuance of Debt": "-", "Free Cash Flow": "-99.975"}, "6/30/2020": {"Duration": "6/30/2020", "Operating Cash Flow": "-36.525", "Investing Cash Flow": "0", "Financing Cash Flow": "34.01", "End Cash Position": "0.236", "Issuance of Capital Stock": "7", "Issuance of Debt": "-", "Free Cash Flow": "-36.525"}, "6/30/2019": {"Duration": "6/30/2019", "Operating Cash Flow": "-105.091", "Investing Cash Flow": "0", "Financing Cash Flow": "87.817", "End Cash Position": "2.751", "Issuance of Capital Stock": "21.6", "Issuance of Debt": "-", "Free Cash Flow": "-105.091"}, "6/30/2018": {"Duration": "6/30/2018", "Operating Cash Flow": "-8.135", "Investing Cash Flow": "-", "Financing Cash Flow": "7.5", "End Cash Position": "0", "Issuance of Capital Stock": "-", "Issuance of Debt": "0", "Free Cash Flow": "-8.135"}}}}, {"CYNK": {"quote": {"05/12/2021": {"value": "0.0001", "Market Cap": "29,144", "Beta (5Y Monthly)": "-30.40", "PE Ratio (TTM)": "N/A", "EPS (TTM)": "-0.0040", "Earnings Date": "N/A", "Forward Dividend & Yield": "N/A (N/A)", "Ex-Dividend Date": "N/A", "1y Target Est": "N/A"}}, "fin": {}, "bs": {}, "cf": {}}}, {"USBL": {"quote": {"05/12/2021": {"value": "0.5000", "Market Cap": "1.756M", "Beta (5Y Monthly)": "0.77", "PE Ratio (TTM)": "N/A", "EPS (TTM)": "-0.0140", "Earnings Date": "N/A", "Forward Dividend & Yield": "N/A (N/A)", "Ex-Dividend Date": "N/A", "1y Target Est": "N/A"}}, "fin": {"TTM": {"Duration": "TTM", "Total Revenue": "0", "Operating Expense": "32.86", "Operating Income": "-32.86", "Net Non Operating Interest Income Expense": "0.001", "Pretax Income": "-32.859", "Net Income Common Stockholders": "-32.859", "Diluted NI Available to Com Stockholders": "-32.859", "Basic EPS": "-", "Diluted EPS": "-", "Basic Average Shares": "-", "Diluted Average Shares": "-", "Total Operating Income as Reported": "-32.86", "Rent Expense Supplemental": "12", "Total Expenses": "32.86", "Net Income from Continuing & Discontinued Operation": "-32.859", "Normalized Income": "-32.859", "Interest Expense": "-0.001", "Net Interest Income": "0.001", "EBIT": "-32.86", "EBITDA": "-32.86", "Net Income from Continuing Operation Net Minority Interest": "-32.859", "Normalized EBITDA": "-32.86", "Tax Rate for Calcs": "0", "Tax Effect of Unusual Items": "0"}, "2/28/2019": {"Duration": "2/28/2019", "Total Revenue": "0", "Operating Expense": "60.383", "Operating Income": "-60.383", "Net Non Operating Interest Income Expense": "-0.762", "Pretax Income": "-61.145", "Net Income Common Stockholders": "-61.145", "Diluted NI Available to Com Stockholders": "-61.145", "Basic EPS": "-0.02", "Diluted EPS": "-0.02", "Basic Average Shares": "3,513", "Diluted Average Shares": "3,513", "Total Operating Income as Reported": "-60.383", "Rent Expense Supplemental": "12", "Total Expenses": "60.383", "Net Income from Continuing & Discontinued Operation": "-61.145", "Normalized Income": "-61.145", "Interest Expense": "0.762", "Net Interest Income": "-0.762", "EBIT": "-60.383", "EBITDA": "-", "Net Income from Continuing Operation Net Minority Interest": "-61.145", "Normalized EBITDA": "-60.383", "Tax Rate for Calcs": "0", "Tax Effect of Unusual Items": "0"}}, "bs": {"2/28/2019": {"Duration": "2/28/2019", "Total Assets": "0.295", "Total Liabilities Net Minority Interest": "2,368", "Total Equity Gross Minority Interest": "-2,368", "Total Capitalization": "-2,368", "Preferred Stock Equity": "11.057", "Common Stock Equity": "-2,379", "Net Tangible Assets": "-2,368", "Working Capital": "-2,368", "Invested Capital": "-238.4", "Tangible Book Value": "-2,379", "Total Debt": "2,141", "Net Debt": "2,140", "Share Issued": "3,553", "Ordinary Shares Number": "3,513", "Preferred Shares Number": "1,106", "Treasury Shares Number": "39.975"}}, "cf": {"TTM": {"Duration": "TTM", "Operating Cash Flow": "-23.918", "Investing Cash Flow": "0", "Financing Cash Flow": "24.504", "End Cash Position": "0.642", "Income Tax Paid Supplemental Data": "0", "Interest Paid Supplemental Data": "-0.001", "Free Cash Flow": "-23.918"}, "2/28/2019": {"Duration": "2/28/2019", "Operating Cash Flow": "-40.285", "Investing Cash Flow": "0", "Financing Cash Flow": "40.25", "End Cash Position": "0.295", "Income Tax Paid Supplemental Data": "0", "Interest Paid Supplemental Data": "0.762", "Free Cash Flow": "-40.285"}}}}, {"SPLY": {"quote": {"05/12/2021": {"value": "0.0150", "Market Cap": "118,699", "Beta (5Y Monthly)": "4.14", "PE Ratio (TTM)": "N/A", "EPS (TTM)": "-0.0380", "Earnings Date": "N/A", "Forward Dividend & Yield": "N/A (N/A)", "Ex-Dividend Date": "N/A", "1y Target Est": "N/A"}}, "fin": {"TTM": {"Duration": "TTM", "Total Revenue": "0", "Operating Expense": "226.274", "Operating Income": "-226.274", "Net Non Operating Interest Income Expense": "-202.133", "Other Income Expense": "-23.525", "Pretax Income": "-451.932", "Tax Provision": "0", "Net Income Common Stockholders": "-451.932", "Diluted NI Available to Com Stockholders": "-451.932", "Total Expenses": "226.274", "Net Income from Continuing & Discontinued Operation": "-451.932", "Normalized Income": "-548.407", "Interest Expense": "51.387", "Net Interest Income": "-202.133", "EBIT": "-400.545", "EBITDA": "-400.545", "Net Income from Continuing Operation Net Minority Interest": "-451.932", "Total Unusual Items Excluding Goodwill": "96.475", "Total Unusual Items": "96.475", "Normalized EBITDA": "-497.02", "Tax Rate for Calcs": "0", "Tax Effect of Unusual Items": "0"}}, "bs": {}, "cf": {"TTM": {"Duration": "TTM", "Operating Cash Flow": "-201.208", "Investing Cash Flow": "-130", "Financing Cash Flow": "334.5", "End Cash Position": "6.157", "Issuance of Debt": "334.5", "Free Cash Flow": "-201.208"}}}}, {"CLSH": {"quote": {"05/12/2021": {"value": "0.1900", "Market Cap": "24.096M", "Beta (5Y Monthly)": "1.55", "PE Ratio (TTM)": "N/A", "EPS (TTM)": "-0.2600", "Earnings Date": "Oct 06, 2020", "Forward Dividend & Yield": "N/A (N/A)", "Ex-Dividend Date": "N/A", "1y Target Est": "N/A"}}, "fin": {"TTM": {"Duration": "TTM", "Total Revenue": "16,011", "Cost of Revenue": "7,909", "Gross Profit": "8,102", "Operating Expense": "9,961", "Operating Income": "-1,859", "Net Non Operating Interest Income Expense": "-2,924", "Other Income Expense": "-27,672", "Pretax Income": "-32,455", "Tax Provision": "0", "Net Income Common Stockholders": "-32,455", "Diluted NI Available to Com Stockholders": "-32,455", "Basic EPS": "-", "Diluted EPS": "-", "Basic Average Shares": "-", "Diluted Average Shares": "-", "Total Operating Income as Reported": "-27,044", "Total Expenses": "17,870", "Net Income from Continuing & Discontinued Operation": "-32,455", "Normalized Income": "-4,754", "Interest Expense": "2,873", "Net Interest Income": "-2,924", "EBIT": "-26,757", "EBITDA": "-26,082", "Reconciled Cost of Revenue": "7,909", "Reconciled Depreciation": "675.155", "Net Income from Continuing Operation Net Minority Interest": "-32,455", "Total Unusual Items Excluding Goodwill": "-27,701", "Total Unusual Items": "-27,701", "Normalized EBITDA": "1,618", "Tax Rate for Calcs": "0", "Tax Effect of Unusual Items": "0"}, "5/31/2020": {"Duration": "5/31/2020", "Total Revenue": "11,918", "Cost of Revenue": "5,959", "Gross Profit": "5,958", "Operating Expense": "8,777", "Operating Income": "-2,819", "Net Non Operating Interest Income Expense": "-2,941", "Other Income Expense": "-24,898", "Pretax Income": "-30,658", "Tax Provision": "0", "Net Income Common Stockholders": "-30,658", "Diluted NI Available to Com Stockholders": "-30,658", "Basic EPS": "-0.24", "Diluted EPS": "-0.24", "Basic Average Shares": "126,390", "Diluted Average Shares": "126,390", "Total Operating Income as Reported": "-28,004", "Total Expenses": "14,736", "Net Income from Continuing & Discontinued Operation": "-30,658", "Normalized Income": "-5,456", "Interest Expense": "2,941", "Net Interest Income": "-2,941", "EBIT": "-27,717", "EBITDA": "-", "Reconciled Cost of Revenue": "5,959", "Reconciled Depreciation": "449.192", "Net Income from Continuing Operation Net Minority Interest": "-30,658", "Total Unusual Items Excluding Goodwill": "-25,202", "Total Unusual Items": "-25,202", "Normalized EBITDA": "-2,066", "Tax Rate for Calcs": "0", "Tax Effect of Unusual Items": "0"}, "5/31/2019": {"Duration": "5/31/2019", "Total Revenue": "8,459", "Cost of Revenue": "4,836", "Gross Profit": "3,623", "Operating Expense": "26,472", "Operating Income": "-22,849", "Net Non Operating Interest Income Expense": "-4,448", "Other Income Expense": "-321.889", "Pretax Income": "-27,619", "Tax Provision": "0", "Net Income Common Stockholders": "-27,619", "Diluted NI Available to Com Stockholders": "-27,619", "Basic EPS": "-0.27", "Diluted EPS": "-0.27", "Basic Average Shares": "102,870", "Diluted Average Shares": "102,870", "Total Operating Income as Reported": "-22,849", "Total Expenses": "31,308", "Net Income from Continuing & Discontinued Operation": "-27,619", "Normalized Income": "-27,619", "Interest Expense": "4,448", "Net Interest Income": "-4,448", "EBIT": "-23,171", "EBITDA": "-", "Reconciled Cost of Revenue": "4,836", "Reconciled Depreciation": "288.351", "Net Income from Continuing Operation Net Minority Interest": "-27,619", "Total Unusual Items Excluding Goodwill": "0", "Total Unusual Items": "0", "Normalized EBITDA": "-22,883", "Tax Rate for Calcs": "0", "Tax Effect of Unusual Items": "0"}, "5/31/2018": {"Duration": "5/31/2018", "Total Revenue": "0", "Cost of Revenue": "0", "Gross Profit": "0", "Operating Expense": "3,116", "Operating Income": "-3,116", "Net Non Operating Interest Income Expense": "-4,710", "Other Income Expense": "-1,752", "Pretax Income": "-9,577", "Tax Provision": "0", "Net Income Common Stockholders": "-9,577", "Diluted NI Available to Com Stockholders": "-9,577", "Basic EPS": "-0.24", "Diluted EPS": "-0.24", "Basic Average Shares": "39,225", "Diluted Average Shares": "39,225", "Total Operating Income as Reported": "-3,116", "Total Expenses": "3,116", "Net Income from Continuing & Discontinued Operation": "-9,577", "Normalized Income": "-8,367", "Interest Expense": "4,710", "Net Interest Income": "-4,710", "EBIT": "-4,868", "EBITDA": "-", "Reconciled Cost of Revenue": "0", "Reconciled Depreciation": "1.322", "Net Income from Continuing Operation Net Minority Interest": "-9,577", "Total Unusual Items Excluding Goodwill": "-1,210", "Total Unusual Items": "-1,210", "Normalized EBITDA": "-3,656", "Tax Rate for Calcs": "0", "Tax Effect of Unusual Items": "0"}}, "bs": {"5/31/2020": {"Duration": "5/31/2020", "Total Assets": "15,267", "Total Liabilities Net Minority Interest": "20,663", "Total Equity Gross Minority Interest": "-5,396", "Total Capitalization": "12,249", "Common Stock Equity": "-5,396", "Capital Lease Obligations": "1,473", "Net Tangible Assets": "-7,375", "Working Capital": "6,060", "Invested Capital": "12,249", "Tangible Book Value": "-7,375", "Total Debt": "19,118", "Net Debt": "14,719", "Share Issued": "126,521", "Ordinary Shares Number": "126,521"}, "5/31/2019": {"Duration": "5/31/2019", "Total Assets": "46,503", "Total Liabilities Net Minority Interest": "21,466", "Total Equity Gross Minority Interest": "25,038", "Total Capitalization": "39,579", "Common Stock Equity": "25,038", "Capital Lease Obligations": "-", "Net Tangible Assets": "-2,230", "Working Capital": "5,753", "Invested Capital": "43,511", "Tangible Book Value": "-2,230", "Total Debt": "18,474", "Net Debt": "7,948", "Share Issued": "125,839", "Ordinary Shares Number": "125,839"}, "5/31/2018": {"Duration": "5/31/2018", "Total Assets": "2,105", "Total Liabilities Net Minority Interest": "2,733", "Total Equity Gross Minority Interest": "-627.78", "Total Capitalization": "-583.876", "Common Stock Equity": "-627.78", "Capital Lease Obligations": "-", "Net Tangible Assets": "-628.678", "Working Capital": "-2,635", "Invested Capital": "-155.338", "Tangible Book Value": "-628.678", "Total Debt": "472.442", "Net Debt": "419.478", "Share Issued": "50,129", "Ordinary Shares Number": "50,129"}}, "cf": {"TTM": {"Duration": "TTM", "Operating Cash Flow": "-3,348", "Investing Cash Flow": "2,541", "Financing Cash Flow": "0", "End Cash Position": "2,232", "Income Tax Paid Supplemental Data": "0", "Interest Paid Supplemental Data": "943.817", "Capital Expenditure": "-360.449", "Issuance of Capital Stock": "-", "Issuance of Debt": "-", "Repayment of Debt": "0", "Free Cash Flow": "-3,709"}, "5/31/2020": {"Duration": "5/31/2020", "Operating Cash Flow": "-3,163", "Investing Cash Flow": "-438.09", "Financing Cash Flow": "-3,999", "End Cash Position": "2,926", "Income Tax Paid Supplemental Data": "0", "Interest Paid Supplemental Data": "307.612", "Capital Expenditure": "-1,945", "Issuance of Capital Stock": "0", "Issuance of Debt": "0", "Repayment of Debt": "-3,999", "Free Cash Flow": "-5,108"}, "5/31/2019": {"Duration": "5/31/2019", "Operating Cash Flow": "-10,165", "Investing Cash Flow": "-12,170", "Financing Cash Flow": "32,807", "End Cash Position": "10,526", "Income Tax Paid Supplemental Data": "0", "Interest Paid Supplemental Data": "8.964", "Capital Expenditure": "-1,037", "Issuance of Capital Stock": "15,536", "Issuance of Debt": "18,369", "Repayment of Debt": "-1,098", "Free Cash Flow": "-11,202"}, "5/31/2018": {"Duration": "5/31/2018", "Operating Cash Flow": "-1,425", "Investing Cash Flow": "-2,050", "Financing Cash Flow": "3,450", "End Cash Position": "52.964", "Income Tax Paid Supplemental Data": "0", "Interest Paid Supplemental Data": "0", "Capital Expenditure": "-", "Issuance of Capital Stock": "1,461", "Issuance of Debt": "2,827", "Repayment of Debt": "-837.794", "Free Cash Flow": "-1,425"}}}}, {"YPPN": {"quote": {"05/12/2021": {"value": "0.0413", "Market Cap": "172,470", "Beta (5Y Monthly)": "4.31", "PE Ratio (TTM)": "N/A", "EPS (TTM)": "-0.1630", "Earnings Date": "N/A", "Forward Dividend & Yield": "N/A (N/A)", "Ex-Dividend Date": "N/A", "1y Target Est": "N/A"}}, "fin": {"TTM": {"Duration": "TTM", "Total Revenue": "356.409", "Cost of Revenue": "144.48", "Gross Profit": "211.929", "Operating Expense": "5,005", "Operating Income": "-4,793", "Net Non Operating Interest Income Expense": "-1,079", "Other Income Expense": "-425.055", "Pretax Income": "-6,296", "Tax Provision": "0", "Net Income Common Stockholders": "-6,296", "Diluted NI Available to Com Stockholders": "-6,296", "Total Operating Income as Reported": "-4,793", "Total Expenses": "5,149", "Net Income from Continuing & Discontinued Operation": "-6,296", "Normalized Income": "-5,919", "Interest Expense": "1,079", "Net Interest Income": "-1,079", "EBIT": "-5,218", "EBITDA": "-4,147", "Reconciled Cost of Revenue": "144.48", "Reconciled Depreciation": "1,071", "Net Income from Continuing Operation Net Minority Interest": "-6,296", "Total Unusual Items Excluding Goodwill": "-377.029", "Total Unusual Items": "-377.029", "Normalized EBITDA": "-3,770", "Tax Rate for Calcs": "0", "Tax Effect of Unusual Items": "0"}}, "bs": {}, "cf": {"TTM": {"Duration": "TTM", "Operating Cash Flow": "-2,615", "Investing Cash Flow": "118.692", "Financing Cash Flow": "2,489", "End Cash Position": "441.168", "Interest Paid Supplemental Data": "15", "Capital Expenditure": "-36.308", "Issuance of Capital Stock": "295", "Issuance of Debt": "2,226", "Repayment of Debt": "-32.772", "Free Cash Flow": "-2,651"}}}}, {"ZENO": {"quote": {"05/12/2021": {"value": "0.0390", "Market Cap": "294,259", "Beta (5Y Monthly)": "0.80", "PE Ratio (TTM)": "N/A", "EPS (TTM)": "-0.0180", "Earnings Date": "N/A", "Forward Dividend & Yield": "N/A (N/A)", "Ex-Dividend Date": "N/A", "1y Target Est": "N/A"}}, "fin": {"TTM": {"Duration": "TTM", "Total Revenue": "0", "Operating Expense": "149.186", "Operating Income": "-149.186", "Net Non Operating Interest Income Expense": "-237.279", "Other Income Expense": "-98.867", "Pretax Income": "-485.332", "Net Income Common Stockholders": "-485.332", "Diluted NI Available to Com Stockholders": "-485.332", "Basic EPS": "-", "Diluted EPS": "-", "Basic Average Shares": "-", "Diluted Average Shares": "-", "Total Operating Income as Reported": "-149.186", "Total Expenses": "149.186", "Net Income from Continuing & Discontinued Operation": "-485.332", "Normalized Income": "-485.332", "Interest Expense": "237.279", "Net Interest Income": "-237.279", "EBIT": "-248.053", "EBITDA": "-248.053", "Net Income from Continuing Operation Net Minority Interest": "-485.332", "Normalized EBITDA": "-248.053", "Tax Rate for Calcs": "0", "Tax Effect of Unusual Items": "0"}}, "bs": {}, "cf": {"TTM": {"Duration": "TTM", "Operating Cash Flow": "-135.586", "Investing Cash Flow": "0", "Financing Cash Flow": "135", "End Cash Position": "7.728", "Income Tax Paid Supplemental Data": "0", "Interest Paid Supplemental Data": "0", "Issuance of Capital Stock": "-", "Issuance of Debt": "135", "Free Cash Flow": "-135.586"}}}}, {"RDGA": {"quote": {"05/12/2021": {"value": "6.00", "Market Cap": "17.165M", "Beta (5Y Monthly)": "N/A", "PE Ratio (TTM)": "N/A", "EPS (TTM)": "-0.05", "Earnings Date": "N/A", "Forward Dividend & Yield": "N/A (N/A)", "Ex-Dividend Date": "N/A", "1y Target Est": "N/A"}}, "fin": {"TTM": {"Duration": "TTM", "Total Revenue": "0", "Operating Expense": "42.075", "Operating Income": "-42.075", "Net Non Operating Interest Income Expense": "-23.417", "Other Income Expense": "-2.738", "Pretax Income": "-68.23", "Net Income Common Stockholders": "-68.23", "Diluted NI Available to Com Stockholders": "-68.23", "Basic EPS": "-", "Diluted EPS": "-", "Basic Average Shares": "-", "Diluted Average Shares": "-", "Total Operating Income as Reported": "-42.075", "Total Expenses": "42.075", "Net Income from Continuing & Discontinued Operation": "-68.23", "Normalized Income": "-68.23", "Interest Expense": "23.417", "Net Interest Income": "-23.417", "EBIT": "-44.813", "EBITDA": "-44.813", "Net Income from Continuing Operation Net Minority Interest": "-68.23", "Normalized EBITDA": "-44.813", "Tax Rate for Calcs": "0", "Tax Effect of Unusual Items": "0"}, "12/31/2020": {"Duration": "12/31/2020", "Total Revenue": "0", "Operating Expense": "42.075", "Operating Income": "-42.075", "Net Non Operating Interest Income Expense": "-23.417", "Other Income Expense": "-2.738", "Pretax Income": "-68.23", "Net Income Common Stockholders": "-68.23", "Diluted NI Available to Com Stockholders": "-68.23", "Basic EPS": "-", "Diluted EPS": "-", "Basic Average Shares": "-", "Diluted Average Shares": "-", "Total Operating Income as Reported": "-42.075", "Total Expenses": "42.075", "Net Income from Continuing & Discontinued Operation": "-68.23", "Normalized Income": "-68.23", "Interest Expense": "23.417", "Net Interest Income": "-23.417", "EBIT": "-44.813", "EBITDA": "-", "Net Income from Continuing Operation Net Minority Interest": "-68.23", "Normalized EBITDA": "-44.813", "Tax Rate for Calcs": "0", "Tax Effect of Unusual Items": "0"}, "12/31/2019": {"Duration": "12/31/2019", "Total Revenue": "0", "Operating Expense": "33.255", "Operating Income": "-33.255", "Net Non Operating Interest Income Expense": "-19.054", "Other Income Expense": "-3.603", "Pretax Income": "-55.912", "Net Income Common Stockholders": "-55.912", "Diluted NI Available to Com Stockholders": "-55.912", "Basic EPS": "-0.04", "Diluted EPS": "-0.04", "Basic Average Shares": "1,261", "Diluted Average Shares": "1,261", "Total Operating Income as Reported": "-33.255", "Total Expenses": "33.255", "Net Income from Continuing & Discontinued Operation": "-55.912", "Normalized Income": "-55.912", "Interest Expense": "19.054", "Net Interest Income": "-19.054", "EBIT": "-36.858", "EBITDA": "-", "Net Income from Continuing Operation Net Minority Interest": "-55.912", "Normalized EBITDA": "-36.858", "Tax Rate for Calcs": "0", "Tax Effect of Unusual Items": "0"}, "12/31/2018": {"Duration": "12/31/2018", "Total Revenue": "0", "Operating Expense": "37.172", "Operating Income": "-37.172", "Net Non Operating Interest Income Expense": "-15.171", "Other Income Expense": "-3.303", "Pretax Income": "-55.646", "Net Income Common Stockholders": "-55.646", "Diluted NI Available to Com Stockholders": "-55.646", "Basic EPS": "-0.04", "Diluted EPS": "-0.04", "Basic Average Shares": "1,261", "Diluted Average Shares": "1,261", "Total Operating Income as Reported": "-37.172", "Total Expenses": "37.172", "Net Income from Continuing & Discontinued Operation": "-55.646", "Normalized Income": "-55.646", "Interest Expense": "15.171", "Net Interest Income": "-15.171", "EBIT": "-40.475", "EBITDA": "-", "Net Income from Continuing Operation Net Minority Interest": "-55.646", "Normalized EBITDA": "-40.475", "Tax Rate for Calcs": "0", "Tax Effect of Unusual Items": "0"}}, "bs": {"12/31/2020": {"Duration": "12/31/2020", "Total Assets": "2.816", "Total Liabilities Net Minority Interest": "342.405", "Total Equity Gross Minority Interest": "-339.589", "Total Capitalization": "-339.589", "Common Stock Equity": "-339.589", "Net Tangible Assets": "-339.589", "Working Capital": "-339.589", "Invested Capital": "-0.804", "Tangible Book Value": "-339.589", "Total Debt": "338.785", "Net Debt": "335.969", "Share Issued": "1,261", "Ordinary Shares Number": "1,261"}, "12/31/2019": {"Duration": "12/31/2019", "Total Assets": "6.271", "Total Liabilities Net Minority Interest": "277.63", "Total Equity Gross Minority Interest": "-271.359", "Total Capitalization": "-271.359", "Common Stock Equity": "-271.359", "Net Tangible Assets": "-271.359", "Working Capital": "-271.359", "Invested Capital": "-1.991", "Tangible Book Value": "-271.359", "Total Debt": "269.368", "Net Debt": "263.097", "Share Issued": "1,261", "Ordinary Shares Number": "1,261"}, "12/31/2018": {"Duration": "12/31/2018", "Total Assets": "1.684", "Total Liabilities Net Minority Interest": "217.131", "Total Equity Gross Minority Interest": "-215.447", "Total Capitalization": "-215.447", "Common Stock Equity": "-215.447", "Net Tangible Assets": "-215.447", "Working Capital": "-215.447", "Invested Capital": "-0.816", "Tangible Book Value": "-215.447", "Total Debt": "214.631", "Net Debt": "212.947", "Share Issued": "1,261", "Ordinary Shares Number": "1,261"}}, "cf": {"TTM": {"Duration": "TTM", "Operating Cash Flow": "-49.455", "Financing Cash Flow": "46", "End Cash Position": "2.816", "Income Tax Paid Supplemental Data": "0", "Interest Paid Supplemental Data": "0", "Issuance of Debt": "46", "Free Cash Flow": "-49.455"}, "12/31/2020": {"Duration": "12/31/2020", "Operating Cash Flow": "-49.455", "Financing Cash Flow": "46", "End Cash Position": "2.816", "Income Tax Paid Supplemental Data": "0", "Interest Paid Supplemental Data": "0", "Issuance of Debt": "46", "Free Cash Flow": "-49.455"}, "12/31/2019": {"Duration": "12/31/2019", "Operating Cash Flow": "-31.124", "Financing Cash Flow": "35.711", "End Cash Position": "6.271", "Income Tax Paid Supplemental Data": "0", "Interest Paid Supplemental Data": "0", "Issuance of Debt": "35.711", "Free Cash Flow": "-31.124"}, "12/31/2018": {"Duration": "12/31/2018", "Operating Cash Flow": "-41.425", "Financing Cash Flow": "42.5", "End Cash Position": "1.684", "Income Tax Paid Supplemental Data": "0", "Interest Paid Supplemental Data": "0", "Issuance of Debt": "42.5", "Free Cash Flow": "-41.425"}}}}, {"AEXE": {"quote": {"05/12/2021": {"value": "0.0029", "Market Cap": "367,557", "Beta (5Y Monthly)": "2.69", "PE Ratio (TTM)": "N/A", "EPS (TTM)": "-0.0010", "Earnings Date": "N/A", "Forward Dividend & Yield": "N/A (N/A)", "Ex-Dividend Date": "N/A", "1y Target Est": "N/A"}}, "fin": {"TTM": {"Duration": "TTM", "Total Revenue": "0", "Gross Profit": "0", "Operating Expense": "868.084", "Operating Income": "-868.084", "Net Non Operating Interest Income Expense": "-202.023", "Other Income Expense": "2.028", "Pretax Income": "-1,068", "Net Income Common Stockholders": "-1,068", "Diluted NI Available to Com Stockholders": "-1,068", "Basic EPS": "-", "Diluted EPS": "-", "Basic Average Shares": "-", "Diluted Average Shares": "-", "Total Operating Income as Reported": "-868.084", "Total Expenses": "868.084", "Net Income from Continuing & Discontinued Operation": "-1,068", "Normalized Income": "-1,070", "Interest Expense": "59.313", "Net Interest Income": "-202.023", "EBIT": "-1,009", "EBITDA": "-654.719", "Reconciled Depreciation": "354.047", "Net Income from Continuing Operation Net Minority Interest": "-1,068", "Total Unusual Items Excluding Goodwill": "2.028", "Total Unusual Items": "2.028", "Normalized EBITDA": "-656.747", "Tax Rate for Calcs": "0", "Tax Effect of Unusual Items": "0"}}, "bs": {}, "cf": {"TTM": {"Duration": "TTM", "Operating Cash Flow": "-416.17", "Financing Cash Flow": "399.409", "End Cash Position": "0.029", "Issuance of Debt": "267.332", "Free Cash Flow": "-416.17"}}}}, {"ALAD": {"quote": {"05/12/2021": {"value": "", "Net Assets": "N/A", "Beta (5Y Monthly)": "N/A", "Yield": "N/A", "5y Average Return": "N/A", "Holdings Turnover": "N/A", "Last Dividend": "N/A", "Average for Category": "N/A", "Inception Date": "N/A"}}, "fin": {}, "bs": {}, "cf": {}}}, {"HBPE": {"quote": {"05/12/2021": {"value": "0.0218", "Market Cap": "771,994", "Beta (5Y Monthly)": "1.43", "PE Ratio (TTM)": "N/A", "EPS (TTM)": "N/A", "Earnings Date": "N/A", "Forward Dividend & Yield": "N/A (N/A)", "Ex-Dividend Date": "N/A", "1y Target Est": "N/A"}}, "fin": {}, "bs": {}, "cf": {}}}, {"SGBX": {"quote": {"05/12/2021": {"value": "3.0800", "Market Cap": "27.173M", "Beta (5Y Monthly)": "-5.38", "PE Ratio (TTM)": "N/A", "EPS (TTM)": "-0.7870", "Earnings Date": "May 17, 2021", "Forward Dividend & Yield": "N/A (N/A)", "Ex-Dividend Date": "N/A", "1y Target Est": "9.00"}}, "fin": {"TTM": {"Duration": "TTM", "Total Revenue": "8,756", "Cost of Revenue": "6,535", "Gross Profit": "2,220", "Operating Expense": "6,803", "Operating Income": "-4,583", "Net Non Operating Interest Income Expense": "52.4", "Other Income Expense": "22.27", "Pretax Income": "-4,508", "Tax Provision": "0", "Net Income Common Stockholders": "-4,693", "Diluted NI Available to Com Stockholders": "-4,693", "Basic EPS": "-", "Diluted EPS": "-", "Basic Average Shares": "-", "Diluted Average Shares": "-", "Total Operating Income as Reported": "-4,583", "Total Expenses": "13,338", "Net Income from Continuing & Discontinued Operation": "-4,693", "Normalized Income": "-4,692", "Interest Income": "61.675", "Interest Expense": "9.275", "Net Interest Income": "52.4", "EBIT": "-4,499", "EBITDA": "-4,300", "Reconciled Cost of Revenue": "6,535", "Reconciled Depreciation": "199.196", "Net Income from Continuing Operation Net Minority Interest": "-4,693", "Total Unusual Items Excluding Goodwill": "-1.012", "Total Unusual Items": "-1.012", "Normalized EBITDA": "-4,299", "Tax Rate for Calcs": "0", "Tax Effect of Unusual Items": "0"}, "12/31/2020": {"Duration": "12/31/2020", "Total Revenue": "8,756", "Cost of Revenue": "6,535", "Gross Profit": "2,220", "Operating Expense": "6,803", "Operating Income": "-4,583", "Net Non Operating Interest Income Expense": "52.4", "Other Income Expense": "22.27", "Pretax Income": "-4,508", "Tax Provision": "0", "Net Income Common Stockholders": "-4,693", "Diluted NI Available to Com Stockholders": "-4,693", "Basic EPS": "-0.79", "Diluted EPS": "-0.79", "Basic Average Shares": "5,959", "Diluted Average Shares": "5,959", "Total Operating Income as Reported": "-4,583", "Total Expenses": "13,338", "Net Income from Continuing & Discontinued Operation": "-4,693", "Normalized Income": "-4,692", "Interest Income": "61.675", "Interest Expense": "9.275", "Net Interest Income": "52.4", "EBIT": "-4,499", "EBITDA": "-", "Reconciled Cost of Revenue": "6,535", "Reconciled Depreciation": "199.196", "Net Income from Continuing Operation Net Minority Interest": "-4,693", "Total Unusual Items Excluding Goodwill": "-1.012", "Total Unusual Items": "-1.012", "Normalized EBITDA": "-4,299", "Tax Rate for Calcs": "0", "Tax Effect of Unusual Items": "0"}, "12/31/2019": {"Duration": "12/31/2019", "Total Revenue": "2,985", "Cost of Revenue": "2,307", "Gross Profit": "677.347", "Operating Expense": "4,443", "Operating Income": "-3,765", "Net Non Operating Interest Income Expense": "-178.995", "Other Income Expense": "-2,976", "Pretax Income": "-6,921", "Tax Provision": "0", "Net Income Common Stockholders": "-6,921", "Diluted NI Available to Com Stockholders": "-6,921", "Basic EPS": "-22.85", "Diluted EPS": "-22.85", "Basic Average Shares": "302.844", "Diluted Average Shares": "302.844", "Total Operating Income as Reported": "-6,704", "Total Expenses": "6,750", "Net Income from Continuing & Discontinued Operation": "-6,921", "Normalized Income": "-3,930", "Interest Income": "0", "Interest Expense": "178.995", "Net Interest Income": "-178.995", "EBIT": "-6,742", "EBITDA": "-", "Reconciled Cost of Revenue": "2,307", "Reconciled Depreciation": "154.745", "Net Income from Continuing Operation Net Minority Interest": "-6,921", "Total Unusual Items Excluding Goodwill": "-2,991", "Total Unusual Items": "-2,991", "Normalized EBITDA": "-3,596", "Tax Rate for Calcs": "0", "Tax Effect of Unusual Items": "0"}, "12/31/2018": {"Duration": "12/31/2018", "Total Revenue": "8,191", "Cost of Revenue": "7,648", "Gross Profit": "542.733", "Operating Expense": "5,389", "Operating Income": "-4,846", "Net Non Operating Interest Income Expense": "0.004", "Other Income Expense": "2.138", "Pretax Income": "-4,844", "Tax Provision": "0", "Net Income Common Stockholders": "-4,844", "Diluted NI Available to Com Stockholders": "-4,844", "Basic EPS": "-22.80", "Diluted EPS": "-22.80", "Basic Average Shares": "213.002", "Diluted Average Shares": "213.002", "Total Operating Income as Reported": "-4,846", "Total Expenses": "13,037", "Net Income from Continuing & Discontinued Operation": "-4,844", "Normalized Income": "-4,844", "Interest Income": "0.004", "Interest Expense": "0", "Net Interest Income": "0.004", "EBIT": "-4,844", "EBITDA": "-", "Reconciled Cost of Revenue": "7,648", "Reconciled Depreciation": "596.383", "Net Income from Continuing Operation Net Minority Interest": "-4,844", "Total Unusual Items Excluding Goodwill": "-", "Total Unusual Items": "-", "Normalized EBITDA": "-4,248", "Tax Rate for Calcs": "0", "Tax Effect of Unusual Items": "0"}}, "bs": {"12/31/2020": {"Duration": "12/31/2020", "Total Assets": "26,882", "Total Liabilities Net Minority Interest": "8,444", "Total Equity Gross Minority Interest": "18,438", "Total Capitalization": "18,253", "Common Stock Equity": "18,253", "Capital Lease Obligations": "1,536", "Net Tangible Assets": "14,725", "Working Capital": "11,063", "Invested Capital": "18,253", "Tangible Book Value": "14,725", "Total Debt": "1,536", "Share Issued": "8,596", "Ordinary Shares Number": "8,596"}, "12/31/2019": {"Duration": "12/31/2019", "Total Assets": "6,635", "Total Liabilities Net Minority Interest": "2,274", "Total Equity Gross Minority Interest": "4,360", "Total Capitalization": "4,360", "Common Stock Equity": "4,360", "Capital Lease Obligations": "-", "Net Tangible Assets": "837.824", "Working Capital": "632.347", "Invested Capital": "4,360", "Tangible Book Value": "837.824", "Total Debt": "-", "Share Issued": "1,158", "Ordinary Shares Number": "1,158"}, "12/31/2018": {"Duration": "12/31/2018", "Total Assets": "11,039", "Total Liabilities Net Minority Interest": "3,959", "Total Equity Gross Minority Interest": "7,080", "Total Capitalization": "7,080", "Common Stock Equity": "7,080", "Capital Lease Obligations": "-", "Net Tangible Assets": "473.965", "Working Capital": "402.628", "Invested Capital": "7,080", "Tangible Book Value": "473.965", "Total Debt": "-", "Share Issued": "213.002", "Ordinary Shares Number": "213.002"}}, "cf": {"TTM": {"Duration": "TTM", "Operating Cash Flow": "-2,888", "Investing Cash Flow": "-3,046", "Financing Cash Flow": "17,318", "End Cash Position": "13,010", "Interest Paid Supplemental Data": "2.614", "Capital Expenditure": "-1,568", "Issuance of Capital Stock": "17,118", "Issuance of Debt": "200", "Repayment of Debt": "0", "Repurchase of Capital Stock": "-0.122", "Free Cash Flow": "-4,456"}, "12/31/2020": {"Duration": "12/31/2020", "Operating Cash Flow": "-2,888", "Investing Cash Flow": "-3,046", "Financing Cash Flow": "17,318", "End Cash Position": "13,010", "Interest Paid Supplemental Data": "2.614", "Capital Expenditure": "-1,568", "Issuance of Capital Stock": "17,118", "Issuance of Debt": "200", "Repayment of Debt": "0", "Repurchase of Capital Stock": "-0.122", "Free Cash Flow": "-4,456"}, "12/31/2019": {"Duration": "12/31/2019", "Operating Cash Flow": "-2,816", "Investing Cash Flow": "-2.07", "Financing Cash Flow": "3,075", "End Cash Position": "1,626", "Interest Paid Supplemental Data": "105.77", "Capital Expenditure": "-2.07", "Issuance of Capital Stock": "3,254", "Issuance of Debt": "375", "Repayment of Debt": "-480.77", "Repurchase of Capital Stock": "-", "Free Cash Flow": "-2,818"}, "12/31/2018": {"Duration": "12/31/2018", "Operating Cash Flow": "-3,452", "Investing Cash Flow": "-50.195", "Financing Cash Flow": "0", "End Cash Position": "1,368", "Interest Paid Supplemental Data": "-", "Capital Expenditure": "-76.606", "Issuance of Capital Stock": "0", "Issuance of Debt": "-", "Repayment of Debt": "0", "Repurchase of Capital Stock": "-", "Free Cash Flow": "-3,529"}}}}, {"CAMG": {"quote": {"05/12/2021": {"value": "0.0070", "Market Cap": "221,331", "Beta (5Y Monthly)": "0.44", "PE Ratio (TTM)": "N/A", "EPS (TTM)": "-0.0020", "Earnings Date": "N/A", "Forward Dividend & Yield": "N/A (N/A)", "Ex-Dividend Date": "N/A", "1y Target Est": "N/A"}}, "fin": {}, "bs": {}, "cf": {}}}, {"CETH": {"quote": {"05/12/2021": {"value": "0.0400", "Net Assets": "N/A", "Beta (5Y Monthly)": "N/A", "Yield": "N/A", "5y Average Return": "N/A", "Holdings Turnover": "N/A", "Last Dividend": "N/A", "Average for Category": "N/A", "Inception Date": "N/A"}}, "fin": {}, "bs": {}, "cf": {}}}, {"CGEI": {"quote": {"05/12/2021": {"value": "0.7700", "Market Cap": "9.019M", "Beta (5Y Monthly)": "-3.62", "PE Ratio (TTM)": "59.23", "EPS (TTM)": "0.0130", "Earnings Date": "N/A", "Forward Dividend & Yield": "N/A (N/A)", "Ex-Dividend Date": "N/A", "1y Target Est": "N/A"}}, "fin": {}, "bs": {}, "cf": {}}}, {"CNWHF": {"quote": {"05/12/2021": {"value": "0.3939", "Market Cap": "32.756M", "Beta (5Y Monthly)": "-13.20", "PE Ratio (TTM)": "N/A", "EPS (TTM)": "-0.0030", "Earnings Date": "N/A", "Forward Dividend & Yield": "N/A (N/A)", "Ex-Dividend Date": "N/A", "1y Target Est": "N/A"}}, "fin": {"TTM": {"Duration": "TTM", "Total Revenue": "0", "Operating Expense": "52.661", "Operating Income": "-52.661", "Net Non Operating Interest Income Expense": "0.042", "Pretax Income": "-52.619", "Tax Provision": "0", "Net Income Common Stockholders": "-287.095", "Diluted NI Available to Com Stockholders": "-287.095", "Basic EPS": "-", "Diluted EPS": "-", "Basic Average Shares": "-", "Diluted Average Shares": "-", "Total Operating Income as Reported": "-52.661", "Total Expenses": "52.661", "Net Income from Continuing & Discontinued Operation": "-52.619", "Normalized Income": "-52.619", "Interest Income": "0.042", "Net Interest Income": "0.042", "EBIT": "-52.661", "EBITDA": "-52.661", "Net Income from Continuing Operation Net Minority Interest": "-52.619", "Normalized EBITDA": "-52.661", "Tax Rate for Calcs": "0", "Tax Effect of Unusual Items": "0"}, "12/31/2018": {"Duration": "12/31/2018", "Total Revenue": "0", "Operating Expense": "52.661", "Operating Income": "-52.661", "Net Non Operating Interest Income Expense": "0.042", "Pretax Income": "-52.619", "Tax Provision": "0", "Net Income Common Stockholders": "-287.095", "Diluted NI Available to Com Stockholders": "-287.095", "Basic EPS": "-", "Diluted EPS": "-", "Basic Average Shares": "-", "Diluted Average Shares": "-", "Total Operating Income as Reported": "-52.661", "Total Expenses": "52.661", "Net Income from Continuing & Discontinued Operation": "-52.619", "Normalized Income": "-52.619", "Interest Income": "0.042", "Net Interest Income": "0.042", "EBIT": "-52.661", "EBITDA": "-", "Net Income from Continuing Operation Net Minority Interest": "-52.619", "Normalized EBITDA": "-52.661", "Tax Rate for Calcs": "0", "Tax Effect of Unusual Items": "0"}}, "bs": {"12/31/2018": {"Duration": "12/31/2018", "Total Assets": "18.463", "Total Liabilities Net Minority Interest": "3,092", "Total Equity Gross Minority Interest": "-3,073", "Total Capitalization": "-4,153", "Preferred Stock Equity": "2.345", "Common Stock Equity": "-4,155", "Net Tangible Assets": "-4,153", "Working Capital": "-3,073", "Invested Capital": "-4,155", "Tangible Book Value": "-4,155", "Share Issued": "83,159", "Ordinary Shares Number": "83,159", "Preferred Shares Number": "4,690"}}, "cf": {"TTM": {"Duration": "TTM", "Operating Cash Flow": "-52.619", "End Cash Position": "18.463", "Free Cash Flow": "-52.619"}, "12/31/2018": {"Duration": "12/31/2018", "Operating Cash Flow": "-52.619", "End Cash Position": "18.463", "Free Cash Flow": "-52.619"}}}}, {"CRPT": {"quote": {"05/12/2021": {"value": "", "Net Assets": "N/A", "Beta (5Y Monthly)": "N/A", "Yield": "N/A", "5y Average Return": "N/A", "Holdings Turnover": "N/A", "Last Dividend": "N/A", "Average for Category": "N/A", "Inception Date": "N/A"}}, "fin": {}, "bs": {}, "cf": {}}}, {"DLDG": {"quote": {"05/12/2021": {"value": "0.0110", "Market Cap": "1.218M", "Beta (5Y Monthly)": "1.20", "PE Ratio (TTM)": "N/A", "EPS (TTM)": "-27.3220", "Earnings Date": "N/A", "Forward Dividend & Yield": "N/A (N/A)", "Ex-Dividend Date": "N/A", "1y Target Est": "N/A"}}, "fin": {}, "bs": {}, "cf": {}}}, {"TXSO": {"quote": {"05/12/2021": {"value": "0.0022", "Market Cap": "2.198M", "Beta (5Y Monthly)": "0.77", "PE Ratio (TTM)": "N/A", "EPS (TTM)": "-0.0050", "Earnings Date": "N/A", "Forward Dividend & Yield": "N/A (N/A)", "Ex-Dividend Date": "N/A", "1y Target Est": "N/A"}}, "fin": {"TTM": {"Duration": "TTM", "Total Revenue": "0", "Cost of Revenue": "8.256", "Gross Profit": "-8.256", "Operating Expense": "2,484", "Operating Income": "-2,492", "Net Non Operating Interest Income Expense": "-132.162", "Other Income Expense": "-2,228", "Pretax Income": "-4,853", "Net Income Common Stockholders": "-4,853", "Diluted NI Available to Com Stockholders": "-4,853", "Basic EPS": "-", "Diluted EPS": "-", "Basic Average Shares": "-", "Diluted Average Shares": "-", "Total Operating Income as Reported": "-4,722", "Total Expenses": "2,492", "Interest Expense": "132.162", "Net Interest Income": "-132.162", "Net Income from Continuing & Discontinued Operation": "-4,853", "Normalized Income": "-2,623", "EBIT": "-4,721", "EBITDA": "-4,712", "Reconciled Cost of Revenue": "8.256", "Reconciled Depreciation": "8.256", "Net Income from Continuing Operation Net Minority Interest": "-4,853", "Total Unusual Items Excluding Goodwill": "-2,230", "Total Unusual Items": "-2,230", "Normalized EBITDA": "-2,482", "Tax Rate for Calcs": "0", "Tax Effect of Unusual Items": "0"}, "12/31/2018": {"Duration": "12/31/2018", "Total Revenue": "0", "Cost of Revenue": "8.082", "Gross Profit": "-8.082", "Operating Expense": "2,510", "Operating Income": "-2,518", "Net Non Operating Interest Income Expense": "-152.214", "Other Income Expense": "-440.2", "Pretax Income": "-3,111", "Net Income Common Stockholders": "-3,111", "Diluted NI Available to Com Stockholders": "-3,111", "Basic EPS": "-0.00", "Diluted EPS": "-0.00", "Basic Average Shares": "927,955", "Diluted Average Shares": "927,955", "Total Operating Income as Reported": "-2,970", "Total Expenses": "2,518", "Interest Expense": "152.214", "Net Interest Income": "-152.214", "Net Income from Continuing & Discontinued Operation": "-3,111", "Normalized Income": "-2,659", "EBIT": "-2,959", "EBITDA": "-", "Reconciled Cost of Revenue": "8.082", "Reconciled Depreciation": "8.082", "Net Income from Continuing Operation Net Minority Interest": "-3,111", "Total Unusual Items Excluding Goodwill": "-452.018", "Total Unusual Items": "-452.018", "Normalized EBITDA": "-2,498", "Tax Rate for Calcs": "0", "Tax Effect of Unusual Items": "0"}}, "bs": {"12/31/2018": {"Duration": "12/31/2018", "Total Assets": "16,933", "Total Liabilities Net Minority Interest": "9,028", "Total Equity Gross Minority Interest": "7,905", "Total Capitalization": "8,205", "Common Stock Equity": "7,905", "Net Tangible Assets": "7,905", "Working Capital": "-4,087", "Invested Capital": "9,024", "Tangible Book Value": "7,905", "Total Debt": "1,119", "Net Debt": "-", "Share Issued": "998,450", "Ordinary Shares Number": "998,450"}}, "cf": {"TTM": {"Duration": "TTM", "Operating Cash Flow": "2,475", "Investing Cash Flow": "-3,859", "Financing Cash Flow": "820.289", "End Cash Position": "185.169", "Income Tax Paid Supplemental Data": "-", "Interest Paid Supplemental Data": "-", "Capital Expenditure": "-4,264", "Issuance of Capital Stock": "-", "Issuance of Debt": "-", "Repayment of Debt": "-95.35", "Free Cash Flow": "-1,789"}, "12/31/2018": {"Duration": "12/31/2018", "Operating Cash Flow": "1,968", "Investing Cash Flow": "-1,914", "Financing Cash Flow": "1,447", "End Cash Position": "1,502", "Income Tax Paid Supplemental Data": "0", "Interest Paid Supplemental Data": "0", "Capital Expenditure": "-2,804", "Issuance of Capital Stock": "1,167", "Issuance of Debt": "21.081", "Repayment of Debt": "-48.928", "Free Cash Flow": "-835.469"}}}}, {"FNAM": {"quote": {"05/12/2021": {"value": "1.2500", "Market Cap": "7.352M", "Beta (5Y Monthly)": "0.24", "PE Ratio (TTM)": "N/A", "EPS (TTM)": "-0.3400", "Earnings Date": "N/A", "Forward Dividend & Yield": "N/A (N/A)", "Ex-Dividend Date": "N/A", "1y Target Est": "N/A"}}, "fin": {"TTM": {"Duration": "TTM", "Total Revenue": "12.5", "Operating Expense": "2,892", "Operating Income": "-2,880", "Other Income Expense": "180.559", "Pretax Income": "-2,699", "Tax Provision": "-987.353", "Net Income Common Stockholders": "-1,997", "Diluted NI Available to Com Stockholders": "-1,997", "Basic EPS": "-", "Diluted EPS": "-", "Basic Average Shares": "-", "Diluted Average Shares": "-", "Total Operating Income as Reported": "-2,880", "Total Expenses": "2,892", "Net Income from Continuing & Discontinued Operation": "-1,712", "Normalized Income": "-1,826", "EBIT": "-2,880", "EBITDA": "-2,470", "Reconciled Depreciation": "409.368", "Net Income from Continuing Operation Net Minority Interest": "-1,712", "Total Unusual Items Excluding Goodwill": "180.559", "Total Unusual Items": "180.559", "Normalized EBITDA": "-2,651", "Tax Rate for Calcs": "0", "Tax Effect of Unusual Items": "66.0304"}, "12/31/2020": {"Duration": "12/31/2020", "Total Revenue": "12.5", "Operating Expense": "2,892", "Operating Income": "-2,880", "Other Income Expense": "180.559", "Pretax Income": "-2,699", "Tax Provision": "-987.353", "Net Income Common Stockholders": "-1,997", "Diluted NI Available to Com Stockholders": "-1,997", "Basic EPS": "-", "Diluted EPS": "-", "Basic Average Shares": "-", "Diluted Average Shares": "-", "Total Operating Income as Reported": "-2,880", "Total Expenses": "2,892", "Net Income from Continuing & Discontinued Operation": "-1,712", "Normalized Income": "-1,826", "EBIT": "-2,880", "EBITDA": "-", "Reconciled Depreciation": "409.368", "Net Income from Continuing Operation Net Minority Interest": "-1,712", "Total Unusual Items Excluding Goodwill": "180.559", "Total Unusual Items": "180.559", "Normalized EBITDA": "-2,651", "Tax Rate for Calcs": "0", "Tax Effect of Unusual Items": "66.0304"}, "12/31/2019": {"Duration": "12/31/2019", "Total Revenue": "122.686", "Operating Expense": "897.511", "Operating Income": "-774.825", "Other Income Expense": "13.592", "Pretax Income": "-761.233", "Tax Provision": "31.907", "Net Income Common Stockholders": "-1,063", "Diluted NI Available to Com Stockholders": "-1,063", "Basic EPS": "-0.18", "Diluted EPS": "-0.18", "Basic Average Shares": "5,882", "Diluted Average Shares": "5,882", "Total Operating Income as Reported": "-774.825", "Total Expenses": "897.511", "Net Income from Continuing & Discontinued Operation": "-793.14", "Normalized Income": "-803.0622", "EBIT": "-774.825", "EBITDA": "-", "Reconciled Depreciation": "40.721", "Net Income from Continuing Operation Net Minority Interest": "-793.14", "Total Unusual Items Excluding Goodwill": "13.592", "Total Unusual Items": "13.592", "Normalized EBITDA": "-747.696", "Tax Rate for Calcs": "0", "Tax Effect of Unusual Items": "3.6698"}, "12/31/2018": {"Duration": "12/31/2018", "Total Revenue": "114.814", "Operating Expense": "951.613", "Operating Income": "-836.799", "Other Income Expense": "-261.818", "Pretax Income": "-1,099", "Tax Provision": "0", "Net Income Common Stockholders": "-1,341", "Diluted NI Available to Com Stockholders": "-1,341", "Basic EPS": "-0.23", "Diluted EPS": "-0.23", "Basic Average Shares": "5,882", "Diluted Average Shares": "5,882", "Total Operating Income as Reported": "-836.799", "Total Expenses": "951.613", "Net Income from Continuing & Discontinued Operation": "-1,099", "Normalized Income": "-836.799", "EBIT": "-836.799", "EBITDA": "-", "Reconciled Depreciation": "41.077", "Net Income from Continuing Operation Net Minority Interest": "-1,099", "Total Unusual Items Excluding Goodwill": "-261.818", "Total Unusual Items": "-261.818", "Normalized EBITDA": "-533.904", "Tax Rate for Calcs": "0", "Tax Effect of Unusual Items": "0"}}, "bs": {"12/31/2020": {"Duration": "12/31/2020", "Total Assets": "3,993", "Total Liabilities Net Minority Interest": "2,249", "Total Equity Gross Minority Interest": "1,744", "Total Capitalization": "3,990", "Preferred Stock Equity": "4,806", "Common Stock Equity": "-3,062", "Net Tangible Assets": "-1,921", "Working Capital": "274.429", "Invested Capital": "-816.287", "Tangible Book Value": "-6,726", "Total Debt": "2,246", "Net Debt": "2,030", "Share Issued": "5,882", "Ordinary Shares Number": "5,882"}, "12/31/2019": {"Duration": "12/31/2019", "Total Assets": "4,243", "Total Liabilities Net Minority Interest": "1,007", "Total Equity Gross Minority Interest": "3,236", "Total Capitalization": "3,236", "Preferred Stock Equity": "4,520", "Common Stock Equity": "-1,284", "Net Tangible Assets": "-799.723", "Working Capital": "98.748", "Invested Capital": "-1,284", "Tangible Book Value": "-5,320", "Total Debt": "-", "Net Debt": "-", "Share Issued": "5,882", "Ordinary Shares Number": "5,882"}, "12/31/2018": {"Duration": "12/31/2018", "Total Assets": "4,389", "Total Liabilities Net Minority Interest": "955.446", "Total Equity Gross Minority Interest": "3,433", "Total Capitalization": "3,433", "Preferred Stock Equity": "3,711", "Common Stock Equity": "-277.695", "Net Tangible Assets": "-605.028", "Working Capital": "223.417", "Invested Capital": "-277.695", "Tangible Book Value": "-4,316", "Total Debt": "-", "Net Debt": "-", "Share Issued": "5,882", "Ordinary Shares Number": "5,882"}}, "cf": {"TTM": {"Duration": "TTM", "Operating Cash Flow": "-2,297", "Investing Cash Flow": "147.613", "Financing Cash Flow": "2,320", "End Cash Position": "215.836", "Issuance of Capital Stock": "0", "Issuance of Debt": "2,320", "Free Cash Flow": "-2,297"}, "12/31/2020": {"Duration": "12/31/2020", "Operating Cash Flow": "-2,297", "Investing Cash Flow": "147.613", "Financing Cash Flow": "2,320", "End Cash Position": "215.836", "Issuance of Capital Stock": "0", "Issuance of Debt": "2,320", "Free Cash Flow": "-2,297"}, "12/31/2019": {"Duration": "12/31/2019", "Operating Cash Flow": "-625.98", "Investing Cash Flow": "0", "Financing Cash Flow": "540.015", "End Cash Position": "45.441", "Issuance of Capital Stock": "540.015", "Issuance of Debt": "-", "Free Cash Flow": "-625.98"}, "12/31/2018": {"Duration": "12/31/2018", "Operating Cash Flow": "-748.837", "Investing Cash Flow": "0", "Financing Cash Flow": "0", "End Cash Position": "131.406", "Issuance of Capital Stock": "-", "Issuance of Debt": "-", "Free Cash Flow": "-748.837"}}}}, {"GPLA": {"quote": {"05/12/2021": {"value": "0.2650", "Market Cap": "8.358M", "Beta (5Y Monthly)": "N/A", "PE Ratio (TTM)": "N/A", "EPS (TTM)": "-0.0240", "Earnings Date": "N/A", "Forward Dividend & Yield": "N/A (N/A)", "Ex-Dividend Date": "N/A", "1y Target Est": "N/A"}}, "fin": {}, "bs": {}, "cf": {}}}, {"LNGB": {"quote": {"05/12/2021": {"value": "5.0000", "Market Cap": "152.5M", "Beta (5Y Monthly)": "0.60", "PE Ratio (TTM)": "N/A", "EPS (TTM)": "-0.0090", "Earnings Date": "N/A", "Forward Dividend & Yield": "N/A (N/A)", "Ex-Dividend Date": "N/A", "1y Target Est": "N/A"}}, "fin": {"TTM": {"Duration": "TTM", "Total Revenue": "6,730", "Cost of Revenue": "5,247", "Gross Profit": "1,483", "Operating Expense": "1,786", "Operating Income": "-302.766", "Other Income Expense": "57.112", "Pretax Income": "-245.654", "Tax Provision": "35.512", "Net Income Common Stockholders": "-281.166", "Diluted NI Available to Com Stockholders": "-281.166", "Basic EPS": "-", "Diluted EPS": "-", "Basic Average Shares": "-", "Diluted Average Shares": "-", "Total Operating Income as Reported": "-302.766", "Total Expenses": "7,033", "Net Income from Continuing & Discontinued Operation": "-281.166", "Normalized Income": "-280.1436", "EBIT": "-302.766", "EBITDA": "-277.84", "Reconciled Cost of Revenue": "5,247", "Reconciled Depreciation": "24.926", "Net Income from Continuing Operation Net Minority Interest": "-281.166", "Total Unusual Items Excluding Goodwill": "-1.278", "Total Unusual Items": "-1.278", "Normalized EBITDA": "-276.562", "Tax Rate for Calcs": "0", "Tax Effect of Unusual Items": "-0.2556"}, "12/31/2018": {"Duration": "12/31/2018", "Total Revenue": "7,511", "Cost of Revenue": "5,542", "Gross Profit": "1,969", "Operating Expense": "1,840", "Operating Income": "128.893", "Other Income Expense": "-12.898", "Pretax Income": "115.995", "Tax Provision": "42.369", "Net Income Common Stockholders": "73.626", "Diluted NI Available to Com Stockholders": "73.626", "Basic EPS": "0.00", "Diluted EPS": "0.00", "Basic Average Shares": "30,500", "Diluted Average Shares": "30,500", "Total Operating Income as Reported": "128.893", "Total Expenses": "7,382", "Net Income from Continuing & Discontinued Operation": "73.626", "Normalized Income": "127.414", "EBIT": "128.893", "EBITDA": "-", "Reconciled Cost of Revenue": "5,542", "Reconciled Depreciation": "72.964", "Net Income from Continuing Operation Net Minority Interest": "73.626", "Total Unusual Items Excluding Goodwill": "-84.741", "Total Unusual Items": "-84.741", "Normalized EBITDA": "286.598", "Tax Rate for Calcs": "0", "Tax Effect of Unusual Items": "-30.953"}}, "bs": {"12/31/2018": {"Duration": "12/31/2018", "Total Assets": "11,798", "Total Liabilities Net Minority Interest": "11,310", "Total Equity Gross Minority Interest": "487.673", "Total Capitalization": "487.673", "Common Stock Equity": "487.673", "Net Tangible Assets": "472.201", "Working Capital": "-1,037", "Invested Capital": "487.673", "Tangible Book Value": "472.201", "Share Issued": "30,500", "Ordinary Shares Number": "30,500"}}, "cf": {"TTM": {"Duration": "TTM", "Operating Cash Flow": "-141.475", "Investing Cash Flow": "135.166", "Financing Cash Flow": "-225.058", "End Cash Position": "256.998", "Income Tax Paid Supplemental Data": "69.89", "Interest Paid Supplemental Data": "76.848", "Capital Expenditure": "135.166", "Issuance of Capital Stock": "-", "Issuance of Debt": "-", "Repayment of Debt": "-", "Free Cash Flow": "-6.309"}, "12/31/2018": {"Duration": "12/31/2018", "Operating Cash Flow": "166.593", "Investing Cash Flow": "-18.413", "Financing Cash Flow": "-98.91", "End Cash Position": "508.988", "Income Tax Paid Supplemental Data": "38.882", "Interest Paid Supplemental Data": "81.8", "Capital Expenditure": "-18.413", "Issuance of Capital Stock": "0", "Issuance of Debt": "-", "Repayment of Debt": "-109.573", "Free Cash Flow": "148.18"}}}}, {"HMPQ": {"quote": {"05/12/2021": {"value": "0.0068", "Market Cap": "299,375", "Beta (5Y Monthly)": "0.27", "PE Ratio (TTM)": "N/A", "EPS (TTM)": "-0.0000", "Earnings Date": "N/A", "Forward Dividend & Yield": "N/A (N/A)", "Ex-Dividend Date": "N/A", "1y Target Est": "N/A"}}, "fin": {}, "bs": {}, "cf": {}}}, {"HZNM": {"quote": {"05/12/2021": {"value": "0.0001", "Market Cap": "231,771", "Beta (5Y Monthly)": "4.00", "PE Ratio (TTM)": "N/A", "EPS (TTM)": "-0.0390", "Earnings Date": "N/A", "Forward Dividend & Yield": "N/A (N/A)", "Ex-Dividend Date": "N/A", "1y Target Est": "N/A"}}, "fin": {}, "bs": {}, "cf": {}}}, {"MOBO": {"quote": {"05/12/2021": {"value": "0.0490", "Market Cap": "2.219M", "Beta (5Y Monthly)": "1.28", "PE Ratio (TTM)": "N/A", "EPS (TTM)": "-0.0130", "Earnings Date": "N/A", "Forward Dividend & Yield": "N/A (N/A)", "Ex-Dividend Date": "N/A", "1y Target Est": "N/A"}}, "fin": {}, "bs": {}, "cf": {}}}, {"LPTC": {"quote": {"05/12/2021": {"value": "0.0160", "Market Cap": "8.479M", "Beta (5Y Monthly)": "-9.42", "PE Ratio (TTM)": "3.20", "EPS (TTM)": "0.0050", "Earnings Date": "N/A", "Forward Dividend & Yield": "N/A (N/A)", "Ex-Dividend Date": "N/A", "1y Target Est": "N/A"}}, "fin": {}, "bs": {}, "cf": {}}}, {"TSTS": {"quote": {"05/12/2021": {"value": "0.0003", "Market Cap": "13,129", "Beta (5Y Monthly)": "1.61", "PE Ratio (TTM)": "N/A", "EPS (TTM)": "-0.0110", "Earnings Date": "N/A", "Forward Dividend & Yield": "N/A (N/A)", "Ex-Dividend Date": "N/A", "1y Target Est": "N/A"}}, "fin": {}, "bs": {}, "cf": {}}}, {"MNAI": {"quote": {"05/12/2021": {"value": "", "Net Assets": "N/A", "Beta (5Y Monthly)": "N/A", "Yield": "N/A", "5y Average Return": "N/A", "Holdings Turnover": "N/A", "Last Dividend": "N/A", "Average for Category": "N/A", "Inception Date": "N/A"}}, "fin": {}, "bs": {}, "cf": {}}}, {"SGMZ": {"quote": {"05/12/2021": {"value": "", "Net Assets": "N/A", "Beta (5Y Monthly)": "N/A", "Yield": "N/A", "5y Average Return": "N/A", "Holdings Turnover": "N/A", "Last Dividend": "N/A", "Average for Category": "N/A", "Inception Date": "N/A"}}, "fin": {}, "bs": {}, "cf": {}}}, {"TCNT": {"quote": {"05/12/2021": {"value": "0.2000", "Market Cap": "1.42M", "Beta (5Y Monthly)": "-2.64", "PE Ratio (TTM)": "N/A", "EPS (TTM)": "-0.0040", "Earnings Date": "N/A", "Forward Dividend & Yield": "N/A (N/A)", "Ex-Dividend Date": "N/A", "1y Target Est": "N/A"}}, "fin": {"TTM": {"Duration": "TTM", "Total Revenue": "0", "Operating Expense": "29.758", "Operating Income": "-29.758", "Pretax Income": "-29.758", "Net Income Common Stockholders": "-29.758", "Diluted NI Available to Com Stockholders": "-29.758", "Basic EPS": "-", "Diluted EPS": "-", "Basic Average Shares": "-", "Diluted Average Shares": "-", "Total Expenses": "29.758", "Net Income from Continuing & Discontinued Operation": "-29.758", "Normalized Income": "-29.758", "EBIT": "-29.758", "EBITDA": "-29.758", "Net Income from Continuing Operation Net Minority Interest": "-29.758", "Normalized EBITDA": "-29.758", "Tax Rate for Calcs": "0", "Tax Effect of Unusual Items": "0"}, "2/28/2019": {"Duration": "2/28/2019", "Total Revenue": "0", "Operating Expense": "29.758", "Operating Income": "-29.758", "Pretax Income": "-29.758", "Net Income Common Stockholders": "-29.758", "Diluted NI Available to Com Stockholders": "-29.758", "Basic EPS": "-", "Diluted EPS": "-", "Basic Average Shares": "-", "Diluted Average Shares": "-", "Total Expenses": "29.758", "Net Income from Continuing & Discontinued Operation": "-29.758", "Normalized Income": "-29.758", "EBIT": "-29.758", "EBITDA": "-", "Net Income from Continuing Operation Net Minority Interest": "-29.758", "Normalized EBITDA": "-29.758", "Tax Rate for Calcs": "0", "Tax Effect of Unusual Items": "0"}}, "bs": {"2/28/2019": {"Duration": "2/28/2019", "Total Assets": "21.897", "Total Liabilities Net Minority Interest": "77.038", "Total Equity Gross Minority Interest": "-55.141", "Total Capitalization": "-55.141", "Common Stock Equity": "-55.141", "Net Tangible Assets": "-55.141", "Working Capital": "-55.141", "Invested Capital": "-55.141", "Tangible Book Value": "-55.141", "Share Issued": "7,100", "Ordinary Shares Number": "7,100"}}, "cf": {"TTM": {"Duration": "TTM", "Operating Cash Flow": "-22.058", "Financing Cash Flow": "0", "End Cash Position": "17.662", "Income Tax Paid Supplemental Data": "0", "Interest Paid Supplemental Data": "0", "Issuance of Capital Stock": "-", "Issuance of Debt": "-", "Repurchase of Capital Stock": "-", "Free Cash Flow": "-22.058"}, "2/28/2019": {"Duration": "2/28/2019", "Operating Cash Flow": "-22.058", "Financing Cash Flow": "0", "End Cash Position": "17.662", "Income Tax Paid Supplemental Data": "0", "Interest Paid Supplemental Data": "0", "Issuance of Capital Stock": "-", "Issuance of Debt": "-", "Repurchase of Capital Stock": "-", "Free Cash Flow": "-22.058"}}}}, {"EAGL": {"fin": {}, "bs": {}, "cf": {}}}, {"BHAC": {"fin": {}, "bs": {}, "cf": {}}}, {"HCAC": {"fin": {}, "bs": {}, "cf": {}}}, {"BTFL": {"fin": {}, "bs": {}, "cf": {}}}, {"PGRD": {"fin": {}, "bs": {}, "cf": {}}}, {"OROE": {"fin": {}, "bs": {}, "cf": {}}}, {"ELRN": {"fin": {}, "bs": {}, "cf": {}}}, {"SPNI": {"fin": {}, "bs": {}, "cf": {}}}, {"VCMG": {"fin": {}, "bs": {}, "cf": {}}}, {"PICO": {"fin": {}, "bs": {}, "cf": {}}}, {"MDDD": {"fin": {}, "bs": {}, "cf": {}}}, {"MAGAA": {"fin": {}, "bs": {}, "cf": {}}}, {"OPBL": {"fin": {}, "bs": {}, "cf": {}}}, {"TBLZ": {"fin": {}, "bs": {}, "cf": {}}}, {"BRKK": {"fin": {}, "bs": {}, "cf": {}}}, {"GPNE": {"fin": {}, "bs": {}, "cf": {}}}, {"MCPI": {"fin": {}, "bs": {}, "cf": {}}}, {"RSSV": {"fin": {}, "bs": {}, "cf": {}}}]