[{"ALG": {"quote": {"05/12/2021": {"value": "158.57", "Market Cap": "1.891B", "Beta (5Y Monthly)": "0.96", "PE Ratio (TTM)": "32.09", "EPS (TTM)": "4.94", "Earnings Date": "Jul 27, 2021 - Aug 02, 2021", "Forward Dividend & Yield": "0.56 (0.35%)", "Ex-Dividend Date": "Apr 14, 2021", "1y Target Est": "178.33"}}, "fin": {"TTM": {"Duration": "TTM", "Total Revenue": "1,163,466", "Cost of Revenue": "871,356", "Gross Profit": "292,110", "Operating Expense": "198,945", "Operating Income": "93,165", "Net Non Operating Interest Income Expense": "-14,471", "Other Income Expense": "-557", "Pretax Income": "78,137", "Tax Provision": "21,507", "Net Income Common Stockholders": "56,630", "Diluted NI Available to Com Stockholders": "56,630", "Basic EPS": "-", "Diluted EPS": "-", "Basic Average Shares": "-", "Diluted Average Shares": "-", "Total Operating Income as Reported": "93,165", "Total Expenses": "1,070,301", "Net Income from Continuing & Discontinued Operation": "56,630", "Normalized Income": "56,630", "Interest Income": "1,366", "Interest Expense": "15,837", "Net Interest Income": "-14,471", "EBIT": "93,974", "EBITDA": "137,814", "Reconciled Cost of Revenue": "842,262", "Reconciled Depreciation": "43,840", "Net Income from Continuing Operation Net Minority Interest": "56,630", "Normalized EBITDA": "137,814", "Tax Rate for Calcs": "0", "Tax Effect of Unusual Items": "0"}, "12/31/2020": {"Duration": "12/31/2020", "Total Revenue": "1,163,466", "Cost of Revenue": "871,356", "Gross Profit": "292,110", "Operating Expense": "198,945", "Operating Income": "93,165", "Net Non Operating Interest Income Expense": "-14,471", "Other Income Expense": "-557", "Pretax Income": "78,137", "Tax Provision": "21,507", "Net Income Common Stockholders": "56,630", "Diluted NI Available to Com Stockholders": "56,630", "Basic EPS": "4.81", "Diluted EPS": "4.78", "Basic Average Shares": "11,782", "Diluted Average Shares": "11,845", "Total Operating Income as Reported": "93,165", "Total Expenses": "1,070,301", "Net Income from Continuing & Discontinued Operation": "56,630", "Normalized Income": "56,630", "Interest Income": "1,366", "Interest Expense": "15,837", "Net Interest Income": "-14,471", "EBIT": "93,974", "EBITDA": "-", "Reconciled Cost of Revenue": "842,262", "Reconciled Depreciation": "43,840", "Net Income from Continuing Operation Net Minority Interest": "56,630", "Normalized EBITDA": "137,814", "Tax Rate for Calcs": "0", "Tax Effect of Unusual Items": "0"}, "12/31/2019": {"Duration": "12/31/2019", "Total Revenue": "1,119,138", "Cost of Revenue": "845,911", "Gross Profit": "273,227", "Operating Expense": "178,579", "Operating Income": "94,648", "Net Non Operating Interest Income Expense": "-9,518", "Other Income Expense": "-795", "Pretax Income": "84,335", "Tax Provision": "21,429", "Net Income Common Stockholders": "62,906", "Diluted NI Available to Com Stockholders": "62,906", "Basic EPS": "5.36", "Diluted EPS": "5.33", "Basic Average Shares": "11,729", "Diluted Average Shares": "11,800", "Total Operating Income as Reported": "94,648", "Total Expenses": "1,024,490", "Net Income from Continuing & Discontinued Operation": "62,906", "Normalized Income": "62,906", "Interest Income": "1,229", "Interest Expense": "10,747", "Net Interest Income": "-9,518", "EBIT": "95,082", "EBITDA": "-", "Reconciled Cost of Revenue": "821,604", "Reconciled Depreciation": "29,965", "Net Income from Continuing Operation Net Minority Interest": "62,906", "Normalized EBITDA": "125,047", "Tax Rate for Calcs": "0", "Tax Effect of Unusual Items": "0"}, "12/31/2018": {"Duration": "12/31/2018", "Total Revenue": "1,008,822", "Cost of Revenue": "752,707", "Gross Profit": "256,115", "Operating Expense": "155,027", "Operating Income": "101,088", "Net Non Operating Interest Income Expense": "-5,083", "Other Income Expense": "-1,474", "Pretax Income": "94,531", "Tax Provision": "21,045", "Net Income Common Stockholders": "73,486", "Diluted NI Available to Com Stockholders": "73,486", "Basic EPS": "6.30", "Diluted EPS": "6.25", "Basic Average Shares": "11,660", "Diluted Average Shares": "11,761", "Total Operating Income as Reported": "101,088", "Total Expenses": "907,734", "Net Income from Continuing & Discontinued Operation": "73,486", "Normalized Income": "73,486", "Interest Income": "410", "Interest Expense": "5,493", "Net Interest Income": "-5,083", "EBIT": "100,024", "EBITDA": "-", "Reconciled Cost of Revenue": "752,707", "Reconciled Depreciation": "23,114", "Net Income from Continuing Operation Net Minority Interest": "73,486", "Normalized EBITDA": "123,138", "Tax Rate for Calcs": "0", "Tax Effect of Unusual Items": "0"}}, "bs": {"12/31/2020": {"Duration": "12/31/2020", "Total Assets": "1,109,329", "Total Liabilities Net Minority Interest": "483,686", "Total Equity Gross Minority Interest": "625,643", "Total Capitalization": "895,963", "Common Stock Equity": "625,643", "Net Tangible Assets": "237,339", "Working Capital": "345,715", "Invested Capital": "911,029", "Tangible Book Value": "237,339", "Total Debt": "285,386", "Net Debt": "235,191", "Share Issued": "11,893", "Ordinary Shares Number": "11,810", "Treasury Shares Number": "82.6"}, "12/31/2019": {"Duration": "12/31/2019", "Total Assets": "1,212,763", "Total Liabilities Net Minority Interest": "643,006", "Total Equity Gross Minority Interest": "569,757", "Total Capitalization": "994,898", "Common Stock Equity": "569,757", "Net Tangible Assets": "165,463", "Working Capital": "407,954", "Invested Capital": "1,013,738", "Tangible Book Value": "165,463", "Total Debt": "443,981", "Net Debt": "401,670", "Share Issued": "11,753", "Ordinary Shares Number": "11,670", "Treasury Shares Number": "82.6"}, "12/31/2018": {"Duration": "12/31/2018", "Total Assets": "721,633", "Total Liabilities Net Minority Interest": "214,262", "Total Equity Gross Minority Interest": "507,371", "Total Capitalization": "592,550", "Common Stock Equity": "507,371", "Net Tangible Assets": "375,271", "Working Capital": "351,991", "Invested Capital": "592,669", "Tangible Book Value": "375,271", "Total Debt": "85,298", "Net Debt": "51,255", "Share Issued": "11,705", "Ordinary Shares Number": "11,663", "Treasury Shares Number": "42.6"}}, "cf": {"TTM": {"Duration": "TTM", "Operating Cash Flow": "184,333", "Investing Cash Flow": "-14,171", "Financing Cash Flow": "-164,242", "End Cash Position": "50,195", "Income Tax Paid Supplemental Data": "17,140", "Interest Paid Supplemental Data": "17,049", "Capital Expenditure": "-17,874", "Issuance of Debt": "115,000", "Repayment of Debt": "-273,867", "Repurchase of Capital Stock": "-710", "Free Cash Flow": "166,459"}, "12/31/2020": {"Duration": "12/31/2020", "Operating Cash Flow": "184,333", "Investing Cash Flow": "-14,171", "Financing Cash Flow": "-164,242", "End Cash Position": "50,195", "Income Tax Paid Supplemental Data": "17,140", "Interest Paid Supplemental Data": "17,049", "Capital Expenditure": "-17,874", "Issuance of Debt": "115,000", "Repayment of Debt": "-273,867", "Repurchase of Capital Stock": "-710", "Free Cash Flow": "166,459"}, "12/31/2019": {"Duration": "12/31/2019", "Operating Cash Flow": "88,813", "Investing Cash Flow": "-429,940", "Financing Cash Flow": "349,223", "End Cash Position": "42,311", "Income Tax Paid Supplemental Data": "23,099", "Interest Paid Supplemental Data": "9,455", "Capital Expenditure": "-31,433", "Issuance of Debt": "517,002", "Repayment of Debt": "-157,122", "Repurchase of Capital Stock": "-4,729", "Free Cash Flow": "57,380"}, "12/31/2018": {"Duration": "12/31/2018", "Operating Cash Flow": "12,910", "Investing Cash Flow": "-25,358", "Financing Cash Flow": "22,208", "End Cash Position": "34,043", "Income Tax Paid Supplemental Data": "30,295", "Interest Paid Supplemental Data": "5,199", "Capital Expenditure": "-26,699", "Issuance of Debt": "159,000", "Repayment of Debt": "-133,784", "Repurchase of Capital Stock": "-436", "Free Cash Flow": "-13,789"}}}}, {"AGCO": {"quote": {"05/12/2021": {"value": "147.47", "Market Cap": "11.112B", "Beta (5Y Monthly)": "1.34", "PE Ratio (TTM)": "21.70", "EPS (TTM)": "6.80", "Earnings Date": "Jul 28, 2021 - Aug 02, 2021", "Forward Dividend & Yield": "0.80 (0.53%)", "Ex-Dividend Date": "May 13, 2021", "1y Target Est": "168.07"}}, "fin": {"TTM": {"Duration": "TTM", "Total Revenue": "9,149,700", "Cost of Revenue": "7,092,200", "Gross Profit": "2,057,500", "Operating Expense": "1,403,600", "Operating Income": "653,900", "Net Non Operating Interest Income Expense": "-15,000", "Other Income Expense": "-76,900", "Pretax Income": "562,000", "Tax Provision": "187,700", "Earnings from Equity Interest Net of Tax": "45,500", "Net Income Common Stockholders": "427,100", "Diluted NI Available to Com Stockholders": "427,100", "Basic EPS": "-", "Diluted EPS": "-", "Basic Average Shares": "-", "Diluted Average Shares": "-", "Total Operating Income as Reported": "599,700", "Total Expenses": "8,495,800", "Net Income from Continuing & Discontinued Operation": "427,100", "Normalized Income": "463,198", "Interest Income": "9,900", "Interest Expense": "24,900", "Net Interest Income": "-15,000", "EBIT": "586,900", "EBITDA": "858,900", "Reconciled Cost of Revenue": "6,879,700", "Reconciled Depreciation": "272,000", "Net Income from Continuing Operation Net Minority Interest": "427,100", "Total Unusual Items Excluding Goodwill": "-54,200", "Total Unusual Items": "-54,200", "Normalized EBITDA": "913,100", "Tax Rate for Calcs": "0", "Tax Effect of Unusual Items": "-18,102"}, "12/31/2020": {"Duration": "12/31/2020", "Total Revenue": "9,149,700", "Cost of Revenue": "7,092,200", "Gross Profit": "2,057,500", "Operating Expense": "1,403,600", "Operating Income": "653,900", "Net Non Operating Interest Income Expense": "-15,000", "Other Income Expense": "-76,900", "Pretax Income": "562,000", "Tax Provision": "187,700", "Earnings from Equity Interest Net of Tax": "45,500", "Net Income Common Stockholders": "427,100", "Diluted NI Available to Com Stockholders": "427,100", "Basic EPS": "-", "Diluted EPS": "-", "Basic Average Shares": "-", "Diluted Average Shares": "-", "Total Operating Income as Reported": "599,700", "Total Expenses": "8,495,800", "Net Income from Continuing & Discontinued Operation": "427,100", "Normalized Income": "463,198", "Interest Income": "9,900", "Interest Expense": "24,900", "Net Interest Income": "-15,000", "EBIT": "586,900", "EBITDA": "-", "Reconciled Cost of Revenue": "6,879,700", "Reconciled Depreciation": "272,000", "Net Income from Continuing Operation Net Minority Interest": "427,100", "Total Unusual Items Excluding Goodwill": "-54,200", "Total Unusual Items": "-54,200", "Normalized EBITDA": "913,100", "Tax Rate for Calcs": "0", "Tax Effect of Unusual Items": "-18,102"}, "12/31/2019": {"Duration": "12/31/2019", "Total Revenue": "9,041,400", "Cost of Revenue": "7,057,100", "Gross Profit": "1,984,300", "Operating Expense": "1,444,800", "Operating Income": "539,500", "Net Non Operating Interest Income Expense": "-19,900", "Other Income Expense": "-258,500", "Pretax Income": "261,100", "Tax Provision": "180,800", "Earnings from Equity Interest Net of Tax": "42,500", "Net Income Common Stockholders": "125,200", "Diluted NI Available to Com Stockholders": "125,200", "Basic EPS": "1.64", "Diluted EPS": "1.63", "Basic Average Shares": "76,200", "Diluted Average Shares": "77,000", "Total Operating Income as Reported": "348,100", "Total Expenses": "8,501,900", "Net Income from Continuing & Discontinued Operation": "125,200", "Normalized Income": "264,922", "Interest Income": "8,900", "Interest Expense": "28,800", "Net Interest Income": "-19,900", "EBIT": "289,900", "EBITDA": "-", "Reconciled Cost of Revenue": "6,846,200", "Reconciled Depreciation": "272,000", "Net Income from Continuing Operation Net Minority Interest": "125,200", "Total Unusual Items Excluding Goodwill": "-191,400", "Total Unusual Items": "-191,400", "Normalized EBITDA": "753,300", "Tax Rate for Calcs": "0", "Tax Effect of Unusual Items": "-51,678"}, "12/31/2018": {"Duration": "12/31/2018", "Total Revenue": "9,352,000", "Cost of Revenue": "7,355,300", "Gross Profit": "1,996,700", "Operating Expense": "1,489,300", "Operating Income": "507,400", "Net Non Operating Interest Income Expense": "-53,800", "Other Income Expense": "-93,300", "Pretax Income": "360,300", "Tax Provision": "110,900", "Earnings from Equity Interest Net of Tax": "34,300", "Net Income Common Stockholders": "285,500", "Diluted NI Available to Com Stockholders": "285,500", "Basic EPS": "3.62", "Diluted EPS": "3.58", "Basic Average Shares": "78,800", "Diluted Average Shares": "79,700", "Total Operating Income as Reported": "489,000", "Total Expenses": "8,844,600", "Net Income from Continuing & Discontinued Operation": "285,500", "Normalized Income": "298,236", "Interest Income": "8,100", "Interest Expense": "61,900", "Net Interest Income": "-53,800", "EBIT": "422,200", "EBITDA": "-", "Reconciled Cost of Revenue": "7,130,100", "Reconciled Depreciation": "289,900", "Net Income from Continuing Operation Net Minority Interest": "285,500", "Total Unusual Items Excluding Goodwill": "-18,400", "Total Unusual Items": "-18,400", "Normalized EBITDA": "730,500", "Tax Rate for Calcs": "0", "Tax Effect of Unusual Items": "-5,664"}}, "bs": {"12/31/2020": {"Duration": "12/31/2020", "Total Assets": "8,504,200", "Total Liabilities Net Minority Interest": "5,486,200", "Total Equity Gross Minority Interest": "3,018,000", "Total Capitalization": "4,236,700", "Common Stock Equity": "2,980,000", "Capital Lease Obligations": "125,900", "Net Tangible Assets": "1,217,900", "Working Capital": "1,005,600", "Invested Capital": "4,596,400", "Tangible Book Value": "1,217,900", "Total Debt": "1,742,300", "Net Debt": "504,700", "Share Issued": "74,962", "Ordinary Shares Number": "74,962"}, "12/31/2019": {"Duration": "12/31/2019", "Total Assets": "7,759,700", "Total Liabilities Net Minority Interest": "4,852,700", "Total Equity Gross Minority Interest": "2,907,000", "Total Capitalization": "4,045,600", "Common Stock Equity": "2,853,800", "Capital Lease Obligations": "148,600", "Net Tangible Assets": "1,053,800", "Working Capital": "844,600", "Invested Capital": "4,199,000", "Tangible Book Value": "1,053,800", "Total Debt": "1,493,800", "Net Debt": "915,600", "Share Issued": "75,472", "Ordinary Shares Number": "75,472"}, "12/31/2018": {"Duration": "12/31/2018", "Total Assets": "7,626,400", "Total Liabilities Net Minority Interest": "4,632,900", "Total Equity Gross Minority Interest": "2,993,500", "Total Capitalization": "4,208,200", "Common Stock Equity": "2,932,900", "Capital Lease Obligations": "-", "Net Tangible Assets": "864,300", "Working Capital": "770,700", "Invested Capital": "4,392,400", "Tangible Book Value": "864,300", "Total Debt": "1,459,500", "Net Debt": "1,133,400", "Share Issued": "76,537", "Ordinary Shares Number": "76,537"}}, "cf": {"TTM": {"Duration": "TTM", "Operating Cash Flow": "896,500", "Investing Cash Flow": "-241,700", "Financing Cash Flow": "22,700", "End Cash Position": "1,119,100", "Capital Expenditure": "-269,900", "Issuance of Debt": "1,195,600", "Repayment of Debt": "-1,045,600", "Repurchase of Capital Stock": "-55,000", "Free Cash Flow": "626,600"}, "12/31/2020": {"Duration": "12/31/2020", "Operating Cash Flow": "896,500", "Investing Cash Flow": "-241,700", "Financing Cash Flow": "22,700", "End Cash Position": "1,119,100", "Capital Expenditure": "-269,900", "Issuance of Debt": "1,195,600", "Repayment of Debt": "-1,045,600", "Repurchase of Capital Stock": "-55,000", "Free Cash Flow": "626,600"}, "12/31/2019": {"Duration": "12/31/2019", "Operating Cash Flow": "695,900", "Investing Cash Flow": "-271,600", "Financing Cash Flow": "-313,400", "End Cash Position": "432,800", "Capital Expenditure": "-273,400", "Issuance of Debt": "2,082,700", "Repayment of Debt": "-2,191,100", "Repurchase of Capital Stock": "-130,000", "Free Cash Flow": "422,500"}, "12/31/2018": {"Duration": "12/31/2018", "Operating Cash Flow": "595,900", "Investing Cash Flow": "-205,500", "Financing Cash Flow": "-413,300", "End Cash Position": "326,100", "Capital Expenditure": "-203,300", "Issuance of Debt": "5,257,500", "Repayment of Debt": "-5,433,600", "Repurchase of Capital Stock": "-184,300", "Free Cash Flow": "392,600"}}}}, {"ARTW": {"quote": {"05/12/2021": {"value": "3.2000", "Market Cap": "14.443M", "Beta (5Y Monthly)": "0.37", "PE Ratio (TTM)": "N/A", "EPS (TTM)": "-0.4490", "Earnings Date": "Jul 07, 2021 - Jul 12, 2021", "Forward Dividend & Yield": "N/A (N/A)", "Ex-Dividend Date": "Feb 10, 2015", "1y Target Est": "N/A"}}, "fin": {"TTM": {"Duration": "TTM", "Total Revenue": "22,784", "Cost of Revenue": "20,319", "Gross Profit": "2,465", "Operating Expense": "6,274", "Operating Income": "-3,808", "Net Non Operating Interest Income Expense": "-280.021", "Other Income Expense": "1,273", "Pretax Income": "-2,816", "Tax Provision": "-834.203", "Net Income Common Stockholders": "-1,982", "Diluted NI Available to Com Stockholders": "-1,982", "Basic EPS": "-", "Diluted EPS": "-", "Basic Average Shares": "-", "Diluted Average Shares": "-", "Total Operating Income as Reported": "-3,808", "Total Expenses": "26,592", "Net Income from Continuing & Discontinued Operation": "-1,982", "Normalized Income": "-1,982", "Interest Expense": "280.021", "Net Interest Income": "-280.021", "EBIT": "-2,536", "EBITDA": "-1,784", "Reconciled Cost of Revenue": "20,319", "Reconciled Depreciation": "751.885", "Net Income from Continuing Operation Net Minority Interest": "-1,982", "Total Unusual Items Excluding Goodwill": "-", "Total Unusual Items": "-", "Normalized EBITDA": "-1,784", "Tax Rate for Calcs": "0", "Tax Effect of Unusual Items": "0"}, "11/30/2020": {"Duration": "11/30/2020", "Total Revenue": "22,409", "Cost of Revenue": "20,010", "Gross Profit": "2,400", "Operating Expense": "6,309", "Operating Income": "-3,910", "Net Non Operating Interest Income Expense": "-304.611", "Other Income Expense": "1,254", "Pretax Income": "-2,960", "Tax Provision": "-856.47", "Net Income Common Stockholders": "-2,103", "Diluted NI Available to Com Stockholders": "-2,103", "Basic EPS": "-", "Diluted EPS": "-", "Basic Average Shares": "-", "Diluted Average Shares": "-", "Total Operating Income as Reported": "-3,910", "Total Expenses": "26,319", "Net Income from Continuing & Discontinued Operation": "-2,103", "Normalized Income": "-2,103", "Interest Expense": "304.611", "Net Interest Income": "-304.611", "EBIT": "-2,655", "EBITDA": "-", "Reconciled Cost of Revenue": "20,010", "Reconciled Depreciation": "818.234", "Net Income from Continuing Operation Net Minority Interest": "-2,103", "Total Unusual Items Excluding Goodwill": "-", "Total Unusual Items": "-", "Normalized EBITDA": "-1,837", "Tax Rate for Calcs": "0", "Tax Effect of Unusual Items": "0"}, "11/30/2019": {"Duration": "11/30/2019", "Total Revenue": "22,889", "Cost of Revenue": "18,961", "Gross Profit": "3,928", "Operating Expense": "5,425", "Operating Income": "-1,497", "Net Non Operating Interest Income Expense": "-358.174", "Other Income Expense": "86.235", "Pretax Income": "-1,769", "Tax Provision": "-349.234", "Net Income Common Stockholders": "-1,420", "Diluted NI Available to Com Stockholders": "-1,420", "Basic EPS": "-0.33", "Diluted EPS": "-0.33", "Basic Average Shares": "4,277", "Diluted Average Shares": "4,277", "Total Operating Income as Reported": "-1,497", "Total Expenses": "24,386", "Net Income from Continuing & Discontinued Operation": "-1,420", "Normalized Income": "-1,420", "Interest Expense": "358.174", "Net Interest Income": "-358.174", "EBIT": "-1,411", "EBITDA": "-", "Reconciled Cost of Revenue": "18,961", "Reconciled Depreciation": "1,004", "Net Income from Continuing Operation Net Minority Interest": "-1,420", "Total Unusual Items Excluding Goodwill": "0", "Total Unusual Items": "0", "Normalized EBITDA": "-407.105", "Tax Rate for Calcs": "0", "Tax Effect of Unusual Items": "0"}, "11/30/2018": {"Duration": "11/30/2018", "Total Revenue": "19,727", "Cost of Revenue": "16,215", "Gross Profit": "3,512", "Operating Expense": "6,016", "Operating Income": "-2,504", "Net Non Operating Interest Income Expense": "-304.566", "Other Income Expense": "-1,038", "Pretax Income": "-3,846", "Tax Provision": "-510.416", "Net Income Common Stockholders": "-3,387", "Diluted NI Available to Com Stockholders": "-3,387", "Basic EPS": "-0.81", "Diluted EPS": "-0.81", "Basic Average Shares": "4,203", "Diluted Average Shares": "4,203", "Total Operating Income as Reported": "-3,095", "Total Expenses": "22,231", "Net Income from Continuing & Discontinued Operation": "-3,387", "Normalized Income": "-2,823", "Interest Expense": "304.566", "Net Interest Income": "-304.566", "EBIT": "-3,542", "EBITDA": "-", "Reconciled Cost of Revenue": "16,215", "Reconciled Depreciation": "960.606", "Net Income from Continuing Operation Net Minority Interest": "-3,336", "Total Unusual Items Excluding Goodwill": "-591.268", "Total Unusual Items": "-591.268", "Normalized EBITDA": "-1,990", "Tax Rate for Calcs": "0", "Tax Effect of Unusual Items": "-78.4597"}}, "bs": {"11/30/2020": {"Duration": "11/30/2020", "Total Assets": "18,803", "Total Liabilities Net Minority Interest": "8,896", "Total Equity Gross Minority Interest": "9,907", "Total Capitalization": "12,620", "Common Stock Equity": "9,907", "Capital Lease Obligations": "18.342", "Net Tangible Assets": "9,907", "Working Capital": "4,137", "Invested Capital": "15,074", "Tangible Book Value": "9,907", "Total Debt": "5,186", "Net Debt": "5,165", "Share Issued": "4,470", "Ordinary Shares Number": "4,435", "Treasury Shares Number": "35.097"}, "11/30/2019": {"Duration": "11/30/2019", "Total Assets": "19,347", "Total Liabilities Net Minority Interest": "7,553", "Total Equity Gross Minority Interest": "11,794", "Total Capitalization": "14,144", "Common Stock Equity": "11,794", "Capital Lease Obligations": "-", "Net Tangible Assets": "11,794", "Working Capital": "6,204", "Invested Capital": "16,808", "Tangible Book Value": "11,794", "Total Debt": "5,015", "Net Debt": "5,011", "Share Issued": "4,321", "Ordinary Shares Number": "4,302", "Treasury Shares Number": "18.842"}, "11/30/2018": {"Duration": "11/30/2018", "Total Assets": "21,325", "Total Liabilities Net Minority Interest": "8,288", "Total Equity Gross Minority Interest": "13,037", "Total Capitalization": "15,560", "Common Stock Equity": "13,037", "Capital Lease Obligations": "-", "Net Tangible Assets": "13,037", "Working Capital": "6,380", "Invested Capital": "19,293", "Tangible Book Value": "13,037", "Total Debt": "6,256", "Net Debt": "6,252", "Share Issued": "4,225", "Ordinary Shares Number": "4,216", "Treasury Shares Number": "9.286"}}, "cf": {"TTM": {"Duration": "TTM", "Operating Cash Flow": "785.116", "Investing Cash Flow": "-391.687", "Financing Cash Flow": "-392.826", "End Cash Position": "3.89", "Income Tax Paid Supplemental Data": "27.421", "Interest Paid Supplemental Data": "235.186", "Capital Expenditure": "-590.2", "Issuance of Debt": "-", "Repayment of Debt": "-86.498", "Repurchase of Capital Stock": "-30.228", "Free Cash Flow": "194.916"}, "11/30/2020": {"Duration": "11/30/2020", "Operating Cash Flow": "-856.314", "Investing Cash Flow": "-501.65", "Financing Cash Flow": "1,358", "End Cash Position": "2.684", "Income Tax Paid Supplemental Data": "28.514", "Interest Paid Supplemental Data": "263.598", "Capital Expenditure": "-693.414", "Issuance of Debt": "1,693", "Repayment of Debt": "-85.401", "Repurchase of Capital Stock": "-30.996", "Free Cash Flow": "-1,550"}, "11/30/2019": {"Duration": "11/30/2019", "Operating Cash Flow": "807.753", "Investing Cash Flow": "452.688", "Financing Cash Flow": "-1,261", "End Cash Position": "3.145", "Income Tax Paid Supplemental Data": "3.855", "Interest Paid Supplemental Data": "329.356", "Capital Expenditure": "-447.025", "Issuance of Debt": "-", "Repayment of Debt": "-314.485", "Repurchase of Capital Stock": "-19.323", "Free Cash Flow": "360.728"}, "11/30/2018": {"Duration": "11/30/2018", "Operating Cash Flow": "-1,119", "Investing Cash Flow": "707.047", "Financing Cash Flow": "202.677", "End Cash Position": "3.512", "Income Tax Paid Supplemental Data": "5.237", "Interest Paid Supplemental Data": "286.07", "Capital Expenditure": "-434.505", "Issuance of Debt": "1,043", "Repayment of Debt": "-219.429", "Repurchase of Capital Stock": "-21.31", "Free Cash Flow": "-1,553"}}}}, {"ASTE": {"quote": {"05/12/2021": {"value": "67.82", "Market Cap": "1.542B", "Beta (5Y Monthly)": "1.37", "PE Ratio (TTM)": "44.50", "EPS (TTM)": "1.52", "Earnings Date": "Aug 03, 2021 - Aug 09, 2021", "Forward Dividend & Yield": "0.44 (0.65%)", "Ex-Dividend Date": "May 10, 2021", "1y Target Est": "81.67"}}, "fin": {"TTM": {"Duration": "TTM", "Total Revenue": "1,024,400", "Cost of Revenue": "784,300", "Gross Profit": "240,100", "Operating Expense": "189,000", "Operating Income": "51,100", "Net Non Operating Interest Income Expense": "100", "Other Income Expense": "-5,500", "Pretax Income": "45,700", "Tax Provision": "-1,200", "Net Income Common Stockholders": "46,900", "Diluted NI Available to Com Stockholders": "46,900", "Basic EPS": "-", "Diluted EPS": "-", "Basic Average Shares": "-", "Diluted Average Shares": "-", "Total Operating Income as Reported": "43,000", "Total Expenses": "973,300", "Net Income from Continuing & Discontinued Operation": "46,900", "Normalized Income": "51,645", "Interest Income": "800", "Interest Expense": "700", "Net Interest Income": "100", "EBIT": "46,400", "EBITDA": "73,300", "Reconciled Cost of Revenue": "784,300", "Reconciled Depreciation": "26,900", "Net Income from Continuing Operation Net Minority Interest": "46,900", "Total Unusual Items Excluding Goodwill": "-6,500", "Total Unusual Items": "-6,500", "Normalized EBITDA": "79,800", "Tax Rate for Calcs": "0", "Tax Effect of Unusual Items": "-1,755"}, "12/31/2020": {"Duration": "12/31/2020", "Total Revenue": "1,024,400", "Cost of Revenue": "784,300", "Gross Profit": "240,100", "Operating Expense": "189,000", "Operating Income": "51,100", "Net Non Operating Interest Income Expense": "100", "Other Income Expense": "-5,500", "Pretax Income": "45,700", "Tax Provision": "-1,200", "Net Income Common Stockholders": "46,900", "Diluted NI Available to Com Stockholders": "46,900", "Basic EPS": "2.08", "Diluted EPS": "2.05", "Basic Average Shares": "22,586", "Diluted Average Shares": "22,878", "Total Operating Income as Reported": "43,000", "Total Expenses": "973,300", "Net Income from Continuing & Discontinued Operation": "46,900", "Normalized Income": "51,645", "Interest Income": "800", "Interest Expense": "700", "Net Interest Income": "100", "EBIT": "46,400", "EBITDA": "-", "Reconciled Cost of Revenue": "784,300", "Reconciled Depreciation": "26,900", "Net Income from Continuing Operation Net Minority Interest": "46,900", "Total Unusual Items Excluding Goodwill": "-6,500", "Total Unusual Items": "-6,500", "Normalized EBITDA": "79,800", "Tax Rate for Calcs": "0", "Tax Effect of Unusual Items": "-1,755"}, "12/31/2019": {"Duration": "12/31/2019", "Total Revenue": "1,169,613", "Cost of Revenue": "930,205", "Gross Profit": "239,408", "Operating Expense": "211,148", "Operating Income": "28,260", "Net Non Operating Interest Income Expense": "-175", "Other Income Expense": "-2,899", "Pretax Income": "25,186", "Tax Provision": "3,012", "Net Income Common Stockholders": "22,306", "Diluted NI Available to Com Stockholders": "22,306", "Basic EPS": "0.95", "Diluted EPS": "0.95", "Basic Average Shares": "22,515", "Diluted Average Shares": "22,674", "Total Operating Income as Reported": "25,056", "Total Expenses": "1,141,353", "Net Income from Continuing & Discontinued Operation": "22,306", "Normalized Income": "24,948", "Interest Income": "1,192", "Interest Expense": "1,367", "Net Interest Income": "-175", "EBIT": "26,553", "EBITDA": "-", "Reconciled Cost of Revenue": "930,205", "Reconciled Depreciation": "26,200", "Net Income from Continuing Operation Net Minority Interest": "22,306", "Total Unusual Items Excluding Goodwill": "-3,002", "Total Unusual Items": "-3,002", "Normalized EBITDA": "55,755", "Tax Rate for Calcs": "0", "Tax Effect of Unusual Items": "-360.24"}, "12/31/2018": {"Duration": "12/31/2018", "Total Revenue": "1,171,599", "Cost of Revenue": "1,035,833", "Gross Profit": "135,766", "Operating Expense": "209,127", "Operating Income": "-73,361", "Net Non Operating Interest Income Expense": "-93", "Other Income Expense": "-12,524", "Pretax Income": "-85,978", "Tax Provision": "-25,234", "Net Income Common Stockholders": "-60,449", "Diluted NI Available to Com Stockholders": "-60,449", "Basic EPS": "-2.64", "Diluted EPS": "-2.64", "Basic Average Shares": "22,902", "Diluted Average Shares": "22,902", "Total Operating Income as Reported": "-86,421", "Total Expenses": "1,244,960", "Net Income from Continuing & Discontinued Operation": "-60,449", "Normalized Income": "-51,054", "Interest Income": "952", "Interest Expense": "1,045", "Net Interest Income": "-93", "EBIT": "-84,933", "EBITDA": "-", "Reconciled Cost of Revenue": "1,035,833", "Reconciled Depreciation": "27,913", "Net Income from Continuing Operation Net Minority Interest": "-60,449", "Total Unusual Items Excluding Goodwill": "-13,288", "Total Unusual Items": "-13,288", "Normalized EBITDA": "-43,732", "Tax Rate for Calcs": "0", "Tax Effect of Unusual Items": "-3,893"}}, "bs": {"12/31/2020": {"Duration": "12/31/2020", "Total Assets": "848,200", "Total Liabilities Net Minority Interest": "205,200", "Total Equity Gross Minority Interest": "643,000", "Total Capitalization": "642,900", "Common Stock Equity": "642,500", "Net Tangible Assets": "572,600", "Working Capital": "395,500", "Invested Capital": "644,500", "Tangible Book Value": "572,600", "Total Debt": "2,000", "Net Debt": "-", "Share Issued": "22,612", "Ordinary Shares Number": "22,612"}, "12/31/2019": {"Duration": "12/31/2019", "Total Assets": "800,498", "Total Liabilities Net Minority Interest": "198,011", "Total Equity Gross Minority Interest": "602,487", "Total Capitalization": "602,639", "Common Stock Equity": "601,949", "Net Tangible Assets": "545,237", "Working Capital": "333,537", "Invested Capital": "603,978", "Tangible Book Value": "545,237", "Total Debt": "2,029", "Net Debt": "-", "Share Issued": "22,551", "Ordinary Shares Number": "22,551"}, "12/31/2018": {"Duration": "12/31/2018", "Total Assets": "855,457", "Total Liabilities Net Minority Interest": "270,167", "Total Equity Gross Minority Interest": "585,290", "Total Capitalization": "644,289", "Common Stock Equity": "584,580", "Net Tangible Assets": "526,462", "Working Capital": "371,760", "Invested Capital": "644,702", "Tangible Book Value": "526,462", "Total Debt": "60,122", "Net Debt": "34,301", "Share Issued": "22,513", "Ordinary Shares Number": "22,513"}}, "cf": {"TTM": {"Duration": "TTM", "Operating Cash Flow": "141,500", "Investing Cash Flow": "-20,900", "Financing Cash Flow": "-10,400", "End Cash Position": "158,600", "Income Tax Paid Supplemental Data": "-", "Interest Paid Supplemental Data": "300", "Capital Expenditure": "-15,400", "Issuance of Capital Stock": "-", "Issuance of Debt": "6,000", "Repayment of Debt": "-5,900", "Repurchase of Capital Stock": "0", "Free Cash Flow": "126,100"}, "12/31/2020": {"Duration": "12/31/2020", "Operating Cash Flow": "141,500", "Investing Cash Flow": "-20,900", "Financing Cash Flow": "-10,400", "End Cash Position": "158,600", "Income Tax Paid Supplemental Data": "-", "Interest Paid Supplemental Data": "300", "Capital Expenditure": "-15,400", "Issuance of Capital Stock": "-", "Issuance of Debt": "6,000", "Repayment of Debt": "-5,900", "Repurchase of Capital Stock": "0", "Free Cash Flow": "126,100"}, "12/31/2019": {"Duration": "12/31/2019", "Operating Cash Flow": "112,434", "Investing Cash Flow": "-21,540", "Financing Cash Flow": "-68,085", "End Cash Position": "48,857", "Income Tax Paid Supplemental Data": "-", "Interest Paid Supplemental Data": "1,771", "Capital Expenditure": "-23,360", "Issuance of Capital Stock": "-", "Issuance of Debt": "165,980", "Repayment of Debt": "-224,034", "Repurchase of Capital Stock": "0", "Free Cash Flow": "89,074"}, "12/31/2018": {"Duration": "12/31/2018", "Operating Cash Flow": "-29,785", "Investing Cash Flow": "-27,425", "Financing Cash Flow": "22,694", "End Cash Position": "25,821", "Income Tax Paid Supplemental Data": "8,523", "Interest Paid Supplemental Data": "856", "Capital Expenditure": "-27,440", "Issuance of Capital Stock": "377", "Issuance of Debt": "148,504", "Repayment of Debt": "-91,964", "Repurchase of Capital Stock": "-24,138", "Free Cash Flow": "-57,225"}}}}, {"BWOWF": {"quote": {"05/12/2021": {"value": "0.0090", "Market Cap": "101,989", "Beta (5Y Monthly)": "5.13", "PE Ratio (TTM)": "N/A", "EPS (TTM)": "-0.1600", "Earnings Date": "N/A", "Forward Dividend & Yield": "N/A (N/A)", "Ex-Dividend Date": "N/A", "1y Target Est": "N/A"}}, "fin": {}, "bs": {}, "cf": {}}}, {"CAT": {"quote": {"05/12/2021": {"value": "239.30", "Market Cap": "131.085B", "Beta (5Y Monthly)": "0.92", "PE Ratio (TTM)": "38.26", "EPS (TTM)": "6.25", "Earnings Date": "Jul 29, 2021 - Aug 02, 2021", "Forward Dividend & Yield": "4.12 (1.72%)", "Ex-Dividend Date": "Apr 23, 2021", "1y Target Est": "234.68"}}, "fin": {"TTM": {"Duration": "TTM", "Total Revenue": "41,748,000", "Cost of Revenue": "29,671,000", "Gross Profit": "12,077,000", "Operating Expense": "7,524,000", "Operating Income": "4,553,000", "Net Non Operating Interest Income Expense": "-514,000", "Other Income Expense": "-44,000", "Pretax Income": "3,995,000", "Tax Provision": "1,006,000", "Earnings from Equity Interest Net of Tax": "14,000", "Net Income Common Stockholders": "2,998,000", "Diluted NI Available to Com Stockholders": "2,998,000", "Basic EPS": "-", "Diluted EPS": "-", "Basic Average Shares": "-", "Diluted Average Shares": "-", "Total Operating Income as Reported": "4,553,000", "Total Expenses": "37,195,000", "Net Income from Continuing & Discontinued Operation": "2,998,000", "Normalized Income": "3,030,912", "Interest Expense": "514,000", "Net Interest Income": "-514,000", "EBIT": "4,509,000", "EBITDA": "6,941,000", "Reconciled Cost of Revenue": "29,671,000", "Reconciled Depreciation": "2,432,000", "Net Income from Continuing Operation Net Minority Interest": "2,998,000", "Total Unusual Items Excluding Goodwill": "-44,000", "Total Unusual Items": "-44,000", "Normalized EBITDA": "6,985,000", "Tax Rate for Calcs": "0", "Tax Effect of Unusual Items": "-11,088"}, "12/31/2020": {"Duration": "12/31/2020", "Total Revenue": "41,748,000", "Cost of Revenue": "29,671,000", "Gross Profit": "12,077,000", "Operating Expense": "7,524,000", "Operating Income": "4,553,000", "Net Non Operating Interest Income Expense": "-514,000", "Other Income Expense": "-44,000", "Pretax Income": "3,995,000", "Tax Provision": "1,006,000", "Earnings from Equity Interest Net of Tax": "14,000", "Net Income Common Stockholders": "2,998,000", "Diluted NI Available to Com Stockholders": "2,998,000", "Basic EPS": "-", "Diluted EPS": "-", "Basic Average Shares": "-", "Diluted Average Shares": "-", "Total Operating Income as Reported": "4,553,000", "Total Expenses": "37,195,000", "Net Income from Continuing & Discontinued Operation": "2,998,000", "Normalized Income": "3,030,912", "Interest Expense": "514,000", "Net Interest Income": "-514,000", "EBIT": "4,509,000", "EBITDA": "-", "Reconciled Cost of Revenue": "29,671,000", "Reconciled Depreciation": "2,432,000", "Net Income from Continuing Operation Net Minority Interest": "2,998,000", "Total Unusual Items Excluding Goodwill": "-44,000", "Total Unusual Items": "-44,000", "Normalized EBITDA": "6,985,000", "Tax Rate for Calcs": "0", "Tax Effect of Unusual Items": "-11,088"}, "12/31/2019": {"Duration": "12/31/2019", "Total Revenue": "53,800,000", "Cost of Revenue": "37,384,000", "Gross Profit": "16,416,000", "Operating Expense": "8,126,000", "Operating Income": "8,290,000", "Net Non Operating Interest Income Expense": "-421,000", "Other Income Expense": "-57,000", "Pretax Income": "7,812,000", "Tax Provision": "1,746,000", "Earnings from Equity Interest Net of Tax": "28,000", "Net Income Common Stockholders": "6,093,000", "Diluted NI Available to Com Stockholders": "6,093,000", "Basic EPS": "10.85", "Diluted EPS": "10.74", "Basic Average Shares": "561,600", "Diluted Average Shares": "567,500", "Total Operating Income as Reported": "8,290,000", "Total Expenses": "45,510,000", "Net Income from Continuing & Discontinued Operation": "6,093,000", "Normalized Income": "5,937,800", "Interest Expense": "421,000", "Net Interest Income": "-421,000", "EBIT": "8,233,000", "EBITDA": "-", "Reconciled Cost of Revenue": "37,384,000", "Reconciled Depreciation": "2,577,000", "Net Income from Continuing Operation Net Minority Interest": "6,093,000", "Total Unusual Items Excluding Goodwill": "200,000", "Total Unusual Items": "200,000", "Normalized EBITDA": "10,610,000", "Tax Rate for Calcs": "0", "Tax Effect of Unusual Items": "44,800"}, "12/31/2018": {"Duration": "12/31/2018", "Total Revenue": "54,722,000", "Cost of Revenue": "37,719,000", "Gross Profit": "17,003,000", "Operating Expense": "8,710,000", "Operating Income": "8,293,000", "Net Non Operating Interest Income Expense": "-404,000", "Other Income Expense": "-67,000", "Pretax Income": "7,822,000", "Tax Provision": "1,698,000", "Earnings from Equity Interest Net of Tax": "24,000", "Net Income Common Stockholders": "6,147,000", "Diluted NI Available to Com Stockholders": "6,147,000", "Basic EPS": "10.39", "Diluted EPS": "10.26", "Basic Average Shares": "591,400", "Diluted Average Shares": "599,400", "Total Operating Income as Reported": "8,293,000", "Total Expenses": "46,429,000", "Net Income from Continuing & Discontinued Operation": "6,147,000", "Normalized Income": "6,173,565", "Interest Expense": "404,000", "Net Interest Income": "-404,000", "EBIT": "8,226,000", "EBITDA": "-", "Reconciled Cost of Revenue": "37,719,000", "Reconciled Depreciation": "2,766,000", "Net Income from Continuing Operation Net Minority Interest": "6,147,000", "Total Unusual Items Excluding Goodwill": "-35,000", "Total Unusual Items": "-35,000", "Normalized EBITDA": "11,027,000", "Tax Rate for Calcs": "0", "Tax Effect of Unusual Items": "-8,435"}}, "bs": {"12/31/2020": {"Duration": "12/31/2020", "Total Assets": "78,324,000", "Total Liabilities Net Minority Interest": "62,946,000", "Total Equity Gross Minority Interest": "15,378,000", "Total Capitalization": "41,227,000", "Common Stock Equity": "15,331,000", "Capital Lease Obligations": "103,000", "Net Tangible Assets": "7,629,000", "Working Capital": "13,747,000", "Invested Capital": "52,391,000", "Tangible Book Value": "7,629,000", "Total Debt": "37,163,000", "Net Debt": "37,060,000", "Share Issued": "814,895", "Ordinary Shares Number": "545,304", "Treasury Shares Number": "269,591"}, "12/31/2019": {"Duration": "12/31/2019", "Total Assets": "78,453,000", "Total Liabilities Net Minority Interest": "63,824,000", "Total Equity Gross Minority Interest": "14,629,000", "Total Capitalization": "40,741,000", "Common Stock Equity": "14,588,000", "Capital Lease Obligations": "128,000", "Net Tangible Assets": "6,827,000", "Working Capital": "12,572,000", "Invested Capital": "52,117,000", "Tangible Book Value": "6,827,000", "Total Debt": "37,657,000", "Net Debt": "37,529,000", "Share Issued": "814,895", "Ordinary Shares Number": "550,083", "Treasury Shares Number": "264,812"}, "12/31/2018": {"Duration": "12/31/2018", "Total Assets": "78,509,000", "Total Liabilities Net Minority Interest": "64,429,000", "Total Equity Gross Minority Interest": "14,080,000", "Total Capitalization": "38,583,000", "Common Stock Equity": "14,039,000", "Capital Lease Obligations": "456,000", "Net Tangible Assets": "5,925,000", "Working Capital": "10,385,000", "Invested Capital": "50,136,000", "Tangible Book Value": "5,925,000", "Total Debt": "36,553,000", "Net Debt": "36,097,000", "Share Issued": "814,895", "Ordinary Shares Number": "575,543", "Treasury Shares Number": "239,352"}}, "cf": {"TTM": {"Duration": "TTM", "Operating Cash Flow": "6,327,000", "Investing Cash Flow": "-1,485,000", "Financing Cash Flow": "-3,755,000", "End Cash Position": "9,366,000", "Capital Expenditure": "-2,115,000", "Issuance of Capital Stock": "229,000", "Issuance of Debt": "10,431,000", "Repayment of Debt": "-8,237,000", "Repurchase of Capital Stock": "-1,130,000", "Free Cash Flow": "4,212,000"}, "12/31/2020": {"Duration": "12/31/2020", "Operating Cash Flow": "6,327,000", "Investing Cash Flow": "-1,485,000", "Financing Cash Flow": "-3,755,000", "End Cash Position": "9,366,000", "Capital Expenditure": "-2,115,000", "Issuance of Capital Stock": "229,000", "Issuance of Debt": "10,431,000", "Repayment of Debt": "-8,237,000", "Repurchase of Capital Stock": "-1,130,000", "Free Cash Flow": "4,212,000"}, "12/31/2019": {"Duration": "12/31/2019", "Operating Cash Flow": "6,912,000", "Investing Cash Flow": "-1,928,000", "Financing Cash Flow": "-4,538,000", "End Cash Position": "8,292,000", "Capital Expenditure": "-2,669,000", "Issuance of Capital Stock": "238,000", "Issuance of Debt": "9,841,000", "Repayment of Debt": "-8,297,000", "Repurchase of Capital Stock": "-4,047,000", "Free Cash Flow": "4,243,000"}, "12/31/2018": {"Duration": "12/31/2018", "Operating Cash Flow": "6,558,000", "Investing Cash Flow": "-3,212,000", "Financing Cash Flow": "-3,650,000", "End Cash Position": "7,890,000", "Capital Expenditure": "-2,916,000", "Issuance of Capital Stock": "313,000", "Issuance of Debt": "8,907,000", "Repayment of Debt": "-7,829,000", "Repurchase of Capital Stock": "-3,798,000", "Free Cash Flow": "3,642,000"}}}}, {"DE": {"quote": {"05/12/2021": {"value": "383.20", "Market Cap": "120.11B", "Beta (5Y Monthly)": "1.05", "PE Ratio (TTM)": "35.06", "EPS (TTM)": "10.93", "Earnings Date": "May 21, 2021", "Forward Dividend & Yield": "3.60 (0.94%)", "Ex-Dividend Date": "Mar 30, 2021", "1y Target Est": "391.47"}}, "fin": {"TTM": {"Duration": "TTM", "Total Revenue": "36,740,000", "Cost of Revenue": "25,775,000", "Gross Profit": "10,965,000", "Operating Expense": "6,149,000", "Operating Income": "4,816,000", "Other Income Expense": "-", "Pretax Income": "4,842,000", "Tax Provision": "1,340,000", "Earnings from Equity Interest Net of Tax": "-43,000", "Net Income Common Stockholders": "3,458,000", "Diluted NI Available to Com Stockholders": "3,458,000", "Basic EPS": "-", "Diluted EPS": "-", "Basic Average Shares": "-", "Diluted Average Shares": "-", "Total Expenses": "31,924,000", "Net Income from Continuing & Discontinued Operation": "3,458,000", "Normalized Income": "3,458,000", "EBIT": "4,816,000", "EBITDA": "6,934,000", "Reconciled Cost of Revenue": "25,775,000", "Reconciled Depreciation": "2,118,000", "Net Income from Continuing Operation Net Minority Interest": "3,458,000", "Total Unusual Items Excluding Goodwill": "-", "Total Unusual Items": "-", "Normalized EBITDA": "6,934,000", "Tax Rate for Calcs": "0", "Tax Effect of Unusual Items": "0"}, "10/31/2020": {"Duration": "10/31/2020", "Total Revenue": "35,259,000", "Cost of Revenue": "25,112,000", "Gross Profit": "10,147,000", "Operating Expense": "6,290,000", "Operating Income": "3,857,000", "Other Income Expense": "26,000", "Pretax Income": "3,883,000", "Tax Provision": "1,082,000", "Earnings from Equity Interest Net of Tax": "-48,000", "Net Income Common Stockholders": "2,751,000", "Diluted NI Available to Com Stockholders": "2,751,000", "Basic EPS": "8.77", "Diluted EPS": "8.69", "Basic Average Shares": "313,500", "Diluted Average Shares": "316,600", "Total Expenses": "31,402,000", "Net Income from Continuing & Discontinued Operation": "2,751,000", "Normalized Income": "2,732,245", "EBIT": "3,857,000", "EBITDA": "-", "Reconciled Cost of Revenue": "24,077,000", "Reconciled Depreciation": "2,118,000", "Net Income from Continuing Operation Net Minority Interest": "2,751,000", "Total Unusual Items Excluding Goodwill": "26,000", "Total Unusual Items": "26,000", "Normalized EBITDA": "5,949,000", "Tax Rate for Calcs": "0", "Tax Effect of Unusual Items": "7,245"}, "10/31/2019": {"Duration": "10/31/2019", "Total Revenue": "38,941,000", "Cost of Revenue": "28,486,000", "Gross Profit": "10,455,000", "Operating Expense": "6,392,000", "Operating Income": "4,063,000", "Other Income Expense": "25,000", "Pretax Income": "4,088,000", "Tax Provision": "852,000", "Earnings from Equity Interest Net of Tax": "21,000", "Net Income Common Stockholders": "3,253,000", "Diluted NI Available to Com Stockholders": "3,253,000", "Basic EPS": "10.28", "Diluted EPS": "10.15", "Basic Average Shares": "316,500", "Diluted Average Shares": "320,600", "Total Expenses": "34,878,000", "Net Income from Continuing & Discontinued Operation": "3,253,000", "Normalized Income": "3,233,210", "EBIT": "4,063,000", "EBITDA": "-", "Reconciled Cost of Revenue": "27,448,000", "Reconciled Depreciation": "2,019,000", "Net Income from Continuing Operation Net Minority Interest": "3,253,000", "Total Unusual Items Excluding Goodwill": "25,000", "Total Unusual Items": "25,000", "Normalized EBITDA": "6,057,000", "Tax Rate for Calcs": "0", "Tax Effect of Unusual Items": "5,210"}, "10/31/2018": {"Duration": "10/31/2018", "Total Revenue": "37,021,300", "Cost of Revenue": "26,985,800", "Gross Profit": "10,035,500", "Operating Expense": "5,979,100", "Operating Income": "4,056,400", "Other Income Expense": "14,000", "Pretax Income": "4,070,700", "Tax Provision": "1,726,900", "Earnings from Equity Interest Net of Tax": "26,800", "Net Income Common Stockholders": "2,368,000", "Diluted NI Available to Com Stockholders": "2,368,000", "Basic EPS": "7.34", "Diluted EPS": "7.24", "Basic Average Shares": "322,600", "Diluted Average Shares": "327,300", "Total Expenses": "32,964,900", "Net Income from Continuing & Discontinued Operation": "2,368,400", "Normalized Income": "2,358,180", "EBIT": "4,056,400", "EBITDA": "-", "Reconciled Cost of Revenue": "25,986,700", "Reconciled Depreciation": "1,927,100", "Net Income from Continuing Operation Net Minority Interest": "2,368,400", "Total Unusual Items Excluding Goodwill": "14,000", "Total Unusual Items": "14,000", "Normalized EBITDA": "5,969,500", "Tax Rate for Calcs": "0", "Tax Effect of Unusual Items": "3,780"}}, "bs": {"10/31/2020": {"Duration": "10/31/2020", "Total Assets": "75,091,000", "Total Liabilities Net Minority Interest": "62,147,000", "Total Equity Gross Minority Interest": "12,944,000", "Total Capitalization": "45,536,000", "Common Stock Equity": "12,937,000", "Capital Lease Obligations": "453,000", "Net Tangible Assets": "8,529,000", "Working Capital": "27,954,000", "Invested Capital": "58,779,000", "Tangible Book Value": "8,529,000", "Total Debt": "46,295,000", "Net Debt": "38,776,000", "Share Issued": "536,431", "Ordinary Shares Number": "313,656", "Treasury Shares Number": "222,775"}, "10/31/2019": {"Duration": "10/31/2019", "Total Assets": "73,011,000", "Total Liabilities Net Minority Interest": "61,594,000", "Total Equity Gross Minority Interest": "11,417,000", "Total Capitalization": "41,642,000", "Common Stock Equity": "11,413,000", "Capital Lease Obligations": "-", "Net Tangible Assets": "7,116,000", "Working Capital": "24,460,000", "Invested Capital": "56,747,000", "Tangible Book Value": "7,116,000", "Total Debt": "45,334,000", "Net Debt": "41,477,000", "Share Issued": "536,431", "Ordinary Shares Number": "313,140", "Treasury Shares Number": "223,291"}, "10/31/2018": {"Duration": "10/31/2018", "Total Assets": "70,108,000", "Total Liabilities Net Minority Interest": "58,816,800", "Total Equity Gross Minority Interest": "11,291,200", "Total Capitalization": "38,524,800", "Common Stock Equity": "11,287,800", "Capital Lease Obligations": "-", "Net Tangible Assets": "6,625,100", "Working Capital": "21,492,500", "Invested Capital": "53,544,100", "Tangible Book Value": "6,625,100", "Total Debt": "42,256,300", "Net Debt": "38,352,300", "Share Issued": "536,431", "Ordinary Shares Number": "318,455", "Treasury Shares Number": "217,976"}}, "cf": {"TTM": {"Duration": "TTM", "Operating Cash Flow": "8,134,000", "Investing Cash Flow": "-3,766,000", "Financing Cash Flow": "-1,150,000", "End Cash Position": "6,928,000", "Capital Expenditure": "-2,316,000", "Issuance of Capital Stock": "349,000", "Issuance of Debt": "9,326,000", "Repayment of Debt": "-7,173,000", "Repurchase of Capital Stock": "-988,000", "Free Cash Flow": "5,818,000"}, "10/31/2020": {"Duration": "10/31/2020", "Operating Cash Flow": "7,483,000", "Investing Cash Flow": "-3,319,000", "Financing Cash Flow": "-980,000", "End Cash Position": "7,172,000", "Capital Expenditure": "-2,656,000", "Issuance of Capital Stock": "331,000", "Issuance of Debt": "9,271,000", "Repayment of Debt": "-7,383,000", "Repurchase of Capital Stock": "-750,000", "Free Cash Flow": "4,827,000"}, "10/31/2019": {"Duration": "10/31/2019", "Operating Cash Flow": "3,412,000", "Investing Cash Flow": "-3,924,000", "Financing Cash Flow": "509,000", "End Cash Position": "3,956,000", "Capital Expenditure": "-3,449,000", "Issuance of Capital Stock": "178,000", "Issuance of Debt": "9,986,000", "Repayment of Debt": "-6,426,000", "Repurchase of Capital Stock": "-1,253,000", "Free Cash Flow": "-37,000"}, "10/31/2018": {"Duration": "10/31/2018", "Operating Cash Flow": "1,820,300", "Investing Cash Flow": "-8,154,400", "Financing Cash Flow": "876,400", "End Cash Position": "3,904,000", "Capital Expenditure": "-2,950,100", "Issuance of Capital Stock": "216,900", "Issuance of Debt": "8,287,800", "Repayment of Debt": "-6,245,300", "Repurchase of Capital Stock": "-957,900", "Free Cash Flow": "-1,129,800"}}}}, {"TRTC": {"quote": {"03/26/2021": {"value": "0.3798", "Market Cap": "73.072M", "Beta (5Y Monthly)": "2.63", "PE Ratio (TTM)": "N/A", "EPS (TTM)": "-0.4150", "Earnings Date": "Mar 30, 2021", "Forward Dividend & Yield": "N/A (N/A)", "Ex-Dividend Date": "N/A", "1y Target Est": "N/A"}}, "fin": {"TTM": {"Duration": "TTM", "Total Revenue": "14,287", "Cost of Revenue": "10,687", "Gross Profit": "3,600", "Operating Expense": "24,602", "Operating Income": "-21,002", "Net Non Operating Interest Income Expense": "-2,932", "Other Income Expense": "10,134", "Pretax Income": "-13,800", "Tax Provision": "-", "Net Income Common Stockholders": "-30,117", "Diluted NI Available to Com Stockholders": "-30,117", "Basic EPS": "-", "Diluted EPS": "-", "Basic Average Shares": "-", "Diluted Average Shares": "-", "Total Operating Income as Reported": "-40,877", "Total Expenses": "35,289", "Net Income from Continuing & Discontinued Operation": "-30,117", "Normalized Income": "-22,216", "Interest Expense": "2,932", "Net Interest Income": "-2,932", "EBIT": "-10,868", "EBITDA": "-3,697", "Reconciled Cost of Revenue": "10,687", "Reconciled Depreciation": "7,171", "Net Income from Continuing Operation Net Minority Interest": "-13,046", "Total Unusual Items Excluding Goodwill": "9,170", "Total Unusual Items": "9,170", "Normalized EBITDA": "-12,867", "Tax Rate for Calcs": "0", "Tax Effect of Unusual Items": "0"}, "12/31/2020": {"Duration": "12/31/2020", "Total Revenue": "14,287", "Cost of Revenue": "10,687", "Gross Profit": "3,600", "Operating Expense": "24,602", "Operating Income": "-21,002", "Net Non Operating Interest Income Expense": "-2,932", "Other Income Expense": "10,134", "Pretax Income": "-13,800", "Tax Provision": "-", "Net Income Common Stockholders": "-30,117", "Diluted NI Available to Com Stockholders": "-30,117", "Basic EPS": "-", "Diluted EPS": "-", "Basic Average Shares": "-", "Diluted Average Shares": "-", "Total Operating Income as Reported": "-40,877", "Total Expenses": "35,289", "Net Income from Continuing & Discontinued Operation": "-30,117", "Normalized Income": "-22,216", "Interest Expense": "2,932", "Net Interest Income": "-2,932", "EBIT": "-10,868", "EBITDA": "-", "Reconciled Cost of Revenue": "10,687", "Reconciled Depreciation": "7,171", "Net Income from Continuing Operation Net Minority Interest": "-13,046", "Total Unusual Items Excluding Goodwill": "9,170", "Total Unusual Items": "9,170", "Normalized EBITDA": "-12,867", "Tax Rate for Calcs": "0", "Tax Effect of Unusual Items": "0"}, "12/31/2019": {"Duration": "12/31/2019", "Total Revenue": "28,050", "Cost of Revenue": "13,396", "Gross Profit": "14,654", "Operating Expense": "45,322", "Operating Income": "-30,668", "Net Non Operating Interest Income Expense": "-9,297", "Other Income Expense": "-8,476", "Pretax Income": "-48,441", "Tax Provision": "-", "Net Income Common Stockholders": "-46,932", "Diluted NI Available to Com Stockholders": "-46,932", "Basic EPS": "-0.44", "Diluted EPS": "-0.44", "Basic Average Shares": "106,038", "Diluted Average Shares": "106,038", "Total Operating Income as Reported": "-39,288", "Total Expenses": "58,718", "Net Income from Continuing & Discontinued Operation": "-46,932", "Normalized Income": "-39,967", "Interest Expense": "9,297", "Net Interest Income": "-9,297", "EBIT": "-39,144", "EBITDA": "-", "Reconciled Cost of Revenue": "13,396", "Reconciled Depreciation": "7,213", "Net Income from Continuing Operation Net Minority Interest": "-47,520", "Total Unusual Items Excluding Goodwill": "-7,553", "Total Unusual Items": "-7,553", "Normalized EBITDA": "-24,378", "Tax Rate for Calcs": "0", "Tax Effect of Unusual Items": "0"}, "12/31/2018": {"Duration": "12/31/2018", "Total Revenue": "31,334", "Cost of Revenue": "18,900", "Gross Profit": "12,434", "Operating Expense": "43,304", "Operating Income": "-30,871", "Net Non Operating Interest Income Expense": "-13,093", "Other Income Expense": "4,490", "Pretax Income": "-39,474", "Tax Provision": "0", "Net Income Common Stockholders": "-39,753", "Diluted NI Available to Com Stockholders": "-39,753", "Basic EPS": "-0.56", "Diluted EPS": "-0.56", "Basic Average Shares": "71,029", "Diluted Average Shares": "71,029", "Total Operating Income as Reported": "-30,871", "Total Expenses": "62,204", "Net Income from Continuing & Discontinued Operation": "-39,753", "Normalized Income": "-44,906", "Interest Expense": "13,093", "Net Interest Income": "-13,093", "EBIT": "-26,381", "EBITDA": "-", "Reconciled Cost of Revenue": "18,900", "Reconciled Depreciation": "4,981", "Net Income from Continuing Operation Net Minority Interest": "-39,753", "Total Unusual Items Excluding Goodwill": "5,152", "Total Unusual Items": "5,152", "Normalized EBITDA": "-26,552", "Tax Rate for Calcs": "0", "Tax Effect of Unusual Items": "0"}}, "bs": {"12/31/2020": {"Duration": "12/31/2020", "Total Assets": "100,294", "Total Liabilities Net Minority Interest": "41,164", "Total Equity Gross Minority Interest": "59,130", "Total Capitalization": "61,299", "Common Stock Equity": "54,667", "Capital Lease Obligations": "8,082", "Net Tangible Assets": "40,782", "Working Capital": "11,184", "Invested Capital": "69,332", "Tangible Book Value": "40,782", "Total Debt": "22,747", "Net Debt": "13,777", "Share Issued": "196,513", "Ordinary Shares Number": "194,204", "Treasury Shares Number": "2,308"}, "12/31/2019": {"Duration": "12/31/2019", "Total Assets": "119,249", "Total Liabilities Net Minority Interest": "43,923", "Total Equity Gross Minority Interest": "75,326", "Total Capitalization": "76,712", "Common Stock Equity": "70,142", "Capital Lease Obligations": "9,771", "Net Tangible Assets": "27,150", "Working Capital": "-18,214", "Invested Capital": "87,734", "Tangible Book Value": "27,150", "Total Debt": "27,363", "Net Debt": "16,366", "Share Issued": "120,313", "Ordinary Shares Number": "118,005", "Treasury Shares Number": "2,308"}, "12/31/2018": {"Duration": "12/31/2018", "Total Assets": "120,088", "Total Liabilities Net Minority Interest": "25,214", "Total Equity Gross Minority Interest": "94,874", "Total Capitalization": "112,183", "Common Stock Equity": "93,870", "Capital Lease Obligations": "-", "Net Tangible Assets": "40,199", "Working Capital": "12,061", "Invested Capital": "112,183", "Tangible Book Value": "40,199", "Total Debt": "18,313", "Net Debt": "11,119", "Share Issued": "81,759", "Ordinary Shares Number": "81,759", "Treasury Shares Number": "-"}}, "cf": {"TTM": {"Duration": "TTM", "Operating Cash Flow": "-14,840", "Investing Cash Flow": "11,803", "Financing Cash Flow": "2,698", "End Cash Position": "888", "Income Tax Paid Supplemental Data": "-", "Interest Paid Supplemental Data": "1,177", "Capital Expenditure": "-1,473", "Issuance of Capital Stock": "250", "Issuance of Debt": "2,954", "Repayment of Debt": "-506", "Free Cash Flow": "-16,313"}, "12/31/2020": {"Duration": "12/31/2020", "Operating Cash Flow": "-14,840", "Investing Cash Flow": "11,803", "Financing Cash Flow": "2,698", "End Cash Position": "888", "Income Tax Paid Supplemental Data": "-", "Interest Paid Supplemental Data": "1,177", "Capital Expenditure": "-1,473", "Issuance of Capital Stock": "250", "Issuance of Debt": "2,954", "Repayment of Debt": "-506", "Free Cash Flow": "-16,313"}, "12/31/2019": {"Duration": "12/31/2019", "Operating Cash Flow": "-14,740", "Investing Cash Flow": "629", "Financing Cash Flow": "8,143", "End Cash Position": "1,226", "Income Tax Paid Supplemental Data": "-", "Interest Paid Supplemental Data": "1,594", "Capital Expenditure": "-4,582", "Issuance of Capital Stock": "3,692", "Issuance of Debt": "13,000", "Repayment of Debt": "-2,150", "Free Cash Flow": "-19,322"}, "12/31/2018": {"Duration": "12/31/2018", "Operating Cash Flow": "-19,877", "Investing Cash Flow": "-16,531", "Financing Cash Flow": "38,156", "End Cash Position": "7,193", "Income Tax Paid Supplemental Data": "0", "Interest Paid Supplemental Data": "0", "Capital Expenditure": "-14,409", "Issuance of Capital Stock": "5,600", "Issuance of Debt": "33,650", "Repayment of Debt": "-", "Free Cash Flow": "-34,286"}}}}, {"MTW": {"quote": {"03/26/2021": {"value": "20.27", "Market Cap": "700.955M", "Beta (5Y Monthly)": "1.96", "PE Ratio (TTM)": "N/A", "EPS (TTM)": "-0.55", "Earnings Date": "May 05, 2021 - May 10, 2021", "Forward Dividend & Yield": "N/A (N/A)", "Ex-Dividend Date": "Nov 24, 2015", "1y Target Est": "19.44"}}, "fin": {"TTM": {"Duration": "TTM", "Total Revenue": "1,443,400", "Cost of Revenue": "1,188,700", "Gross Profit": "254,700", "Operating Expense": "209,100", "Operating Income": "45,600", "Net Non Operating Interest Income Expense": "-30,600", "Other Income Expense": "-17,000", "Pretax Income": "-2,000", "Tax Provision": "17,100", "Net Income Common Stockholders": "-19,100", "Diluted NI Available to Com Stockholders": "-19,100", "Basic EPS": "-", "Diluted EPS": "-", "Basic Average Shares": "-", "Diluted Average Shares": "-", "Total Operating Income as Reported": "38,600", "Total Expenses": "1,397,800", "Net Income from Continuing & Discontinued Operation": "-19,100", "Normalized Income": "-13,990", "Interest Expense": "29,100", "Net Interest Income": "-30,600", "EBIT": "27,100", "EBITDA": "64,600", "Reconciled Cost of Revenue": "1,151,500", "Reconciled Depreciation": "37,500", "Net Income from Continuing Operation Net Minority Interest": "-19,100", "Total Unusual Items Excluding Goodwill": "-7,000", "Total Unusual Items": "-7,000", "Normalized EBITDA": "71,600", "Tax Rate for Calcs": "0", "Tax Effect of Unusual Items": "-1,890"}, "12/31/2020": {"Duration": "12/31/2020", "Total Revenue": "1,443,400", "Cost of Revenue": "1,188,700", "Gross Profit": "254,700", "Operating Expense": "209,100", "Operating Income": "45,600", "Net Non Operating Interest Income Expense": "-30,600", "Other Income Expense": "-17,000", "Pretax Income": "-2,000", "Tax Provision": "17,100", "Net Income Common Stockholders": "-19,100", "Diluted NI Available to Com Stockholders": "-19,100", "Basic EPS": "-", "Diluted EPS": "-", "Basic Average Shares": "-", "Diluted Average Shares": "-", "Total Operating Income as Reported": "38,600", "Total Expenses": "1,397,800", "Net Income from Continuing & Discontinued Operation": "-19,100", "Normalized Income": "-13,990", "Interest Expense": "29,100", "Net Interest Income": "-30,600", "EBIT": "27,100", "EBITDA": "-", "Reconciled Cost of Revenue": "1,151,500", "Reconciled Depreciation": "37,500", "Net Income from Continuing Operation Net Minority Interest": "-19,100", "Total Unusual Items Excluding Goodwill": "-7,000", "Total Unusual Items": "-7,000", "Normalized EBITDA": "71,600", "Tax Rate for Calcs": "0", "Tax Effect of Unusual Items": "-1,890"}, "12/31/2019": {"Duration": "12/31/2019", "Total Revenue": "1,834,100", "Cost of Revenue": "1,490,000", "Gross Profit": "344,100", "Operating Expense": "225,900", "Operating Income": "118,200", "Net Non Operating Interest Income Expense": "-34,200", "Other Income Expense": "-25,000", "Pretax Income": "59,000", "Tax Provision": "12,400", "Net Income Common Stockholders": "46,600", "Diluted NI Available to Com Stockholders": "46,600", "Basic EPS": "1.31", "Diluted EPS": "1.31", "Basic Average Shares": "35,487", "Diluted Average Shares": "35,642", "Total Operating Income as Reported": "108,400", "Total Expenses": "1,715,900", "Net Income from Continuing & Discontinued Operation": "46,600", "Normalized Income": "74,092", "Interest Expense": "32,700", "Net Interest Income": "-34,200", "EBIT": "91,700", "EBITDA": "-", "Reconciled Cost of Revenue": "1,455,000", "Reconciled Depreciation": "35,300", "Net Income from Continuing Operation Net Minority Interest": "46,600", "Total Unusual Items Excluding Goodwill": "-34,800", "Total Unusual Items": "-34,800", "Normalized EBITDA": "161,800", "Tax Rate for Calcs": "0", "Tax Effect of Unusual Items": "-7,308"}, "12/31/2018": {"Duration": "12/31/2018", "Total Revenue": "1,846,800", "Cost of Revenue": "1,518,700", "Gross Profit": "328,100", "Operating Expense": "251,900", "Operating Income": "76,200", "Net Non Operating Interest Income Expense": "-40,900", "Other Income Expense": "-107,000", "Pretax Income": "-71,700", "Tax Provision": "-4,800", "Net Income Common Stockholders": "-67,100", "Diluted NI Available to Com Stockholders": "-67,100", "Basic EPS": "-1.89", "Diluted EPS": "-1.89", "Basic Average Shares": "35,513", "Diluted Average Shares": "35,513", "Total Operating Income as Reported": "-19,300", "Total Expenses": "1,770,600", "Net Income from Continuing & Discontinued Operation": "-67,100", "Normalized Income": "22,297", "Interest Expense": "39,100", "Net Interest Income": "-40,900", "EBIT": "-32,600", "EBITDA": "-", "Reconciled Cost of Revenue": "1,482,600", "Reconciled Depreciation": "36,400", "Net Income from Continuing Operation Net Minority Interest": "-66,900", "Total Unusual Items Excluding Goodwill": "-95,500", "Total Unusual Items": "-95,500", "Normalized EBITDA": "99,300", "Tax Rate for Calcs": "0", "Tax Effect of Unusual Items": "-6,303"}}, "bs": {"12/31/2020": {"Duration": "12/31/2020", "Total Assets": "1,603,500", "Total Liabilities Net Minority Interest": "960,000", "Total Equity Gross Minority Interest": "643,500", "Total Capitalization": "943,900", "Common Stock Equity": "643,500", "Capital Lease Obligations": "28,400", "Net Tangible Assets": "286,800", "Working Capital": "430,200", "Invested Capital": "954,400", "Tangible Book Value": "286,800", "Total Debt": "339,300", "Net Debt": "182,200", "Share Issued": "40,794", "Ordinary Shares Number": "34,581", "Treasury Shares Number": "6,213"}, "12/31/2019": {"Duration": "12/31/2019", "Total Assets": "1,617,700", "Total Liabilities Net Minority Interest": "971,800", "Total Equity Gross Minority Interest": "645,900", "Total Capitalization": "954,300", "Common Stock Equity": "645,900", "Capital Lease Obligations": "37,600", "Net Tangible Assets": "297,100", "Working Capital": "431,500", "Invested Capital": "958,100", "Tangible Book Value": "297,100", "Total Debt": "349,800", "Net Debt": "112,900", "Share Issued": "40,794", "Ordinary Shares Number": "35,375", "Treasury Shares Number": "5,419"}, "12/31/2018": {"Duration": "12/31/2018", "Total Assets": "1,541,900", "Total Liabilities Net Minority Interest": "940,600", "Total Equity Gross Minority Interest": "601,300", "Total Capitalization": "868,000", "Common Stock Equity": "601,300", "Capital Lease Obligations": "-", "Net Tangible Assets": "250,400", "Working Capital": "346,300", "Invested Capital": "874,400", "Tangible Book Value": "250,400", "Total Debt": "273,100", "Net Debt": "132,800", "Share Issued": "40,794", "Ordinary Shares Number": "35,589", "Treasury Shares Number": "5,205"}}, "cf": {"TTM": {"Duration": "TTM", "Operating Cash Flow": "-35,100", "Investing Cash Flow": "-25,800", "Financing Cash Flow": "-14,800", "End Cash Position": "128,700", "Income Tax Paid Supplemental Data": "13,600", "Interest Paid Supplemental Data": "28,800", "Capital Expenditure": "-26,300", "Issuance of Debt": "50,000", "Repayment of Debt": "-52,900", "Repurchase of Capital Stock": "-12,000", "Free Cash Flow": "-61,400"}, "12/31/2020": {"Duration": "12/31/2020", "Operating Cash Flow": "-35,100", "Investing Cash Flow": "-25,800", "Financing Cash Flow": "-14,800", "End Cash Position": "128,700", "Income Tax Paid Supplemental Data": "13,600", "Interest Paid Supplemental Data": "28,800", "Capital Expenditure": "-26,300", "Issuance of Debt": "50,000", "Repayment of Debt": "-52,900", "Repurchase of Capital Stock": "-12,000", "Free Cash Flow": "-61,400"}, "12/31/2019": {"Duration": "12/31/2019", "Operating Cash Flow": "-53,300", "Investing Cash Flow": "108,400", "Financing Cash Flow": "3,700", "End Cash Position": "199,300", "Income Tax Paid Supplemental Data": "10,500", "Interest Paid Supplemental Data": "36,000", "Capital Expenditure": "-35,100", "Issuance of Debt": "439,700", "Repayment of Debt": "-420,700", "Repurchase of Capital Stock": "-7,400", "Free Cash Flow": "-88,400"}, "12/31/2018": {"Duration": "12/31/2018", "Operating Cash Flow": "-513,000", "Investing Cash Flow": "534,400", "Financing Cash Flow": "-1,300", "End Cash Position": "140,300", "Income Tax Paid Supplemental Data": "2,600", "Interest Paid Supplemental Data": "36,800", "Capital Expenditure": "-31,700", "Issuance of Debt": "0", "Repayment of Debt": "-3,800", "Repurchase of Capital Stock": "-", "Free Cash Flow": "-544,700"}}}}, {"TEX": {"quote": {"03/26/2021": {"value": "46.41", "Market Cap": "3.221B", "Beta (5Y Monthly)": "1.74", "PE Ratio (TTM)": "N/A", "EPS (TTM)": "-0.15", "Earnings Date": "Apr 28, 2021 - May 03, 2021", "Forward Dividend & Yield": "0.48 (1.07%)", "Ex-Dividend Date": "Mar 04, 2021", "1y Target Est": "47.86"}}, "fin": {"TTM": {"Duration": "TTM", "Total Revenue": "3,076,400", "Cost of Revenue": "2,537,100", "Gross Profit": "539,300", "Operating Expense": "470,900", "Operating Income": "68,400", "Net Non Operating Interest Income Expense": "-62,300", "Other Income Expense": "4,900", "Pretax Income": "11,000", "Tax Provision": "2,000", "Net Income Common Stockholders": "-10,600", "Diluted NI Available to Com Stockholders": "-10,600", "Basic EPS": "-", "Diluted EPS": "-", "Basic Average Shares": "-", "Diluted Average Shares": "-", "Total Operating Income as Reported": "68,400", "Total Expenses": "3,008,000", "Net Income from Continuing & Discontinued Operation": "-10,600", "Normalized Income": "9,000", "Interest Income": "3,600", "Interest Expense": "65,900", "Net Interest Income": "-62,300", "EBIT": "76,900", "EBITDA": "126,600", "Reconciled Cost of Revenue": "2,537,100", "Reconciled Depreciation": "49,700", "Net Income from Continuing Operation Net Minority Interest": "9,000", "Total Unusual Items Excluding Goodwill": "0", "Total Unusual Items": "0", "Normalized EBITDA": "126,600", "Tax Rate for Calcs": "0", "Tax Effect of Unusual Items": "0"}, "12/31/2020": {"Duration": "12/31/2020", "Total Revenue": "3,076,400", "Cost of Revenue": "2,537,100", "Gross Profit": "539,300", "Operating Expense": "470,900", "Operating Income": "68,400", "Net Non Operating Interest Income Expense": "-62,300", "Other Income Expense": "4,900", "Pretax Income": "11,000", "Tax Provision": "2,000", "Net Income Common Stockholders": "-10,600", "Diluted NI Available to Com Stockholders": "-10,600", "Basic EPS": "-0.15", "Diluted EPS": "-0.15", "Basic Average Shares": "69,600", "Diluted Average Shares": "70,100", "Total Operating Income as Reported": "68,400", "Total Expenses": "3,008,000", "Net Income from Continuing & Discontinued Operation": "-10,600", "Normalized Income": "9,000", "Interest Income": "3,600", "Interest Expense": "65,900", "Net Interest Income": "-62,300", "EBIT": "76,900", "EBITDA": "-", "Reconciled Cost of Revenue": "2,537,100", "Reconciled Depreciation": "49,700", "Net Income from Continuing Operation Net Minority Interest": "9,000", "Total Unusual Items Excluding Goodwill": "0", "Total Unusual Items": "0", "Normalized EBITDA": "126,600", "Tax Rate for Calcs": "0", "Tax Effect of Unusual Items": "0"}, "12/31/2019": {"Duration": "12/31/2019", "Total Revenue": "4,353,100", "Cost of Revenue": "3,465,300", "Gross Profit": "887,800", "Operating Expense": "552,800", "Operating Income": "335,000", "Net Non Operating Interest Income Expense": "-81,400", "Other Income Expense": "-6,100", "Pretax Income": "247,500", "Tax Provision": "37,800", "Net Income Common Stockholders": "54,400", "Diluted NI Available to Com Stockholders": "54,400", "Basic EPS": "0.77", "Diluted EPS": "0.76", "Basic Average Shares": "71,100", "Diluted Average Shares": "71,800", "Total Operating Income as Reported": "335,000", "Total Expenses": "4,018,100", "Net Income from Continuing & Discontinued Operation": "54,400", "Normalized Income": "209,700", "Interest Income": "6,500", "Interest Expense": "87,900", "Net Interest Income": "-81,400", "EBIT": "335,400", "EBITDA": "-", "Reconciled Cost of Revenue": "3,465,300", "Reconciled Depreciation": "49,600", "Net Income from Continuing Operation Net Minority Interest": "209,700", "Total Unusual Items Excluding Goodwill": "0", "Total Unusual Items": "0", "Normalized EBITDA": "385,000", "Tax Rate for Calcs": "0", "Tax Effect of Unusual Items": "0"}, "12/31/2018": {"Duration": "12/31/2018", "Total Revenue": "5,125,000", "Cost of Revenue": "4,158,200", "Gross Profit": "966,800", "Operating Expense": "673,500", "Operating Income": "293,300", "Net Non Operating Interest Income Expense": "-64,200", "Other Income Expense": "-80,400", "Pretax Income": "148,700", "Tax Provision": "37,400", "Net Income Common Stockholders": "113,700", "Diluted NI Available to Com Stockholders": "113,700", "Basic EPS": "1.51", "Diluted EPS": "1.48", "Basic Average Shares": "75,400", "Diluted Average Shares": "76,900", "Total Operating Income as Reported": "293,300", "Total Expenses": "4,831,700", "Net Income from Continuing & Discontinued Operation": "113,700", "Normalized Income": "111,824", "Interest Income": "8,900", "Interest Expense": "73,100", "Net Interest Income": "-64,200", "EBIT": "221,800", "EBITDA": "-", "Reconciled Cost of Revenue": "4,158,200", "Reconciled Depreciation": "59,700", "Net Income from Continuing Operation Net Minority Interest": "111,300", "Total Unusual Items Excluding Goodwill": "-700", "Total Unusual Items": "-700", "Normalized EBITDA": "282,200", "Tax Rate for Calcs": "0", "Tax Effect of Unusual Items": "-176.4"}}, "bs": {"12/31/2020": {"Duration": "12/31/2020", "Total Assets": "3,031,800", "Total Liabilities Net Minority Interest": "2,110,300", "Total Equity Gross Minority Interest": "921,500", "Total Capitalization": "2,087,700", "Common Stock Equity": "921,500", "Net Tangible Assets": "637,800", "Working Capital": "1,155,300", "Invested Capital": "2,095,300", "Tangible Book Value": "637,800", "Total Debt": "1,173,800", "Net Debt": "508,800", "Share Issued": "82,900", "Ordinary Shares Number": "68,600", "Treasury Shares Number": "14,300"}, "12/31/2019": {"Duration": "12/31/2019", "Total Assets": "3,195,600", "Total Liabilities Net Minority Interest": "2,263,300", "Total Equity Gross Minority Interest": "932,300", "Total Capitalization": "2,101,100", "Common Stock Equity": "932,300", "Net Tangible Assets": "652,700", "Working Capital": "1,147,300", "Invested Capital": "2,108,000", "Tangible Book Value": "652,700", "Total Debt": "1,175,700", "Net Debt": "640,600", "Share Issued": "82,200", "Ordinary Shares Number": "70,400", "Treasury Shares Number": "11,800"}, "12/31/2018": {"Duration": "12/31/2018", "Total Assets": "3,485,900", "Total Liabilities Net Minority Interest": "2,624,900", "Total Equity Gross Minority Interest": "861,000", "Total Capitalization": "2,075,200", "Common Stock Equity": "860,500", "Net Tangible Assets": "582,100", "Working Capital": "1,208,300", "Invested Capital": "2,079,900", "Tangible Book Value": "582,100", "Total Debt": "1,219,400", "Net Debt": "851,400", "Share Issued": "81,300", "Ordinary Shares Number": "69,600", "Treasury Shares Number": "11,700"}}, "cf": {"TTM": {"Duration": "TTM", "Operating Cash Flow": "225,400", "Investing Cash Flow": "-38,500", "Financing Cash Flow": "-82,800", "End Cash Position": "670,100", "Capital Expenditure": "-64,500", "Issuance of Debt": "170,000", "Repayment of Debt": "-176,000", "Repurchase of Capital Stock": "-56,000", "Free Cash Flow": "160,900"}, "12/31/2020": {"Duration": "12/31/2020", "Operating Cash Flow": "225,400", "Investing Cash Flow": "-38,500", "Financing Cash Flow": "-82,800", "End Cash Position": "670,100", "Capital Expenditure": "-64,500", "Issuance of Debt": "170,000", "Repayment of Debt": "-176,000", "Repurchase of Capital Stock": "-56,000", "Free Cash Flow": "160,900"}, "12/31/2019": {"Duration": "12/31/2019", "Operating Cash Flow": "173,400", "Investing Cash Flow": "103,800", "Financing Cash Flow": "-103,700", "End Cash Position": "540,100", "Capital Expenditure": "-108,900", "Issuance of Debt": "1,616,600", "Repayment of Debt": "-1,660,500", "Repurchase of Capital Stock": "-7,400", "Free Cash Flow": "64,500"}, "12/31/2018": {"Duration": "12/31/2018", "Operating Cash Flow": "94,200", "Investing Cash Flow": "-85,900", "Financing Cash Flow": "-244,900", "End Cash Position": "372,100", "Capital Expenditure": "-103,800", "Issuance of Debt": "1,382,300", "Repayment of Debt": "-1,150,600", "Repurchase of Capital Stock": "-427,500", "Free Cash Flow": "-9,600"}}}}, {"LNN": {"quote": {"03/26/2021": {"value": "166.36", "Market Cap": "1.808B", "Beta (5Y Monthly)": "0.31", "PE Ratio (TTM)": "48.37", "EPS (TTM)": "3.44", "Earnings Date": "Apr 06, 2021", "Forward Dividend & Yield": "1.28 (0.78%)", "Ex-Dividend Date": "Feb 11, 2021", "1y Target Est": "166.00"}}, "fin": {"TTM": {"Duration": "TTM", "Total Revenue": "503,573", "Cost of Revenue": "345,928", "Gross Profit": "157,645", "Operating Expense": "101,018", "Operating Income": "56,627", "Net Non Operating Interest Income Expense": "-3,265", "Other Income Expense": "-1,198", "Pretax Income": "52,164", "Tax Provision": "8,425", "Net Income Common Stockholders": "43,739", "Diluted NI Available to Com Stockholders": "43,739", "Basic EPS": "-", "Diluted EPS": "-", "Basic Average Shares": "-", "Diluted Average Shares": "-", "Total Operating Income as Reported": "56,627", "Total Expenses": "446,946", "Net Income from Continuing & Discontinued Operation": "43,739", "Normalized Income": "43,739", "Interest Income": "1,523", "Interest Expense": "4,788", "Net Interest Income": "-3,265", "EBIT": "56,952", "EBITDA": "76,808", "Reconciled Cost of Revenue": "345,928", "Reconciled Depreciation": "19,856", "Net Income from Continuing Operation Net Minority Interest": "43,739", "Normalized EBITDA": "76,808", "Tax Rate for Calcs": "0", "Tax Effect of Unusual Items": "0"}, "8/31/2020": {"Duration": "8/31/2020", "Total Revenue": "474,692", "Cost of Revenue": "322,149", "Gross Profit": "152,543", "Operating Expense": "98,341", "Operating Income": "54,202", "Net Non Operating Interest Income Expense": "-2,803", "Other Income Expense": "-2,556", "Pretax Income": "48,843", "Tax Provision": "10,214", "Net Income Common Stockholders": "38,629", "Diluted NI Available to Com Stockholders": "38,629", "Basic EPS": "3.57", "Diluted EPS": "3.56", "Basic Average Shares": "10,823", "Diluted Average Shares": "10,861", "Total Operating Income as Reported": "54,202", "Total Expenses": "420,490", "Net Income from Continuing & Discontinued Operation": "38,629", "Normalized Income": "38,629", "Interest Income": "1,956", "Interest Expense": "4,759", "Net Interest Income": "-2,803", "EBIT": "53,602", "EBITDA": "-", "Reconciled Cost of Revenue": "322,149", "Reconciled Depreciation": "19,396", "Net Income from Continuing Operation Net Minority Interest": "38,629", "Normalized EBITDA": "72,998", "Tax Rate for Calcs": "0", "Tax Effect of Unusual Items": "0"}, "8/31/2019": {"Duration": "8/31/2019", "Total Revenue": "444,072", "Cost of Revenue": "329,464", "Gross Profit": "114,608", "Operating Expense": "108,493", "Operating Income": "6,115", "Net Non Operating Interest Income Expense": "-2,365", "Other Income Expense": "-1,643", "Pretax Income": "2,107", "Tax Provision": "-65", "Net Income Common Stockholders": "2,172", "Diluted NI Available to Com Stockholders": "2,172", "Basic EPS": "0.20", "Diluted EPS": "0.20", "Basic Average Shares": "10,781", "Diluted Average Shares": "10,810", "Total Operating Income as Reported": "6,115", "Total Expenses": "437,957", "Net Income from Continuing & Discontinued Operation": "2,172", "Normalized Income": "2,172", "Interest Income": "2,402", "Interest Expense": "4,767", "Net Interest Income": "-2,365", "EBIT": "6,874", "EBITDA": "-", "Reconciled Cost of Revenue": "329,464", "Reconciled Depreciation": "14,018", "Net Income from Continuing Operation Net Minority Interest": "2,172", "Normalized EBITDA": "20,892", "Tax Rate for Calcs": "0", "Tax Effect of Unusual Items": "0"}, "8/31/2018": {"Duration": "8/31/2018", "Total Revenue": "547,705", "Cost of Revenue": "396,243", "Gross Profit": "151,462", "Operating Expense": "112,899", "Operating Income": "38,563", "Net Non Operating Interest Income Expense": "-3,047", "Other Income Expense": "-1,663", "Pretax Income": "33,853", "Tax Provision": "13,576", "Net Income Common Stockholders": "20,277", "Diluted NI Available to Com Stockholders": "20,277", "Basic EPS": "1.89", "Diluted EPS": "1.88", "Basic Average Shares": "10,741", "Diluted Average Shares": "10,772", "Total Operating Income as Reported": "38,563", "Total Expenses": "509,142", "Net Income from Continuing & Discontinued Operation": "20,277", "Normalized Income": "20,277", "Interest Income": "1,640", "Interest Expense": "4,687", "Net Interest Income": "-3,047", "EBIT": "38,540", "EBITDA": "-", "Reconciled Cost of Revenue": "396,243", "Reconciled Depreciation": "16,514", "Net Income from Continuing Operation Net Minority Interest": "20,277", "Normalized EBITDA": "55,054", "Tax Rate for Calcs": "0", "Tax Effect of Unusual Items": "0"}}, "bs": {"8/31/2020": {"Duration": "8/31/2020", "Total Assets": "570,526", "Total Liabilities Net Minority Interest": "272,008", "Total Equity Gross Minority Interest": "298,518", "Total Capitalization": "414,200", "Common Stock Equity": "298,518", "Capital Lease Obligations": "30,985", "Net Tangible Assets": "207,037", "Working Capital": "245,540", "Invested Capital": "414,395", "Tangible Book Value": "207,037", "Total Debt": "146,862", "Share Issued": "18,918", "Ordinary Shares Number": "10,835", "Treasury Shares Number": "8,083"}, "8/31/2019": {"Duration": "8/31/2019", "Total Assets": "500,314", "Total Liabilities Net Minority Interest": "232,105", "Total Equity Gross Minority Interest": "268,209", "Total Capitalization": "384,055", "Common Stock Equity": "268,209", "Capital Lease Obligations": "-", "Net Tangible Assets": "179,440", "Working Capital": "231,359", "Invested Capital": "384,264", "Tangible Book Value": "179,440", "Total Debt": "116,055", "Share Issued": "18,870", "Ordinary Shares Number": "10,787", "Treasury Shares Number": "8,083"}, "8/31/2018": {"Duration": "8/31/2018", "Total Assets": "500,256", "Total Liabilities Net Minority Interest": "223,390", "Total Equity Gross Minority Interest": "276,866", "Total Capitalization": "393,436", "Common Stock Equity": "276,866", "Capital Lease Obligations": "-", "Net Tangible Assets": "184,818", "Working Capital": "250,957", "Invested Capital": "393,641", "Tangible Book Value": "184,818", "Total Debt": "116,775", "Share Issued": "18,841", "Ordinary Shares Number": "10,758", "Treasury Shares Number": "8,083"}}, "cf": {"TTM": {"Duration": "TTM", "Operating Cash Flow": "59,347", "Investing Cash Flow": "-37,184", "Financing Cash Flow": "-11,567", "End Cash Position": "111,868", "Income Tax Paid Supplemental Data": "7,417", "Interest Paid Supplemental Data": "4,686", "Capital Expenditure": "-32,666", "Repayment of Debt": "-211", "Repurchase of Capital Stock": "-1,269", "Free Cash Flow": "26,681"}, "8/31/2020": {"Duration": "8/31/2020", "Operating Cash Flow": "46,034", "Investing Cash Flow": "-38,514", "Financing Cash Flow": "-13,438", "End Cash Position": "121,403", "Income Tax Paid Supplemental Data": "7,314", "Interest Paid Supplemental Data": "4,673", "Capital Expenditure": "-21,445", "Repayment of Debt": "-227", "Repurchase of Capital Stock": "-1,111", "Free Cash Flow": "24,589"}, "8/31/2019": {"Duration": "8/31/2019", "Operating Cash Flow": "3,797", "Investing Cash Flow": "-21,219", "Financing Cash Flow": "-14,642", "End Cash Position": "127,204", "Income Tax Paid Supplemental Data": "7,887", "Interest Paid Supplemental Data": "4,671", "Capital Expenditure": "-23,211", "Repayment of Debt": "-205", "Repurchase of Capital Stock": "-1,124", "Free Cash Flow": "-19,414"}, "8/31/2018": {"Duration": "8/31/2018", "Operating Cash Flow": "33,934", "Investing Cash Flow": "18,105", "Financing Cash Flow": "-11,252", "End Cash Position": "160,787", "Income Tax Paid Supplemental Data": "11,184", "Interest Paid Supplemental Data": "4,626", "Capital Expenditure": "-11,054", "Repayment of Debt": "-201", "Repurchase of Capital Stock": "-833", "Free Cash Flow": "22,880"}}}}, {"CMCO": {"quote": {"03/26/2021": {"value": "52.16", "Market Cap": "1.25B", "Beta (5Y Monthly)": "1.39", "PE Ratio (TTM)": "143.30", "EPS (TTM)": "0.36", "Earnings Date": "Jan 28, 2021", "Forward Dividend & Yield": "0.24 (0.47%)", "Ex-Dividend Date": "Apr 30, 2021", "1y Target Est": "61.71"}}, "fin": {"TTM": {"Duration": "TTM", "Total Revenue": "652,893", "Cost of Revenue": "430,547", "Gross Profit": "222,346", "Operating Expense": "177,626", "Operating Income": "44,720", "Net Non Operating Interest Income Expense": "-12,392", "Other Income Expense": "-19,008", "Pretax Income": "13,320", "Tax Provision": "4,555", "Net Income Common Stockholders": "8,765", "Diluted NI Available to Com Stockholders": "8,765", "Basic EPS": "-", "Diluted EPS": "-", "Basic Average Shares": "-", "Diluted Average Shares": "-", "Total Operating Income as Reported": "44,720", "Total Expenses": "608,173", "Net Income from Continuing & Discontinued Operation": "8,765", "Normalized Income": "7,914", "Interest Expense": "12,392", "Net Interest Income": "-12,392", "EBIT": "25,712", "EBITDA": "54,050", "Reconciled Cost of Revenue": "414,892", "Reconciled Depreciation": "28,338", "Net Income from Continuing Operation Net Minority Interest": "8,765", "Total Unusual Items Excluding Goodwill": "1,294", "Total Unusual Items": "1,294", "Normalized EBITDA": "52,756", "Tax Rate for Calcs": "0", "Tax Effect of Unusual Items": "442.5053"}, "3/31/2020": {"Duration": "3/31/2020", "Total Revenue": "809,162", "Cost of Revenue": "525,976", "Gross Profit": "283,186", "Operating Expense": "193,186", "Operating Income": "90,000", "Net Non Operating Interest Income Expense": "-14,234", "Other Income Expense": "1,390", "Pretax Income": "77,156", "Tax Provision": "17,484", "Net Income Common Stockholders": "59,672", "Diluted NI Available to Com Stockholders": "59,672", "Basic EPS": "2.53", "Diluted EPS": "2.50", "Basic Average Shares": "23,619", "Diluted Average Shares": "23,855", "Total Operating Income as Reported": "89,824", "Total Expenses": "719,162", "Net Income from Continuing & Discontinued Operation": "59,672", "Normalized Income": "57,949", "Interest Expense": "14,234", "Net Interest Income": "-14,234", "EBIT": "91,390", "EBITDA": "-", "Reconciled Cost of Revenue": "509,792", "Reconciled Depreciation": "29,126", "Net Income from Continuing Operation Net Minority Interest": "59,672", "Total Unusual Items Excluding Goodwill": "2,229", "Total Unusual Items": "2,229", "Normalized EBITDA": "118,287", "Tax Rate for Calcs": "0", "Tax Effect of Unusual Items": "505.983"}, "3/31/2019": {"Duration": "3/31/2019", "Total Revenue": "876,282", "Cost of Revenue": "571,285", "Gross Profit": "304,997", "Operating Expense": "209,883", "Operating Income": "95,114", "Net Non Operating Interest Income Expense": "-17,144", "Other Income Expense": "-25,072", "Pretax Income": "52,898", "Tax Provision": "10,321", "Net Income Common Stockholders": "42,577", "Diluted NI Available to Com Stockholders": "42,577", "Basic EPS": "1.83", "Diluted EPS": "1.80", "Basic Average Shares": "23,276", "Diluted Average Shares": "23,660", "Total Operating Income as Reported": "69,442", "Total Expenses": "781,168", "Net Income from Continuing & Discontinued Operation": "42,577", "Normalized Income": "63,336", "Interest Expense": "17,144", "Net Interest Income": "-17,144", "EBIT": "70,042", "EBITDA": "-", "Reconciled Cost of Revenue": "553,510", "Reconciled Depreciation": "32,675", "Net Income from Continuing Operation Net Minority Interest": "42,577", "Total Unusual Items Excluding Goodwill": "-25,788", "Total Unusual Items": "-25,788", "Normalized EBITDA": "128,505", "Tax Rate for Calcs": "0", "Tax Effect of Unusual Items": "-5,029"}}, "bs": {"3/31/2020": {"Duration": "3/31/2020", "Total Assets": "1,093,272", "Total Liabilities Net Minority Interest": "629,687", "Total Equity Gross Minority Interest": "463,585", "Total Capitalization": "710,441", "Common Stock Equity": "463,585", "Capital Lease Obligations": "38,553", "Net Tangible Assets": "-74,056", "Working Capital": "227,422", "Invested Capital": "714,891", "Tangible Book Value": "-74,056", "Total Debt": "289,859", "Net Debt": "136,856", "Share Issued": "23,772", "Ordinary Shares Number": "23,772"}, "3/31/2019": {"Duration": "3/31/2019", "Total Assets": "1,061,571", "Total Liabilities Net Minority Interest": "630,412", "Total Equity Gross Minority Interest": "431,159", "Total Capitalization": "666,479", "Common Stock Equity": "431,159", "Capital Lease Obligations": "0", "Net Tangible Assets": "-124,597", "Working Capital": "151,310", "Invested Capital": "731,479", "Tangible Book Value": "-124,597", "Total Debt": "300,320", "Net Debt": "229,227", "Share Issued": "23,391", "Ordinary Shares Number": "23,391"}}, "cf": {"TTM": {"Duration": "TTM", "Operating Cash Flow": "108,491", "Investing Cash Flow": "-2,139", "Financing Cash Flow": "-8,800", "End Cash Position": "181,816", "Income Tax Paid Supplemental Data": "11,945", "Interest Paid Supplemental Data": "10,222", "Capital Expenditure": "-8,575", "Issuance of Capital Stock": "3,371", "Issuance of Debt": "-", "Repayment of Debt": "-29,451", "Free Cash Flow": "99,916"}, "3/31/2020": {"Duration": "3/31/2020", "Operating Cash Flow": "106,795", "Investing Cash Flow": "-9,962", "Financing Cash Flow": "-51,551", "End Cash Position": "114,700", "Income Tax Paid Supplemental Data": "11,601", "Interest Paid Supplemental Data": "11,555", "Capital Expenditure": "-9,432", "Issuance of Capital Stock": "6,000", "Issuance of Debt": "-", "Repayment of Debt": "-51,113", "Free Cash Flow": "97,363"}, "3/31/2019": {"Duration": "3/31/2019", "Operating Cash Flow": "79,499", "Investing Cash Flow": "2,486", "Financing Cash Flow": "-67,778", "End Cash Position": "71,343", "Income Tax Paid Supplemental Data": "4,840", "Interest Paid Supplemental Data": "14,411", "Capital Expenditure": "-12,288", "Issuance of Capital Stock": "4,152", "Issuance of Debt": "0", "Repayment of Debt": "-65,088", "Free Cash Flow": "67,211"}}}}, {"CNHI": {"quote": {"05/12/2021": {"value": "16.47", "Market Cap": "22.304B", "Beta (5Y Monthly)": "1.73", "PE Ratio (TTM)": "N/A", "EPS (TTM)": "-0.01", "Earnings Date": "N/A", "Forward Dividend & Yield": "0.13 (0.80%)", "Ex-Dividend Date": "Apr 19, 2021", "1y Target Est": "18.41"}}, "fin": {"TTM": {"Duration": "TTM", "Total Revenue": "26,032,000", "Cost of Revenue": "21,327,000", "Gross Profit": "4,705,000", "Operating Expense": "3,087,000", "Operating Income": "1,618,000", "Net Non Operating Interest Income Expense": "-678,000", "Other Income Expense": "-1,445,000", "Pretax Income": "-505,000", "Tax Provision": "-50,000", "Earnings from Equity Interest Net of Tax": "17,000", "Net Income Common Stockholders": "-493,000", "Diluted NI Available to Com Stockholders": "-493,000", "Basic EPS": "-", "Diluted EPS": "-", "Basic Average Shares": "-", "Diluted Average Shares": "-", "Total Expenses": "24,414,000", "Net Income from Continuing & Discontinued Operation": "-493,000", "Normalized Income": "78,234", "Interest Expense": "678,000", "Net Interest Income": "-678,000", "EBIT": "173,000", "EBITDA": "1,345,000", "Reconciled Cost of Revenue": "21,327,000", "Reconciled Depreciation": "1,172,000", "Net Income from Continuing Operation Net Minority Interest": "-493,000", "Total Unusual Items Excluding Goodwill": "-634,000", "Total Unusual Items": "-634,000", "Normalized EBITDA": "1,979,000", "Tax Rate for Calcs": "0", "Tax Effect of Unusual Items": "-62,766"}, "12/31/2020": {"Duration": "12/31/2020", "Total Revenue": "26,032,000", "Cost of Revenue": "21,327,000", "Gross Profit": "4,705,000", "Operating Expense": "3,087,000", "Operating Income": "1,618,000", "Net Non Operating Interest Income Expense": "-678,000", "Other Income Expense": "-1,445,000", "Pretax Income": "-505,000", "Tax Provision": "-50,000", "Earnings from Equity Interest Net of Tax": "17,000", "Net Income Common Stockholders": "-493,000", "Diluted NI Available to Com Stockholders": "-493,000", "Basic EPS": "-", "Diluted EPS": "-", "Basic Average Shares": "-", "Diluted Average Shares": "-", "Total Expenses": "24,414,000", "Net Income from Continuing & Discontinued Operation": "-493,000", "Normalized Income": "78,234", "Interest Expense": "678,000", "Net Interest Income": "-678,000", "EBIT": "173,000", "EBITDA": "-", "Reconciled Cost of Revenue": "21,327,000", "Reconciled Depreciation": "1,172,000", "Net Income from Continuing Operation Net Minority Interest": "-493,000", "Total Unusual Items Excluding Goodwill": "-634,000", "Total Unusual Items": "-634,000", "Normalized EBITDA": "1,979,000", "Tax Rate for Calcs": "0", "Tax Effect of Unusual Items": "-62,766"}, "12/31/2019": {"Duration": "12/31/2019", "Total Revenue": "28,079,000", "Cost of Revenue": "21,832,000", "Gross Profit": "6,247,000", "Operating Expense": "3,246,000", "Operating Income": "3,001,000", "Net Non Operating Interest Income Expense": "-798,000", "Other Income Expense": "-1,033,000", "Pretax Income": "1,170,000", "Tax Provision": "-271,000", "Earnings from Equity Interest Net of Tax": "13,000", "Net Income Common Stockholders": "1,422,000", "Diluted NI Available to Com Stockholders": "1,422,000", "Basic EPS": "1.05", "Diluted EPS": "1.05", "Basic Average Shares": "1,354,286", "Diluted Average Shares": "1,354,286", "Total Expenses": "25,078,000", "Net Income from Continuing & Discontinued Operation": "1,422,000", "Normalized Income": "1,510,290", "Interest Expense": "798,000", "Net Interest Income": "-798,000", "EBIT": "1,968,000", "EBITDA": "-", "Reconciled Cost of Revenue": "21,832,000", "Reconciled Depreciation": "1,215,000", "Net Income from Continuing Operation Net Minority Interest": "1,422,000", "Total Unusual Items Excluding Goodwill": "-109,000", "Total Unusual Items": "-109,000", "Normalized EBITDA": "3,292,000", "Tax Rate for Calcs": "0", "Tax Effect of Unusual Items": "-20,710"}, "12/31/2018": {"Duration": "12/31/2018", "Total Revenue": "29,706,000", "Cost of Revenue": "22,958,000", "Gross Profit": "6,748,000", "Operating Expense": "3,412,000", "Operating Income": "3,336,000", "Net Non Operating Interest Income Expense": "-812,000", "Other Income Expense": "-1,058,000", "Pretax Income": "1,466,000", "Tax Provision": "417,000", "Earnings from Equity Interest Net of Tax": "50,000", "Net Income Common Stockholders": "1,068,000", "Diluted NI Available to Com Stockholders": "1,068,000", "Basic EPS": "0.79", "Diluted EPS": "0.78", "Basic Average Shares": "1,351,899", "Diluted Average Shares": "1,361,000", "Total Expenses": "26,370,000", "Net Income from Continuing & Discontinued Operation": "1,068,000", "Normalized Income": "1,111,676", "Interest Expense": "812,000", "Net Interest Income": "-812,000", "EBIT": "2,278,000", "EBITDA": "-", "Reconciled Cost of Revenue": "22,958,000", "Reconciled Depreciation": "1,337,000", "Net Income from Continuing Operation Net Minority Interest": "1,068,000", "Total Unusual Items Excluding Goodwill": "-61,000", "Total Unusual Items": "-61,000", "Normalized EBITDA": "3,676,000", "Tax Rate for Calcs": "0", "Tax Effect of Unusual Items": "-17,324"}}, "bs": {"12/31/2020": {"Duration": "12/31/2020", "Total Assets": "48,719,000", "Total Liabilities Net Minority Interest": "43,730,000", "Total Equity Gross Minority Interest": "4,989,000", "Total Capitalization": "30,960,000", "Common Stock Equity": "4,907,000", "Capital Lease Obligations": "453,000", "Net Tangible Assets": "2,211,000", "Working Capital": "26,931,000", "Invested Capital": "30,960,000", "Tangible Book Value": "2,211,000", "Total Debt": "26,506,000", "Net Debt": "17,268,000", "Share Issued": "1,364,400", "Ordinary Shares Number": "1,353,910", "Treasury Shares Number": "10,490"}, "12/31/2019": {"Duration": "12/31/2019", "Total Assets": "47,352,000", "Total Liabilities Net Minority Interest": "41,231,000", "Total Equity Gross Minority Interest": "6,121,000", "Total Capitalization": "30,935,000", "Common Stock Equity": "6,081,000", "Capital Lease Obligations": "449,000", "Net Tangible Assets": "2,737,000", "Working Capital": "25,732,000", "Invested Capital": "30,935,000", "Tangible Book Value": "2,737,000", "Total Debt": "25,303,000", "Net Debt": "19,979,000", "Share Issued": "1,364,400", "Ordinary Shares Number": "1,350,132", "Treasury Shares Number": "14,268"}, "12/31/2018": {"Duration": "12/31/2018", "Total Assets": "46,100,000", "Total Liabilities Net Minority Interest": "41,032,000", "Total Equity Gross Minority Interest": "5,068,000", "Total Capitalization": "29,488,000", "Common Stock Equity": "5,043,000", "Capital Lease Obligations": "-", "Net Tangible Assets": "1,802,000", "Working Capital": "24,912,000", "Invested Capital": "29,488,000", "Tangible Book Value": "1,802,000", "Total Debt": "24,445,000", "Net Debt": "19,414,000", "Share Issued": "1,364,400", "Ordinary Shares Number": "1,353,832", "Treasury Shares Number": "10,568"}}, "cf": {"TTM": {"Duration": "TTM", "Operating Cash Flow": "5,529,000", "Investing Cash Flow": "-2,750,000", "Financing Cash Flow": "659,000", "End Cash Position": "9,629,000", "Capital Expenditure": "-1,850,000", "Issuance of Debt": "12,007,000", "Repayment of Debt": "-10,512,000", "Free Cash Flow": "3,679,000"}, "12/31/2020": {"Duration": "12/31/2020", "Operating Cash Flow": "5,529,000", "Investing Cash Flow": "-2,750,000", "Financing Cash Flow": "659,000", "End Cash Position": "9,629,000", "Capital Expenditure": "-1,850,000", "Issuance of Debt": "12,007,000", "Repayment of Debt": "-10,512,000", "Free Cash Flow": "3,679,000"}, "12/31/2019": {"Duration": "12/31/2019", "Operating Cash Flow": "1,826,000", "Investing Cash Flow": "-1,987,000", "Financing Cash Flow": "206,000", "End Cash Position": "5,773,000", "Capital Expenditure": "-1,962,000", "Issuance of Debt": "13,197,000", "Repayment of Debt": "-12,925,000", "Free Cash Flow": "-136,000"}, "12/31/2018": {"Duration": "12/31/2018", "Operating Cash Flow": "2,554,000", "Investing Cash Flow": "-1,920,000", "Financing Cash Flow": "-723,000", "End Cash Position": "5,803,000", "Capital Expenditure": "-1,902,000", "Issuance of Debt": "16,211,000", "Repayment of Debt": "-16,921,000", "Free Cash Flow": "652,000"}}}}, {"GENC": {"quote": {"05/12/2021": {"value": "11.35", "Market Cap": "165.78M", "Beta (5Y Monthly)": "0.66", "PE Ratio (TTM)": "36.03", "EPS (TTM)": "0.31", "Earnings Date": "Feb 12, 2021", "Forward Dividend & Yield": "N/A (N/A)", "Ex-Dividend Date": "Dec 29, 1998", "1y Target Est": "N/A"}}, "fin": {"TTM": {"Duration": "TTM", "Total Revenue": "78,354", "Cost of Revenue": "60,740", "Gross Profit": "17,614", "Operating Expense": "14,308", "Operating Income": "3,306", "Net Non Operating Interest Income Expense": "2,493", "Other Income Expense": "-290", "Pretax Income": "5,509", "Tax Provision": "916", "Net Income Common Stockholders": "4,593", "Diluted NI Available to Com Stockholders": "4,593", "Basic EPS": "-", "Diluted EPS": "-", "Basic Average Shares": "-", "Diluted Average Shares": "-", "Total Operating Income as Reported": "3,306", "Total Expenses": "75,048", "Net Income from Continuing & Discontinued Operation": "4,593", "Normalized Income": "4,830", "Interest Income": "2,493", "Net Interest Income": "2,493", "EBIT": "3,306", "EBITDA": "5,117", "Reconciled Cost of Revenue": "60,740", "Reconciled Depreciation": "1,811", "Net Income from Continuing Operation Net Minority Interest": "4,593", "Total Unusual Items Excluding Goodwill": "-284", "Total Unusual Items": "-284", "Normalized EBITDA": "5,401", "Tax Rate for Calcs": "0", "Tax Effect of Unusual Items": "-47.2216"}, "9/30/2020": {"Duration": "9/30/2020", "Total Revenue": "77,420", "Cost of Revenue": "58,467", "Gross Profit": "18,953", "Operating Expense": "13,417", "Operating Income": "5,536", "Net Non Operating Interest Income Expense": "2,321", "Other Income Expense": "-1,176", "Pretax Income": "6,681", "Tax Provision": "1,150", "Net Income Common Stockholders": "5,531", "Diluted NI Available to Com Stockholders": "5,531", "Basic EPS": "0.38", "Diluted EPS": "0.38", "Basic Average Shares": "14,555", "Diluted Average Shares": "14,555", "Total Operating Income as Reported": "5,536", "Total Expenses": "71,884", "Net Income from Continuing & Discontinued Operation": "5,531", "Normalized Income": "6,491", "Interest Income": "2,321", "Net Interest Income": "2,321", "EBIT": "5,536", "EBITDA": "-", "Reconciled Cost of Revenue": "58,467", "Reconciled Depreciation": "1,643", "Net Income from Continuing Operation Net Minority Interest": "5,531", "Total Unusual Items Excluding Goodwill": "-1,160", "Total Unusual Items": "-1,160", "Normalized EBITDA": "8,339", "Tax Rate for Calcs": "0", "Tax Effect of Unusual Items": "-199.52"}, "9/30/2019": {"Duration": "9/30/2019", "Total Revenue": "81,329", "Cost of Revenue": "58,917", "Gross Profit": "22,412", "Operating Expense": "12,942", "Operating Income": "9,470", "Net Non Operating Interest Income Expense": "2,307", "Other Income Expense": "1,047", "Pretax Income": "12,824", "Tax Provision": "2,628", "Net Income Common Stockholders": "10,196", "Diluted NI Available to Com Stockholders": "10,196", "Basic EPS": "0.70", "Diluted EPS": "0.69", "Basic Average Shares": "14,551", "Diluted Average Shares": "14,708", "Total Operating Income as Reported": "9,470", "Total Expenses": "71,859", "Net Income from Continuing & Discontinued Operation": "10,196", "Normalized Income": "9,364", "Interest Income": "2,307", "Net Interest Income": "2,307", "EBIT": "9,470", "EBITDA": "-", "Reconciled Cost of Revenue": "58,917", "Reconciled Depreciation": "1,600", "Net Income from Continuing Operation Net Minority Interest": "10,196", "Total Unusual Items Excluding Goodwill": "1,047", "Total Unusual Items": "1,047", "Normalized EBITDA": "10,023", "Tax Rate for Calcs": "0", "Tax Effect of Unusual Items": "214.635"}, "9/30/2018": {"Duration": "9/30/2018", "Total Revenue": "98,614", "Cost of Revenue": "71,993", "Gross Profit": "26,621", "Operating Expense": "12,906", "Operating Income": "13,715", "Net Non Operating Interest Income Expense": "1,535", "Other Income Expense": "-361", "Pretax Income": "14,889", "Tax Provision": "2,325", "Net Income Common Stockholders": "12,564", "Diluted NI Available to Com Stockholders": "12,564", "Basic EPS": "0.87", "Diluted EPS": "0.85", "Basic Average Shares": "14,492", "Diluted Average Shares": "14,723", "Total Operating Income as Reported": "13,715", "Total Expenses": "84,899", "Net Income from Continuing & Discontinued Operation": "12,564", "Normalized Income": "12,870", "Interest Income": "1,535", "Net Interest Income": "1,535", "EBIT": "13,715", "EBITDA": "-", "Reconciled Cost of Revenue": "71,993", "Reconciled Depreciation": "1,380", "Net Income from Continuing Operation Net Minority Interest": "12,564", "Total Unusual Items Excluding Goodwill": "-363", "Total Unusual Items": "-363", "Normalized EBITDA": "15,458", "Tax Rate for Calcs": "0", "Tax Effect of Unusual Items": "-56.628"}}, "bs": {"9/30/2020": {"Duration": "9/30/2020", "Total Assets": "171,094", "Total Liabilities Net Minority Interest": "9,874", "Total Equity Gross Minority Interest": "161,220", "Total Capitalization": "161,220", "Common Stock Equity": "161,220", "Capital Lease Obligations": "942", "Net Tangible Assets": "161,220", "Working Capital": "153,244", "Invested Capital": "161,220", "Tangible Book Value": "161,220", "Total Debt": "942", "Share Issued": "14,606", "Ordinary Shares Number": "14,606"}, "9/30/2019": {"Duration": "9/30/2019", "Total Assets": "165,372", "Total Liabilities Net Minority Interest": "9,857", "Total Equity Gross Minority Interest": "155,515", "Total Capitalization": "155,515", "Common Stock Equity": "155,515", "Capital Lease Obligations": "-", "Net Tangible Assets": "155,515", "Working Capital": "150,445", "Invested Capital": "155,515", "Tangible Book Value": "155,515", "Total Debt": "-", "Share Issued": "14,586", "Ordinary Shares Number": "14,586"}, "9/30/2018": {"Duration": "9/30/2018", "Total Assets": "153,023", "Total Liabilities Net Minority Interest": "10,844", "Total Equity Gross Minority Interest": "142,179", "Total Capitalization": "142,179", "Common Stock Equity": "142,179", "Capital Lease Obligations": "-", "Net Tangible Assets": "142,179", "Working Capital": "136,595", "Invested Capital": "142,179", "Tangible Book Value": "142,179", "Total Debt": "-", "Share Issued": "14,541", "Ordinary Shares Number": "14,541"}}, "cf": {"TTM": {"Duration": "TTM", "Operating Cash Flow": "26,432", "Investing Cash Flow": "-16,921", "Financing Cash Flow": "103", "End Cash Position": "23,957", "Capital Expenditure": "-2,521", "Free Cash Flow": "23,911"}, "9/30/2020": {"Duration": "9/30/2020", "Operating Cash Flow": "26,774", "Investing Cash Flow": "-1,595", "Financing Cash Flow": "103", "End Cash Position": "35,584", "Capital Expenditure": "-1,595", "Free Cash Flow": "25,179"}, "9/30/2019": {"Duration": "9/30/2019", "Operating Cash Flow": "4,163", "Investing Cash Flow": "-2,104", "Financing Cash Flow": "231", "End Cash Position": "10,302", "Capital Expenditure": "-2,104", "Free Cash Flow": "2,059"}, "9/30/2018": {"Duration": "9/30/2018", "Operating Cash Flow": "-11,997", "Investing Cash Flow": "-3,550", "Financing Cash Flow": "626", "End Cash Position": "8,012", "Capital Expenditure": "-3,550", "Free Cash Flow": "-15,547"}}}}, {"HUWX": {"quote": {"05/12/2021": {"value": "", "Net Assets": "N/A", "Beta (5Y Monthly)": "N/A", "Yield": "N/A", "5y Average Return": "N/A", "Holdings Turnover": "N/A", "Last Dividend": "N/A", "Average for Category": "N/A", "Inception Date": "N/A"}}, "fin": {}, "bs": {}, "cf": {}}}, {"INQD": {"quote": {"05/12/2021": {"value": "0.0104", "Market Cap": "19.549M", "Beta (5Y Monthly)": "5.31", "PE Ratio (TTM)": "N/A", "EPS (TTM)": "-0.0500", "Earnings Date": "Jun 29, 2020 - Jun 30, 2020", "Forward Dividend & Yield": "N/A (N/A)", "Ex-Dividend Date": "N/A", "1y Target Est": "N/A"}}, "fin": {"TTM": {"Duration": "TTM", "Total Revenue": "0", "Cost of Revenue": "-", "Gross Profit": "-", "Operating Expense": "632.72", "Operating Income": "-632.72", "Net Non Operating Interest Income Expense": "-293.475", "Other Income Expense": "-2,171", "Pretax Income": "-3,097", "Tax Provision": "0", "Net Income Common Stockholders": "-3,097", "Diluted NI Available to Com Stockholders": "-3,097", "Basic EPS": "-", "Diluted EPS": "-", "Basic Average Shares": "-", "Diluted Average Shares": "-", "Total Operating Income as Reported": "-632.72", "Total Expenses": "632.72", "Net Income from Continuing & Discontinued Operation": "-3,097", "Normalized Income": "-926.195", "Interest Expense": "293.475", "Net Interest Income": "-293.475", "EBIT": "-2,803", "EBITDA": "-2,792", "Reconciled Cost of Revenue": "-", "Reconciled Depreciation": "11.147", "Net Income from Continuing Operation Net Minority Interest": "-3,097", "Total Unusual Items Excluding Goodwill": "-2,171", "Total Unusual Items": "-2,171", "Normalized EBITDA": "-621.573", "Tax Rate for Calcs": "0", "Tax Effect of Unusual Items": "0"}, "12/31/2019": {"Duration": "12/31/2019", "Total Revenue": "0", "Cost of Revenue": "-", "Gross Profit": "-", "Operating Expense": "632.72", "Operating Income": "-632.72", "Net Non Operating Interest Income Expense": "-293.475", "Other Income Expense": "-2,171", "Pretax Income": "-3,097", "Tax Provision": "0", "Net Income Common Stockholders": "-3,097", "Diluted NI Available to Com Stockholders": "-3,097", "Basic EPS": "-", "Diluted EPS": "-", "Basic Average Shares": "-", "Diluted Average Shares": "-", "Total Operating Income as Reported": "-632.72", "Total Expenses": "632.72", "Net Income from Continuing & Discontinued Operation": "-3,097", "Normalized Income": "-926.195", "Interest Expense": "293.475", "Net Interest Income": "-293.475", "EBIT": "-2,803", "EBITDA": "-", "Reconciled Cost of Revenue": "-", "Reconciled Depreciation": "11.147", "Net Income from Continuing Operation Net Minority Interest": "-3,097", "Total Unusual Items Excluding Goodwill": "-2,171", "Total Unusual Items": "-2,171", "Normalized EBITDA": "-621.573", "Tax Rate for Calcs": "0", "Tax Effect of Unusual Items": "0"}, "12/31/2018": {"Duration": "12/31/2018", "Total Revenue": "0", "Cost of Revenue": "-", "Gross Profit": "-", "Operating Expense": "1,092", "Operating Income": "-1,092", "Net Non Operating Interest Income Expense": "-246.034", "Other Income Expense": "-1,973", "Pretax Income": "-3,312", "Tax Provision": "0", "Net Income Common Stockholders": "-3,312", "Diluted NI Available to Com Stockholders": "-3,312", "Basic EPS": "-0.12", "Diluted EPS": "-0.12", "Basic Average Shares": "27,870", "Diluted Average Shares": "27,870", "Total Operating Income as Reported": "-1,092", "Total Expenses": "1,092", "Net Income from Continuing & Discontinued Operation": "-3,312", "Normalized Income": "-1,338", "Interest Expense": "246.034", "Net Interest Income": "-246.034", "EBIT": "-3,066", "EBITDA": "-", "Reconciled Cost of Revenue": "-", "Reconciled Depreciation": "12.063", "Net Income from Continuing Operation Net Minority Interest": "-3,312", "Total Unusual Items Excluding Goodwill": "-1,973", "Total Unusual Items": "-1,973", "Normalized EBITDA": "-1,080", "Tax Rate for Calcs": "0", "Tax Effect of Unusual Items": "0"}}, "bs": {"12/31/2019": {"Duration": "12/31/2019", "Total Assets": "24.989", "Total Liabilities Net Minority Interest": "4,331", "Total Equity Gross Minority Interest": "-4,306", "Total Capitalization": "-4,306", "Preferred Stock Equity": "7.5", "Common Stock Equity": "-4,314", "Net Tangible Assets": "-4,309", "Working Capital": "-4,313", "Invested Capital": "-3,412", "Tangible Book Value": "-4,316", "Total Debt": "901.522", "Net Debt": "889.169", "Share Issued": "201,037", "Ordinary Shares Number": "201,037"}, "12/31/2018": {"Duration": "12/31/2018", "Total Assets": "205.104", "Total Liabilities Net Minority Interest": "2,583", "Total Equity Gross Minority Interest": "-2,378", "Total Capitalization": "-2,374", "Preferred Stock Equity": "7.5", "Common Stock Equity": "-2,386", "Net Tangible Assets": "-2,383", "Working Capital": "-2,392", "Invested Capital": "-1,422", "Tangible Book Value": "-2,390", "Total Debt": "963.591", "Net Debt": "807.909", "Share Issued": "34,888", "Ordinary Shares Number": "34,888"}}, "cf": {"TTM": {"Duration": "TTM", "Operating Cash Flow": "-441.602", "Investing Cash Flow": "-", "Financing Cash Flow": "298.273", "End Cash Position": "12.353", "Income Tax Paid Supplemental Data": "0", "Interest Paid Supplemental Data": "0.779", "Capital Expenditure": "-", "Issuance of Capital Stock": "-", "Issuance of Debt": "307.304", "Repayment of Debt": "-9.131", "Free Cash Flow": "-441.602"}, "12/31/2019": {"Duration": "12/31/2019", "Operating Cash Flow": "-441.602", "Investing Cash Flow": "-", "Financing Cash Flow": "298.273", "End Cash Position": "12.353", "Income Tax Paid Supplemental Data": "0", "Interest Paid Supplemental Data": "0.779", "Capital Expenditure": "-", "Issuance of Capital Stock": "-", "Issuance of Debt": "307.304", "Repayment of Debt": "-9.131", "Free Cash Flow": "-441.602"}, "12/31/2018": {"Duration": "12/31/2018", "Operating Cash Flow": "-680.753", "Investing Cash Flow": "0", "Financing Cash Flow": "800.982", "End Cash Position": "155.682", "Income Tax Paid Supplemental Data": "0", "Interest Paid Supplemental Data": "1.742", "Capital Expenditure": "-", "Issuance of Capital Stock": "0", "Issuance of Debt": "808.5", "Repayment of Debt": "-7.518", "Free Cash Flow": "-680.753"}}}}, {"TWI": {"quote": {"05/12/2021": {"value": "10.48", "Market Cap": "645.9M", "Beta (5Y Monthly)": "2.51", "PE Ratio (TTM)": "N/A", "EPS (TTM)": "-0.35", "Earnings Date": "Aug 04, 2021 - Aug 09, 2021", "Forward Dividend & Yield": "N/A (N/A)", "Ex-Dividend Date": "Mar 30, 2020", "1y Target Est": "12.00"}}, "fin": {"TTM": {"Duration": "TTM", "Total Revenue": "1,259,313", "Cost of Revenue": "1,144,994", "Gross Profit": "114,319", "Operating Expense": "149,670", "Operating Income": "-35,351", "Net Non Operating Interest Income Expense": "-30,554", "Other Income Expense": "7,774", "Pretax Income": "-58,131", "Tax Provision": "6,946", "Net Income Common Stockholders": "-60,388", "Diluted NI Available to Com Stockholders": "-60,388", "Basic EPS": "-", "Diluted EPS": "-", "Basic Average Shares": "-", "Diluted Average Shares": "-", "Total Operating Income as Reported": "-35,351", "Total Expenses": "1,294,664", "Net Income from Continuing & Discontinued Operation": "-60,388", "Normalized Income": "-62,496", "Interest Income": "709", "Interest Expense": "30,554", "Net Interest Income": "-30,554", "EBIT": "-27,577", "EBITDA": "27,078", "Reconciled Cost of Revenue": "1,144,994", "Reconciled Depreciation": "54,655", "Net Income from Continuing Operation Net Minority Interest": "-60,388", "Total Unusual Items Excluding Goodwill": "2,887", "Total Unusual Items": "2,887", "Normalized EBITDA": "24,191", "Tax Rate for Calcs": "0", "Tax Effect of Unusual Items": "779.49"}, "12/31/2020": {"Duration": "12/31/2020", "Total Revenue": "1,259,313", "Cost of Revenue": "1,144,994", "Gross Profit": "114,319", "Operating Expense": "149,670", "Operating Income": "-35,351", "Net Non Operating Interest Income Expense": "-30,554", "Other Income Expense": "7,774", "Pretax Income": "-58,131", "Tax Provision": "6,946", "Net Income Common Stockholders": "-60,388", "Diluted NI Available to Com Stockholders": "-60,388", "Basic EPS": "-", "Diluted EPS": "-", "Basic Average Shares": "-", "Diluted Average Shares": "-", "Total Operating Income as Reported": "-35,351", "Total Expenses": "1,294,664", "Net Income from Continuing & Discontinued Operation": "-60,388", "Normalized Income": "-62,496", "Interest Income": "-", "Interest Expense": "30,554", "Net Interest Income": "-30,554", "EBIT": "-27,577", "EBITDA": "-", "Reconciled Cost of Revenue": "1,144,994", "Reconciled Depreciation": "54,655", "Net Income from Continuing Operation Net Minority Interest": "-60,388", "Total Unusual Items Excluding Goodwill": "2,887", "Total Unusual Items": "2,887", "Normalized EBITDA": "24,191", "Tax Rate for Calcs": "0", "Tax Effect of Unusual Items": "779.49"}, "12/31/2019": {"Duration": "12/31/2019", "Total Revenue": "1,448,666", "Cost of Revenue": "1,319,662", "Gross Profit": "129,004", "Operating Expense": "157,436", "Operating Income": "-28,432", "Net Non Operating Interest Income Expense": "-32,004", "Other Income Expense": "12,392", "Pretax Income": "-48,044", "Tax Provision": "3,475", "Net Income Common Stockholders": "-50,353", "Diluted NI Available to Com Stockholders": "-50,353", "Basic EPS": "-0.84", "Diluted EPS": "-0.84", "Basic Average Shares": "60,100", "Diluted Average Shares": "60,100", "Total Operating Income as Reported": "-28,432", "Total Expenses": "1,477,098", "Net Income from Continuing & Discontinued Operation": "-48,425", "Normalized Income": "-56,519", "Interest Income": "1,133", "Interest Expense": "33,137", "Net Interest Income": "-32,004", "EBIT": "-14,907", "EBITDA": "-", "Reconciled Cost of Revenue": "1,319,662", "Reconciled Depreciation": "54,376", "Net Income from Continuing Operation Net Minority Interest": "-48,425", "Total Unusual Items Excluding Goodwill": "11,088", "Total Unusual Items": "11,088", "Normalized EBITDA": "28,381", "Tax Rate for Calcs": "0", "Tax Effect of Unusual Items": "2,994"}, "12/31/2018": {"Duration": "12/31/2018", "Total Revenue": "1,602,408", "Cost of Revenue": "1,404,142", "Gross Profit": "198,266", "Operating Expense": "156,022", "Operating Income": "42,244", "Net Non Operating Interest Income Expense": "-28,349", "Other Income Expense": "5,912", "Pretax Income": "19,807", "Tax Provision": "6,762", "Net Income Common Stockholders": "3,880", "Diluted NI Available to Com Stockholders": "3,880", "Basic EPS": "0.06", "Diluted EPS": "0.06", "Basic Average Shares": "59,820", "Diluted Average Shares": "59,909", "Total Operating Income as Reported": "42,244", "Total Expenses": "1,560,164", "Net Income from Continuing & Discontinued Operation": "16,087", "Normalized Income": "20,370", "Interest Income": "2,107", "Interest Expense": "30,456", "Net Interest Income": "-28,349", "EBIT": "50,263", "EBITDA": "-", "Reconciled Cost of Revenue": "1,404,142", "Reconciled Depreciation": "57,618", "Net Income from Continuing Operation Net Minority Interest": "16,087", "Total Unusual Items Excluding Goodwill": "-6,499", "Total Unusual Items": "-6,499", "Normalized EBITDA": "114,380", "Tax Rate for Calcs": "0", "Tax Effect of Unusual Items": "-2,216"}}, "bs": {"12/31/2020": {"Duration": "12/31/2020", "Total Assets": "1,031,884", "Total Liabilities Net Minority Interest": "855,619", "Total Equity Gross Minority Interest": "176,265", "Total Capitalization": "612,848", "Common Stock Equity": "179,264", "Capital Lease Obligations": "24,670", "Net Tangible Assets": "166,497", "Working Capital": "328,888", "Invested Capital": "643,967", "Tangible Book Value": "166,497", "Total Debt": "489,373", "Net Debt": "347,272", "Share Issued": "61,467", "Ordinary Shares Number": "61,377", "Treasury Shares Number": "89.612"}, "12/31/2019": {"Duration": "12/31/2019", "Total Assets": "1,114,307", "Total Liabilities Net Minority Interest": "875,319", "Total Equity Gross Minority Interest": "238,988", "Total Capitalization": "678,200", "Common Stock Equity": "234,851", "Capital Lease Obligations": "24,089", "Net Tangible Assets": "214,276", "Working Capital": "317,109", "Invested Capital": "739,453", "Tangible Book Value": "214,276", "Total Debt": "528,691", "Net Debt": "437,803", "Share Issued": "60,711", "Ordinary Shares Number": "60,283", "Treasury Shares Number": "427.771"}, "12/31/2018": {"Duration": "12/31/2018", "Total Assets": "1,251,256", "Total Liabilities Net Minority Interest": "981,159", "Total Equity Gross Minority Interest": "270,097", "Total Capitalization": "686,286", "Common Stock Equity": "279,048", "Capital Lease Obligations": "3,145", "Net Tangible Assets": "259,690", "Working Capital": "404,413", "Invested Capital": "737,360", "Tangible Book Value": "259,690", "Total Debt": "461,457", "Net Debt": "376,627", "Share Issued": "60,715", "Ordinary Shares Number": "59,917", "Treasury Shares Number": "798.383"}}, "cf": {"TTM": {"Duration": "TTM", "Operating Cash Flow": "57,229", "Investing Cash Flow": "33,221", "Financing Cash Flow": "-38,565", "End Cash Position": "117,431", "Income Tax Paid Supplemental Data": "12,355", "Interest Paid Supplemental Data": "29,233", "Capital Expenditure": "-21,680", "Issuance of Debt": "91,639", "Repayment of Debt": "-126,393", "Free Cash Flow": "35,549"}, "12/31/2020": {"Duration": "12/31/2020", "Operating Cash Flow": "57,229", "Investing Cash Flow": "33,221", "Financing Cash Flow": "-38,565", "End Cash Position": "117,431", "Income Tax Paid Supplemental Data": "12,355", "Interest Paid Supplemental Data": "29,233", "Capital Expenditure": "-21,680", "Issuance of Debt": "91,639", "Repayment of Debt": "-126,393", "Free Cash Flow": "35,549"}, "12/31/2019": {"Duration": "12/31/2019", "Operating Cash Flow": "45,442", "Investing Cash Flow": "-92,591", "Financing Cash Flow": "32,122", "End Cash Position": "66,799", "Income Tax Paid Supplemental Data": "10,416", "Interest Paid Supplemental Data": "32,498", "Capital Expenditure": "-36,414", "Issuance of Debt": "134,227", "Repayment of Debt": "-100,901", "Free Cash Flow": "9,028"}, "12/31/2018": {"Duration": "12/31/2018", "Operating Cash Flow": "-36,176", "Investing Cash Flow": "-36,931", "Financing Cash Flow": "17,536", "End Cash Position": "81,685", "Income Tax Paid Supplemental Data": "12,435", "Interest Paid Supplemental Data": "30,800", "Capital Expenditure": "-39,000", "Issuance of Debt": "57,294", "Repayment of Debt": "-38,557", "Free Cash Flow": "-75,176"}}}}, {"NHLE": {"quote": {"05/12/2021": {"value": "0.0400", "Market Cap": "237,000", "Beta (5Y Monthly)": "3.23", "PE Ratio (TTM)": "N/A", "EPS (TTM)": "-0.0020", "Earnings Date": "N/A", "Forward Dividend & Yield": "N/A (N/A)", "Ex-Dividend Date": "N/A", "1y Target Est": "N/A"}}, "fin": {}, "bs": {}, "cf": {}}}, {"CBNT": {"quote": {"05/12/2021": {"value": "0.0285", "Market Cap": "6.756M", "Beta (5Y Monthly)": "0.74", "PE Ratio (TTM)": "N/A", "EPS (TTM)": "-0.0350", "Earnings Date": "Apr 19, 2021", "Forward Dividend & Yield": "N/A (N/A)", "Ex-Dividend Date": "N/A", "1y Target Est": "N/A"}}, "fin": {"TTM": {"Duration": "TTM", "Total Revenue": "658.432", "Cost of Revenue": "242.506", "Gross Profit": "415.926", "Operating Expense": "4,893", "Operating Income": "-4,477", "Net Non Operating Interest Income Expense": "-751.184", "Other Income Expense": "793.774", "Pretax Income": "-4,434", "Tax Provision": "-", "Net Income Common Stockholders": "-5,969", "Diluted NI Available to Com Stockholders": "-5,969", "Basic EPS": "-", "Diluted EPS": "-", "Basic Average Shares": "-", "Diluted Average Shares": "-", "Total Operating Income as Reported": "-4,477", "Total Expenses": "5,135", "Net Income from Continuing & Discontinued Operation": "-4,434", "Normalized Income": "-5,222", "Interest Income": "-", "Interest Expense": "751.184", "Net Interest Income": "-751.184", "EBIT": "-3,683", "EBITDA": "-3,669", "Reconciled Cost of Revenue": "242.506", "Reconciled Depreciation": "14.093", "Net Income from Continuing Operation Net Minority Interest": "-4,434", "Total Unusual Items Excluding Goodwill": "787.2", "Total Unusual Items": "787.2", "Normalized EBITDA": "-4,456", "Tax Rate for Calcs": "0", "Tax Effect of Unusual Items": "0"}, "12/31/2020": {"Duration": "12/31/2020", "Total Revenue": "658.432", "Cost of Revenue": "242.506", "Gross Profit": "415.926", "Operating Expense": "4,893", "Operating Income": "-4,477", "Net Non Operating Interest Income Expense": "-751.184", "Other Income Expense": "793.774", "Pretax Income": "-4,434", "Tax Provision": "-", "Net Income Common Stockholders": "-5,969", "Diluted NI Available to Com Stockholders": "-5,969", "Basic EPS": "-", "Diluted EPS": "-", "Basic Average Shares": "-", "Diluted Average Shares": "-", "Total Operating Income as Reported": "-4,477", "Total Expenses": "5,135", "Net Income from Continuing & Discontinued Operation": "-4,434", "Normalized Income": "-5,222", "Interest Income": "-", "Interest Expense": "751.184", "Net Interest Income": "-751.184", "EBIT": "-3,683", "EBITDA": "-", "Reconciled Cost of Revenue": "242.506", "Reconciled Depreciation": "14.093", "Net Income from Continuing Operation Net Minority Interest": "-4,434", "Total Unusual Items Excluding Goodwill": "787.2", "Total Unusual Items": "787.2", "Normalized EBITDA": "-4,456", "Tax Rate for Calcs": "0", "Tax Effect of Unusual Items": "0"}, "12/31/2019": {"Duration": "12/31/2019", "Total Revenue": "602.636", "Cost of Revenue": "121.967", "Gross Profit": "480.669", "Operating Expense": "6,839", "Operating Income": "-6,359", "Net Non Operating Interest Income Expense": "-343.078", "Other Income Expense": "-539.05", "Pretax Income": "-7,241", "Tax Provision": "-", "Net Income Common Stockholders": "-7,241", "Diluted NI Available to Com Stockholders": "-7,241", "Basic EPS": "-0.08", "Diluted EPS": "-0.08", "Basic Average Shares": "94,236", "Diluted Average Shares": "94,236", "Total Operating Income as Reported": "-6,359", "Total Expenses": "6,961", "Net Income from Continuing & Discontinued Operation": "-7,241", "Normalized Income": "-6,702", "Interest Income": "-", "Interest Expense": "343.078", "Net Interest Income": "-343.078", "EBIT": "-6,898", "EBITDA": "-", "Reconciled Cost of Revenue": "121.967", "Reconciled Depreciation": "24.629", "Net Income from Continuing Operation Net Minority Interest": "-7,241", "Total Unusual Items Excluding Goodwill": "-539.05", "Total Unusual Items": "-539.05", "Normalized EBITDA": "-6,334", "Tax Rate for Calcs": "0", "Tax Effect of Unusual Items": "0"}, "12/31/2018": {"Duration": "12/31/2018", "Total Revenue": "382.244", "Cost of Revenue": "83.384", "Gross Profit": "298.86", "Operating Expense": "9,567", "Operating Income": "-9,268", "Net Non Operating Interest Income Expense": "-53.142", "Other Income Expense": "-583.475", "Pretax Income": "-9,905", "Tax Provision": "-", "Net Income Common Stockholders": "-9,905", "Diluted NI Available to Com Stockholders": "-9,905", "Basic EPS": "-0.14", "Diluted EPS": "-0.14", "Basic Average Shares": "68,521", "Diluted Average Shares": "68,521", "Total Operating Income as Reported": "-9,268", "Total Expenses": "9,650", "Net Income from Continuing & Discontinued Operation": "-9,905", "Normalized Income": "-9,321", "Interest Income": "-", "Interest Expense": "53.142", "Net Interest Income": "-53.142", "EBIT": "-9,852", "EBITDA": "-", "Reconciled Cost of Revenue": "83.384", "Reconciled Depreciation": "33.718", "Net Income from Continuing Operation Net Minority Interest": "-9,905", "Total Unusual Items Excluding Goodwill": "-583.475", "Total Unusual Items": "-583.475", "Normalized EBITDA": "-9,234", "Tax Rate for Calcs": "0", "Tax Effect of Unusual Items": "0"}}, "bs": {"12/31/2020": {"Duration": "12/31/2020", "Total Assets": "584.14", "Total Liabilities Net Minority Interest": "3,751", "Total Equity Gross Minority Interest": "-3,167", "Total Capitalization": "-3,132", "Common Stock Equity": "-3,167", "Capital Lease Obligations": "22.216", "Net Tangible Assets": "-3,167", "Working Capital": "-1,414", "Invested Capital": "-2,611", "Tangible Book Value": "-3,167", "Total Debt": "578.416", "Net Debt": "232.793", "Share Issued": "228,347", "Ordinary Shares Number": "228,347"}, "12/31/2019": {"Duration": "12/31/2019", "Total Assets": "372.313", "Total Liabilities Net Minority Interest": "2,989", "Total Equity Gross Minority Interest": "-2,617", "Total Capitalization": "-2,457", "Common Stock Equity": "-2,617", "Capital Lease Obligations": "69.852", "Net Tangible Assets": "-2,617", "Working Capital": "-2,437", "Invested Capital": "-1,921", "Tangible Book Value": "-2,617", "Total Debt": "765.483", "Net Debt": "618.42", "Share Issued": "116,750", "Ordinary Shares Number": "116,750"}, "12/31/2018": {"Duration": "12/31/2018", "Total Assets": "326.444", "Total Liabilities Net Minority Interest": "1,142", "Total Equity Gross Minority Interest": "-815.123", "Total Capitalization": "-815.123", "Common Stock Equity": "-815.123", "Capital Lease Obligations": "-", "Net Tangible Assets": "-815.123", "Working Capital": "-881.505", "Invested Capital": "-415.123", "Tangible Book Value": "-815.123", "Total Debt": "400", "Net Debt": "271.433", "Share Issued": "80,459", "Ordinary Shares Number": "80,459"}}, "cf": {"TTM": {"Duration": "TTM", "Operating Cash Flow": "-1,783", "Investing Cash Flow": "-", "Financing Cash Flow": "2,029", "End Cash Position": "323.407", "Income Tax Paid Supplemental Data": "0", "Interest Paid Supplemental Data": "130.399", "Issuance of Capital Stock": "2,271", "Issuance of Debt": "256.2", "Repayment of Debt": "-393.215", "Repurchase of Capital Stock": "-104.762", "Free Cash Flow": "-1,783"}, "12/31/2020": {"Duration": "12/31/2020", "Operating Cash Flow": "-1,783", "Investing Cash Flow": "-", "Financing Cash Flow": "2,029", "End Cash Position": "323.407", "Income Tax Paid Supplemental Data": "0", "Interest Paid Supplemental Data": "130.399", "Issuance of Capital Stock": "2,271", "Issuance of Debt": "256.2", "Repayment of Debt": "-393.215", "Repurchase of Capital Stock": "-104.762", "Free Cash Flow": "-1,783"}, "12/31/2019": {"Duration": "12/31/2019", "Operating Cash Flow": "-1,314", "Investing Cash Flow": "0", "Financing Cash Flow": "1,262", "End Cash Position": "77.211", "Income Tax Paid Supplemental Data": "0", "Interest Paid Supplemental Data": "37.339", "Issuance of Capital Stock": "907", "Issuance of Debt": "599.25", "Repayment of Debt": "-263.08", "Repurchase of Capital Stock": "-", "Free Cash Flow": "-1,314"}, "12/31/2018": {"Duration": "12/31/2018", "Operating Cash Flow": "-1,968", "Investing Cash Flow": "187.401", "Financing Cash Flow": "1,863", "End Cash Position": "128.567", "Income Tax Paid Supplemental Data": "0", "Interest Paid Supplemental Data": "6.791", "Issuance of Capital Stock": "1,268", "Issuance of Debt": "660", "Repayment of Debt": "-260", "Repurchase of Capital Stock": "-", "Free Cash Flow": "-1,968"}}}}]