[{"ETH": {"quote": {"05/12/2021": {"value": "29.74", "Market Cap": "749.353M", "Beta (5Y Monthly)": "1.16", "PE Ratio (TTM)": "25.46", "EPS (TTM)": "1.17", "Earnings Date": "Aug 02, 2021 - Aug 06, 2021", "Forward Dividend & Yield": "1.00 (3.19%)", "Ex-Dividend Date": "May 10, 2021", "1y Target Est": "34.00"}}, "fin": {"TTM": {"Duration": "TTM", "Total Revenue": "571,226", "Cost of Revenue": "252,307", "Gross Profit": "318,919", "Operating Expense": "288,822", "Operating Income": "30,097", "Net Non Operating Interest Income Expense": "-738", "Other Income Expense": "-9,678", "Pretax Income": "19,681", "Tax Provision": "5,737", "Net Income Common Stockholders": "13,944", "Diluted NI Available to Com Stockholders": "13,944", "Basic EPS": "-", "Diluted EPS": "-", "Basic Average Shares": "-", "Diluted Average Shares": "-", "Total Operating Income as Reported": "21,035", "Total Expenses": "541,129", "Net Income from Continuing & Discontinued Operation": "13,944", "Normalized Income": "20,364", "Interest Income": "-", "Interest Expense": "738", "Net Interest Income": "-738", "EBIT": "20,419", "EBITDA": "36,993", "Reconciled Cost of Revenue": "252,307", "Reconciled Depreciation": "16,574", "Net Income from Continuing Operation Net Minority Interest": "13,944", "Total Unusual Items Excluding Goodwill": "-9,062", "Total Unusual Items": "-9,062", "Normalized EBITDA": "46,055", "Tax Rate for Calcs": "0", "Tax Effect of Unusual Items": "-2,642"}, "6/30/2020": {"Duration": "6/30/2020", "Total Revenue": "589,837", "Cost of Revenue": "266,705", "Gross Profit": "323,132", "Operating Expense": "311,507", "Operating Income": "11,625", "Net Non Operating Interest Income Expense": "-455", "Other Income Expense": "3,019", "Pretax Income": "14,189", "Tax Provision": "5,289", "Net Income Common Stockholders": "8,900", "Diluted NI Available to Com Stockholders": "8,900", "Basic EPS": "0.36", "Diluted EPS": "0.34", "Basic Average Shares": "25,053", "Diluted Average Shares": "26,069", "Total Operating Income as Reported": "14,644", "Total Expenses": "578,212", "Net Income from Continuing & Discontinued Operation": "8,900", "Normalized Income": "7,007", "Interest Income": "-", "Interest Expense": "455", "Net Interest Income": "-455", "EBIT": "14,644", "EBITDA": "-", "Reconciled Cost of Revenue": "266,705", "Reconciled Depreciation": "16,859", "Net Income from Continuing Operation Net Minority Interest": "8,900", "Total Unusual Items Excluding Goodwill": "3,019", "Total Unusual Items": "3,019", "Normalized EBITDA": "28,484", "Tax Rate for Calcs": "0", "Tax Effect of Unusual Items": "1,126"}, "6/30/2019": {"Duration": "6/30/2019", "Total Revenue": "746,684", "Cost of Revenue": "337,193", "Gross Profit": "409,491", "Operating Expense": "357,164", "Operating Income": "52,327", "Net Non Operating Interest Income Expense": "-87", "Other Income Expense": "-18,380", "Pretax Income": "33,860", "Tax Provision": "8,162", "Net Income Common Stockholders": "25,698", "Diluted NI Available to Com Stockholders": "25,698", "Basic EPS": "0.96", "Diluted EPS": "0.96", "Basic Average Shares": "26,695", "Diluted Average Shares": "26,751", "Total Operating Income as Reported": "33,947", "Total Expenses": "694,357", "Net Income from Continuing & Discontinued Operation": "25,698", "Normalized Income": "39,648", "Interest Income": "-", "Interest Expense": "87", "Net Interest Income": "-87", "EBIT": "33,947", "EBITDA": "-", "Reconciled Cost of Revenue": "337,193", "Reconciled Depreciation": "19,637", "Net Income from Continuing Operation Net Minority Interest": "25,698", "Total Unusual Items Excluding Goodwill": "-18,380", "Total Unusual Items": "-18,380", "Normalized EBITDA": "71,964", "Tax Rate for Calcs": "0", "Tax Effect of Unusual Items": "-4,430"}, "6/30/2018": {"Duration": "6/30/2018", "Total Revenue": "766,784", "Cost of Revenue": "350,820", "Gross Profit": "415,964", "Operating Expense": "367,097", "Operating Income": "48,867", "Net Non Operating Interest Income Expense": "200", "Other Income Expense": "-", "Pretax Income": "49,067", "Tax Provision": "12,696", "Net Income Common Stockholders": "36,371", "Diluted NI Available to Com Stockholders": "36,371", "Basic EPS": "1.33", "Diluted EPS": "1.32", "Basic Average Shares": "27,321", "Diluted Average Shares": "27,625", "Total Operating Income as Reported": "48,867", "Total Expenses": "717,917", "Net Income from Continuing & Discontinued Operation": "36,371", "Normalized Income": "36,371", "Interest Income": "525", "Interest Expense": "325", "Net Interest Income": "200", "EBIT": "49,392", "EBITDA": "-", "Reconciled Cost of Revenue": "350,820", "Reconciled Depreciation": "19,831", "Net Income from Continuing Operation Net Minority Interest": "36,371", "Total Unusual Items Excluding Goodwill": "-", "Total Unusual Items": "-", "Normalized EBITDA": "69,223", "Tax Rate for Calcs": "0", "Tax Effect of Unusual Items": "0"}}, "bs": {"6/30/2020": {"Duration": "6/30/2020", "Total Assets": "622,789", "Total Liabilities Net Minority Interest": "294,725", "Total Equity Gross Minority Interest": "328,064", "Total Capitalization": "378,065", "Common Stock Equity": "328,065", "Capital Lease Obligations": "129,477", "Net Tangible Assets": "282,937", "Working Capital": "90,974", "Invested Capital": "378,065", "Tangible Book Value": "282,937", "Total Debt": "179,477", "Share Issued": "49,053", "Ordinary Shares Number": "25,053", "Treasury Shares Number": "24,000"}, "6/30/2019": {"Duration": "6/30/2019", "Total Assets": "510,351", "Total Liabilities Net Minority Interest": "146,422", "Total Equity Gross Minority Interest": "363,929", "Total Capitalization": "363,866", "Common Stock Equity": "363,866", "Capital Lease Obligations": "1,066", "Net Tangible Assets": "318,738", "Working Capital": "93,464", "Invested Capital": "363,866", "Tangible Book Value": "318,738", "Total Debt": "1,066", "Share Issued": "49,049", "Ordinary Shares Number": "26,587", "Treasury Shares Number": "22,462"}, "6/30/2018": {"Duration": "6/30/2018", "Total Assets": "530,433", "Total Liabilities Net Minority Interest": "146,563", "Total Equity Gross Minority Interest": "383,870", "Total Capitalization": "384,827", "Common Stock Equity": "383,731", "Capital Lease Obligations": "-", "Net Tangible Assets": "338,603", "Working Capital": "93,165", "Invested Capital": "385,411", "Tangible Book Value": "338,603", "Total Debt": "1,680", "Share Issued": "48,989", "Ordinary Shares Number": "26,529", "Treasury Shares Number": "22,460"}}, "cf": {"TTM": {"Duration": "TTM", "Operating Cash Flow": "95,226", "Investing Cash Flow": "-12,444", "Financing Cash Flow": "-31,175", "End Cash Position": "79,913", "Income Tax Paid Supplemental Data": "-", "Interest Paid Supplemental Data": "-", "Capital Expenditure": "-13,600", "Issuance of Debt": "-", "Repayment of Debt": "-100,000", "Repurchase of Capital Stock": "-16,156", "Free Cash Flow": "81,626"}, "6/30/2020": {"Duration": "6/30/2020", "Operating Cash Flow": "52,696", "Investing Cash Flow": "-4,616", "Financing Cash Flow": "3,697", "End Cash Position": "72,276", "Income Tax Paid Supplemental Data": "6,006", "Interest Paid Supplemental Data": "538", "Capital Expenditure": "-15,709", "Issuance of Debt": "100,000", "Repayment of Debt": "-50,000", "Repurchase of Capital Stock": "-24,319", "Free Cash Flow": "36,987"}, "6/30/2019": {"Duration": "6/30/2019", "Operating Cash Flow": "55,247", "Investing Cash Flow": "-9,500", "Financing Cash Flow": "-47,338", "End Cash Position": "20,824", "Income Tax Paid Supplemental Data": "13,339", "Interest Paid Supplemental Data": "306", "Capital Expenditure": "-9,120", "Issuance of Debt": "16,000", "Repayment of Debt": "-16,578", "Repurchase of Capital Stock": "-46", "Free Cash Flow": "46,127"}, "6/30/2018": {"Duration": "6/30/2018", "Operating Cash Flow": "42,497", "Investing Cash Flow": "-10,912", "Financing Cash Flow": "-66,891", "End Cash Position": "22,363", "Income Tax Paid Supplemental Data": "14,305", "Interest Paid Supplemental Data": "177", "Capital Expenditure": "-18,773", "Issuance of Debt": "-", "Repayment of Debt": "-14,456", "Repurchase of Capital Stock": "-23,120", "Free Cash Flow": "23,724"}}}}, {"AMWD": {"quote": {"05/12/2021": {"value": "100.44", "Market Cap": "1.708B", "Beta (5Y Monthly)": "2.26", "PE Ratio (TTM)": "24.79", "EPS (TTM)": "4.05", "Earnings Date": "May 24, 2021 - May 28, 2021", "Forward Dividend & Yield": "N/A (N/A)", "Ex-Dividend Date": "Jun 09, 2011", "1y Target Est": "110.75"}}, "fin": {"TTM": {"Duration": "TTM", "Total Revenue": "1,669,821", "Cost of Revenue": "1,349,083", "Gross Profit": "320,738", "Operating Expense": "197,939", "Operating Income": "122,799", "Net Non Operating Interest Income Expense": "-24,336", "Other Income Expense": "-6,051", "Pretax Income": "92,412", "Tax Provision": "23,463", "Net Income Common Stockholders": "68,949", "Diluted NI Available to Com Stockholders": "68,949", "Basic EPS": "-", "Diluted EPS": "-", "Basic Average Shares": "-", "Diluted Average Shares": "-", "Total Operating Income as Reported": "117,206", "Total Expenses": "1,547,022", "Net Income from Continuing & Discontinued Operation": "68,949", "Normalized Income": "73,122", "Interest Expense": "-", "Net Interest Income": "-24,336", "EBIT": "119,417", "EBITDA": "221,050", "Reconciled Cost of Revenue": "1,349,083", "Reconciled Depreciation": "101,633", "Net Income from Continuing Operation Net Minority Interest": "68,949", "Total Unusual Items Excluding Goodwill": "-5,593", "Total Unusual Items": "-5,593", "Normalized EBITDA": "226,643", "Tax Rate for Calcs": "0", "Tax Effect of Unusual Items": "-1,420"}, "4/30/2020": {"Duration": "4/30/2020", "Total Revenue": "1,650,333", "Cost of Revenue": "1,321,147", "Gross Profit": "329,186", "Operating Expense": "196,942", "Operating Income": "132,244", "Net Non Operating Interest Income Expense": "-29,027", "Other Income Expense": "-2,669", "Pretax Income": "100,548", "Tax Provision": "25,687", "Net Income Common Stockholders": "74,861", "Diluted NI Available to Com Stockholders": "74,861", "Basic EPS": "4.42", "Diluted EPS": "4.42", "Basic Average Shares": "16,927", "Diluted Average Shares": "16,952", "Total Operating Income as Reported": "132,262", "Total Expenses": "1,518,089", "Net Income from Continuing & Discontinued Operation": "74,861", "Normalized Income": "74,848", "Interest Expense": "29,027", "Net Interest Income": "-29,027", "EBIT": "132,244", "EBITDA": "-", "Reconciled Cost of Revenue": "1,321,147", "Reconciled Depreciation": "98,513", "Net Income from Continuing Operation Net Minority Interest": "74,861", "Total Unusual Items Excluding Goodwill": "18", "Total Unusual Items": "18", "Normalized EBITDA": "230,739", "Tax Rate for Calcs": "0", "Tax Effect of Unusual Items": "4.59"}, "4/30/2019": {"Duration": "4/30/2019", "Total Revenue": "1,645,319", "Cost of Revenue": "1,298,846", "Gross Profit": "346,473", "Operating Expense": "202,792", "Operating Income": "143,681", "Net Non Operating Interest Income Expense": "-35,652", "Other Income Expense": "2,859", "Pretax Income": "110,888", "Tax Provision": "27,200", "Net Income Common Stockholders": "83,688", "Diluted NI Available to Com Stockholders": "83,688", "Basic EPS": "4.97", "Diluted EPS": "4.83", "Basic Average Shares": "16,849", "Diluted Average Shares": "17,330", "Total Operating Income as Reported": "141,694", "Total Expenses": "1,501,638", "Net Income from Continuing & Discontinued Operation": "83,688", "Normalized Income": "85,188", "Interest Expense": "35,652", "Net Interest Income": "-35,652", "EBIT": "146,540", "EBITDA": "-", "Reconciled Cost of Revenue": "1,298,846", "Reconciled Depreciation": "94,446", "Net Income from Continuing Operation Net Minority Interest": "83,688", "Total Unusual Items Excluding Goodwill": "-1,987", "Total Unusual Items": "-1,987", "Normalized EBITDA": "242,973", "Tax Rate for Calcs": "0", "Tax Effect of Unusual Items": "-486.815"}, "4/30/2018": {"Duration": "4/30/2018", "Total Revenue": "1,250,274", "Cost of Revenue": "994,871", "Gross Profit": "255,403", "Operating Expense": "147,698", "Operating Income": "107,705", "Net Non Operating Interest Income Expense": "-13,054", "Other Income Expense": "109", "Pretax Income": "94,760", "Tax Provision": "31,619", "Net Income Common Stockholders": "63,141", "Diluted NI Available to Com Stockholders": "63,141", "Basic EPS": "3.61", "Diluted EPS": "3.61", "Basic Average Shares": "17,504", "Diluted Average Shares": "17,504", "Total Operating Income as Reported": "107,705", "Total Expenses": "1,142,569", "Net Income from Continuing & Discontinued Operation": "63,141", "Normalized Income": "63,141", "Interest Expense": "13,054", "Net Interest Income": "-13,054", "EBIT": "107,705", "EBITDA": "-", "Reconciled Cost of Revenue": "994,871", "Reconciled Depreciation": "45,004", "Net Income from Continuing Operation Net Minority Interest": "63,141", "Total Unusual Items Excluding Goodwill": "-", "Total Unusual Items": "-", "Normalized EBITDA": "152,709", "Tax Rate for Calcs": "0", "Tax Effect of Unusual Items": "0"}}, "bs": {"4/30/2020": {"Duration": "4/30/2020", "Total Assets": "1,622,806", "Total Liabilities Net Minority Interest": "922,268", "Total Equity Gross Minority Interest": "700,538", "Total Capitalization": "1,291,988", "Common Stock Equity": "700,538", "Capital Lease Obligations": "137,037", "Net Tangible Assets": "-236,740", "Working Capital": "169,566", "Invested Capital": "1,291,988", "Tangible Book Value": "-236,740", "Total Debt": "728,487", "Net Debt": "494,391", "Share Issued": "16,927", "Ordinary Shares Number": "16,927"}, "4/30/2019": {"Duration": "4/30/2019", "Total Assets": "1,529,931", "Total Liabilities Net Minority Interest": "909,578", "Total Equity Gross Minority Interest": "620,353", "Total Capitalization": "1,309,558", "Common Stock Equity": "620,353", "Capital Lease Obligations": "-", "Net Tangible Assets": "-365,925", "Working Capital": "156,445", "Invested Capital": "1,311,844", "Tangible Book Value": "-365,925", "Total Debt": "691,491", "Net Debt": "633,835", "Share Issued": "16,849", "Ordinary Shares Number": "16,849"}, "4/30/2018": {"Duration": "4/30/2018", "Total Assets": "1,645,345", "Total Liabilities Net Minority Interest": "1,063,680", "Total Equity Gross Minority Interest": "581,665", "Total Capitalization": "1,391,562", "Common Stock Equity": "581,665", "Capital Lease Obligations": "-", "Net Tangible Assets": "-453,453", "Working Capital": "193,912", "Invested Capital": "1,395,705", "Tangible Book Value": "-453,453", "Total Debt": "814,040", "Net Debt": "735,630", "Share Issued": "17,504", "Ordinary Shares Number": "17,504"}}, "cf": {"TTM": {"Duration": "TTM", "Operating Cash Flow": "172,843", "Investing Cash Flow": "-38,067", "Financing Cash Flow": "-90,047", "End Cash Position": "91,792", "Income Tax Paid Supplemental Data": "32,114", "Interest Paid Supplemental Data": "22,089", "Capital Expenditure": "-31,586", "Issuance of Capital Stock": "0", "Issuance of Debt": "-", "Repayment of Debt": "-88,524", "Repurchase of Capital Stock": "-", "Free Cash Flow": "141,257"}, "4/30/2020": {"Duration": "4/30/2020", "Operating Cash Flow": "177,542", "Investing Cash Flow": "-38,916", "Financing Cash Flow": "-99,223", "End Cash Position": "97,059", "Income Tax Paid Supplemental Data": "36,154", "Interest Paid Supplemental Data": "27,654", "Capital Expenditure": "-31,670", "Issuance of Capital Stock": "295", "Issuance of Debt": "0", "Repayment of Debt": "-98,468", "Repurchase of Capital Stock": "0", "Free Cash Flow": "145,872"}, "4/30/2019": {"Duration": "4/30/2019", "Operating Cash Flow": "190,845", "Investing Cash Flow": "-37,923", "Financing Cash Flow": "-173,676", "End Cash Position": "57,656", "Income Tax Paid Supplemental Data": "22,035", "Interest Paid Supplemental Data": "35,908", "Capital Expenditure": "-32,128", "Issuance of Capital Stock": "500", "Issuance of Debt": "0", "Repayment of Debt": "-122,205", "Repurchase of Capital Stock": "-50,000", "Free Cash Flow": "158,717"}, "4/30/2018": {"Duration": "4/30/2018", "Operating Cash Flow": "86,775", "Investing Cash Flow": "-44,316", "Financing Cash Flow": "-141,027", "End Cash Position": "78,410", "Income Tax Paid Supplemental Data": "18,219", "Interest Paid Supplemental Data": "5,919", "Capital Expenditure": "-47,590", "Issuance of Capital Stock": "1,289", "Issuance of Debt": "734", "Repayment of Debt": "-96,572", "Repurchase of Capital Stock": "-29,000", "Free Cash Flow": "39,185"}}}}, {"AFBG": {"quote": {"05/12/2021": {"value": "0.0200", "Market Cap": "1.254M", "Beta (5Y Monthly)": "0.89", "PE Ratio (TTM)": "N/A", "EPS (TTM)": "-0.0310", "Earnings Date": "N/A", "Forward Dividend & Yield": "N/A (N/A)", "Ex-Dividend Date": "N/A", "1y Target Est": "N/A"}}, "fin": {}, "bs": {}, "cf": {}}}, {"FBHS": {"quote": {"05/12/2021": {"value": "108.74", "Market Cap": "15.071B", "Beta (5Y Monthly)": "1.65", "PE Ratio (TTM)": "24.54", "EPS (TTM)": "4.43", "Earnings Date": "Jul 27, 2021 - Aug 02, 2021", "Forward Dividend & Yield": "1.04 (0.96%)", "Ex-Dividend Date": "May 27, 2021", "1y Target Est": "115.33"}}, "fin": {"TTM": {"Duration": "TTM", "Total Revenue": "6,090,300", "Cost of Revenue": "3,925,900", "Gross Profit": "2,164,400", "Operating Expense": "1,323,300", "Operating Income": "841,100", "Net Non Operating Interest Income Expense": "-83,900", "Other Income Expense": "-26,400", "Pretax Income": "730,800", "Tax Provision": "168,800", "Earnings from Equity Interest Net of Tax": "-7,600", "Net Income Common Stockholders": "553,100", "Diluted NI Available to Com Stockholders": "553,100", "Basic EPS": "-", "Diluted EPS": "-", "Basic Average Shares": "-", "Diluted Average Shares": "-", "Total Operating Income as Reported": "801,400", "Total Expenses": "5,249,200", "Net Income from Continuing & Discontinued Operation": "553,100", "Normalized Income": "584,783", "Interest Expense": "83,900", "Net Interest Income": "-83,900", "EBIT": "814,700", "EBITDA": "978,200", "Reconciled Cost of Revenue": "3,804,400", "Reconciled Depreciation": "163,500", "Net Income from Continuing Operation Net Minority Interest": "553,100", "Total Unusual Items Excluding Goodwill": "-41,200", "Total Unusual Items": "-41,200", "Normalized EBITDA": "1,019,400", "Tax Rate for Calcs": "0", "Tax Effect of Unusual Items": "-9,517"}, "12/31/2020": {"Duration": "12/31/2020", "Total Revenue": "6,090,300", "Cost of Revenue": "3,925,900", "Gross Profit": "2,164,400", "Operating Expense": "1,323,300", "Operating Income": "841,100", "Net Non Operating Interest Income Expense": "-83,900", "Other Income Expense": "-26,400", "Pretax Income": "730,800", "Tax Provision": "168,800", "Earnings from Equity Interest Net of Tax": "-7,600", "Net Income Common Stockholders": "553,100", "Diluted NI Available to Com Stockholders": "553,100", "Basic EPS": "-", "Diluted EPS": "-", "Basic Average Shares": "-", "Diluted Average Shares": "-", "Total Operating Income as Reported": "801,400", "Total Expenses": "5,249,200", "Net Income from Continuing & Discontinued Operation": "553,100", "Normalized Income": "584,783", "Interest Expense": "83,900", "Net Interest Income": "-83,900", "EBIT": "814,700", "EBITDA": "-", "Reconciled Cost of Revenue": "3,804,400", "Reconciled Depreciation": "163,500", "Net Income from Continuing Operation Net Minority Interest": "553,100", "Total Unusual Items Excluding Goodwill": "-41,200", "Total Unusual Items": "-41,200", "Normalized EBITDA": "1,019,400", "Tax Rate for Calcs": "0", "Tax Effect of Unusual Items": "-9,517"}, "12/31/2019": {"Duration": "12/31/2019", "Total Revenue": "5,764,600", "Cost of Revenue": "3,712,200", "Gross Profit": "2,052,400", "Operating Expense": "1,329,600", "Operating Income": "722,800", "Net Non Operating Interest Income Expense": "-94,200", "Other Income Expense": "-53,300", "Pretax Income": "575,300", "Tax Provision": "144,000", "Earnings from Equity Interest Net of Tax": "-", "Net Income Common Stockholders": "431,900", "Diluted NI Available to Com Stockholders": "431,900", "Basic EPS": "3.09", "Diluted EPS": "3.06", "Basic Average Shares": "139,555", "Diluted Average Shares": "141,300", "Total Operating Income as Reported": "698,500", "Total Expenses": "5,041,800", "Net Income from Continuing & Discontinued Operation": "431,900", "Normalized Income": "473,525", "Interest Expense": "94,200", "Net Interest Income": "-94,200", "EBIT": "669,500", "EBITDA": "-", "Reconciled Cost of Revenue": "3,600,900", "Reconciled Depreciation": "152,700", "Net Income from Continuing Operation Net Minority Interest": "431,900", "Total Unusual Items Excluding Goodwill": "-55,500", "Total Unusual Items": "-55,500", "Normalized EBITDA": "877,700", "Tax Rate for Calcs": "0", "Tax Effect of Unusual Items": "-13,875"}, "12/31/2018": {"Duration": "12/31/2018", "Total Revenue": "5,485,100", "Cost of Revenue": "3,525,700", "Gross Profit": "1,959,400", "Operating Expense": "1,271,000", "Operating Income": "688,400", "Net Non Operating Interest Income Expense": "-74,500", "Other Income Expense": "-76,900", "Pretax Income": "537,000", "Tax Provision": "147,000", "Earnings from Equity Interest Net of Tax": "-", "Net Income Common Stockholders": "389,600", "Diluted NI Available to Com Stockholders": "389,600", "Basic EPS": "2.77", "Diluted EPS": "2.66", "Basic Average Shares": "140,499", "Diluted Average Shares": "146,400", "Total Operating Income as Reported": "595,200", "Total Expenses": "4,796,700", "Net Income from Continuing & Discontinued Operation": "389,600", "Normalized Income": "448,533", "Interest Expense": "74,500", "Net Interest Income": "-74,500", "EBIT": "611,500", "EBITDA": "-", "Reconciled Cost of Revenue": "3,412,200", "Reconciled Depreciation": "149,600", "Net Income from Continuing Operation Net Minority Interest": "389,800", "Total Unusual Items Excluding Goodwill": "-80,900", "Total Unusual Items": "-80,900", "Normalized EBITDA": "842,000", "Tax Rate for Calcs": "0", "Tax Effect of Unusual Items": "-22,167"}}, "bs": {"12/31/2020": {"Duration": "12/31/2020", "Total Assets": "7,358,700", "Total Liabilities Net Minority Interest": "4,583,200", "Total Equity Gross Minority Interest": "2,775,500", "Total Capitalization": "5,347,700", "Common Stock Equity": "2,775,500", "Capital Lease Obligations": "140,500", "Net Tangible Assets": "-1,039,600", "Working Capital": "863,400", "Invested Capital": "5,347,700", "Tangible Book Value": "-1,039,600", "Total Debt": "2,712,700", "Net Debt": "2,153,100", "Share Issued": "184,066", "Ordinary Shares Number": "138,660", "Treasury Shares Number": "45,406"}, "12/31/2019": {"Duration": "12/31/2019", "Total Assets": "6,291,300", "Total Liabilities Net Minority Interest": "3,863,500", "Total Equity Gross Minority Interest": "2,427,800", "Total Capitalization": "4,211,200", "Common Stock Equity": "2,426,600", "Capital Lease Obligations": "139,800", "Net Tangible Assets": "-832,500", "Working Capital": "488,900", "Invested Capital": "4,610,900", "Tangible Book Value": "-832,500", "Total Debt": "2,324,100", "Net Debt": "1,796,400", "Share Issued": "181,891", "Ordinary Shares Number": "139,555", "Treasury Shares Number": "42,335"}, "12/31/2018": {"Duration": "12/31/2018", "Total Assets": "5,964,600", "Total Liabilities Net Minority Interest": "3,784,600", "Total Equity Gross Minority Interest": "2,180,000", "Total Capitalization": "3,987,200", "Common Stock Equity": "2,178,200", "Capital Lease Obligations": "-", "Net Tangible Assets": "-1,148,900", "Working Capital": "194,000", "Invested Capital": "4,512,200", "Tangible Book Value": "-1,148,900", "Total Debt": "2,334,000", "Net Debt": "2,071,100", "Share Issued": "180,610", "Ordinary Shares Number": "140,499", "Treasury Shares Number": "40,111"}}, "cf": {"TTM": {"Duration": "TTM", "Operating Cash Flow": "825,700", "Investing Cash Flow": "-923,500", "Financing Cash Flow": "111,600", "End Cash Position": "425,000", "Income Tax Paid Supplemental Data": "175,500", "Interest Paid Supplemental Data": "76,200", "Capital Expenditure": "-150,500", "Issuance of Debt": "1,850,000", "Repayment of Debt": "-1,465,000", "Repurchase of Capital Stock": "-187,600", "Free Cash Flow": "675,200"}, "12/31/2020": {"Duration": "12/31/2020", "Operating Cash Flow": "825,700", "Investing Cash Flow": "-923,500", "Financing Cash Flow": "111,600", "End Cash Position": "425,000", "Income Tax Paid Supplemental Data": "175,500", "Interest Paid Supplemental Data": "76,200", "Capital Expenditure": "-150,500", "Issuance of Debt": "1,850,000", "Repayment of Debt": "-1,465,000", "Repurchase of Capital Stock": "-187,600", "Free Cash Flow": "675,200"}, "12/31/2019": {"Duration": "12/31/2019", "Operating Cash Flow": "637,200", "Investing Cash Flow": "-127,600", "Financing Cash Flow": "-389,700", "End Cash Position": "394,900", "Income Tax Paid Supplemental Data": "144,500", "Interest Paid Supplemental Data": "81,000", "Capital Expenditure": "-131,800", "Issuance of Debt": "1,719,300", "Repayment of Debt": "-1,345,000", "Repurchase of Capital Stock": "-100,000", "Free Cash Flow": "505,400"}, "12/31/2018": {"Duration": "12/31/2018", "Operating Cash Flow": "604,000", "Investing Cash Flow": "-634,300", "Financing Cash Flow": "-6,800", "End Cash Position": "270,700", "Income Tax Paid Supplemental Data": "114,200", "Interest Paid Supplemental Data": "63,400", "Capital Expenditure": "-150,100", "Issuance of Debt": "2,716,200", "Repayment of Debt": "-1,890,000", "Repurchase of Capital Stock": "-694,600", "Free Cash Flow": "453,900"}}}}, {"BSET": {"quote": {"05/12/2021": {"value": "33.82", "Market Cap": "335.143M", "Beta (5Y Monthly)": "1.90", "PE Ratio (TTM)": "N/A", "EPS (TTM)": "-0.77", "Earnings Date": "Jan 21, 2021", "Forward Dividend & Yield": "0.50 (1.46%)", "Ex-Dividend Date": "May 13, 2021", "1y Target Est": "33.00"}}, "fin": {"TTM": {"Duration": "TTM", "Total Revenue": "387,416", "Cost of Revenue": "166,549", "Gross Profit": "220,867", "Operating Expense": "218,074", "Operating Income": "2,793", "Net Non Operating Interest Income Expense": "-", "Other Income Expense": "-15,930", "Pretax Income": "-12,950", "Tax Provision": "-5,330", "Net Income Common Stockholders": "-7,620", "Diluted NI Available to Com Stockholders": "-7,620", "Basic EPS": "-", "Diluted EPS": "-", "Basic Average Shares": "-", "Diluted Average Shares": "-", "Total Operating Income as Reported": "-12,412", "Total Expenses": "384,623", "Net Income from Continuing & Discontinued Operation": "-7,620", "Normalized Income": "-7,620", "Interest Income": "-", "Interest Expense": "-", "Net Interest Income": "-", "EBIT": "-12,926", "EBITDA": "262", "Reconciled Cost of Revenue": "166,549", "Reconciled Depreciation": "13,188", "Net Income from Continuing Operation Net Minority Interest": "-7,620", "Total Unusual Items Excluding Goodwill": "-", "Total Unusual Items": "-", "Normalized EBITDA": "262", "Tax Rate for Calcs": "0", "Tax Effect of Unusual Items": "0"}, "11/30/2020": {"Duration": "11/30/2020", "Total Revenue": "385,863", "Cost of Revenue": "163,567", "Gross Profit": "222,296", "Operating Expense": "223,314", "Operating Income": "-1,018", "Net Non Operating Interest Income Expense": "187", "Other Income Expense": "-15,955", "Pretax Income": "-16,786", "Tax Provision": "-6,365", "Net Income Common Stockholders": "-10,421", "Diluted NI Available to Com Stockholders": "-10,421", "Basic EPS": "-", "Diluted EPS": "-", "Basic Average Shares": "-", "Diluted Average Shares": "-", "Total Operating Income as Reported": "-16,223", "Total Expenses": "386,881", "Net Income from Continuing & Discontinued Operation": "-10,421", "Normalized Income": "-978.695", "Interest Income": "236", "Interest Expense": "49", "Net Interest Income": "187", "EBIT": "-16,737", "EBITDA": "-", "Reconciled Cost of Revenue": "163,567", "Reconciled Depreciation": "13,480", "Net Income from Continuing Operation Net Minority Interest": "-10,421", "Total Unusual Items Excluding Goodwill": "-15,205", "Total Unusual Items": "-15,205", "Normalized EBITDA": "11,948", "Tax Rate for Calcs": "0", "Tax Effect of Unusual Items": "-5,763"}, "11/30/2019": {"Duration": "11/30/2019", "Total Revenue": "452,087", "Cost of Revenue": "179,244", "Gross Profit": "272,843", "Operating Expense": "266,232", "Operating Income": "6,611", "Net Non Operating Interest Income Expense": "562", "Other Income Expense": "-8,913", "Pretax Income": "-1,740", "Tax Provision": "188", "Net Income Common Stockholders": "-1,928", "Diluted NI Available to Com Stockholders": "-1,928", "Basic EPS": "-0.19", "Diluted EPS": "-0.19", "Basic Average Shares": "10,147", "Diluted Average Shares": "10,147", "Total Operating Income as Reported": "-595", "Total Expenses": "445,476", "Net Income from Continuing & Discontinued Operation": "-1,928", "Normalized Income": "4,500", "Interest Income": "568", "Interest Expense": "6", "Net Interest Income": "562", "EBIT": "-1,734", "EBITDA": "-", "Reconciled Cost of Revenue": "179,244", "Reconciled Depreciation": "13,500", "Net Income from Continuing Operation Net Minority Interest": "-1,928", "Total Unusual Items Excluding Goodwill": "-7,206", "Total Unusual Items": "-7,206", "Normalized EBITDA": "18,972", "Tax Rate for Calcs": "0", "Tax Effect of Unusual Items": "-778.248"}, "11/30/2018": {"Duration": "11/30/2018", "Total Revenue": "456,855", "Cost of Revenue": "179,581", "Gross Profit": "277,274", "Operating Expense": "262,420", "Operating Income": "14,854", "Net Non Operating Interest Income Expense": "374", "Other Income Expense": "-3,022", "Pretax Income": "12,206", "Tax Provision": "3,988", "Net Income Common Stockholders": "8,218", "Diluted NI Available to Com Stockholders": "8,218", "Basic EPS": "0.77", "Diluted EPS": "0.77", "Basic Average Shares": "10,673", "Diluted Average Shares": "10,673", "Total Operating Income as Reported": "14,084", "Total Expenses": "442,001", "Net Income from Continuing & Discontinued Operation": "8,218", "Normalized Income": "8,736", "Interest Income": "431", "Interest Expense": "57", "Net Interest Income": "374", "EBIT": "12,263", "EBITDA": "-", "Reconciled Cost of Revenue": "179,581", "Reconciled Depreciation": "13,203", "Net Income from Continuing Operation Net Minority Interest": "8,218", "Total Unusual Items Excluding Goodwill": "-770", "Total Unusual Items": "-770", "Normalized EBITDA": "26,236", "Tax Rate for Calcs": "0", "Tax Effect of Unusual Items": "-251.79"}}, "bs": {"11/30/2020": {"Duration": "11/30/2020", "Total Assets": "402,549", "Total Liabilities Net Minority Interest": "244,519", "Total Equity Gross Minority Interest": "158,030", "Total Capitalization": "158,030", "Common Stock Equity": "158,030", "Capital Lease Obligations": "139,050", "Net Tangible Assets": "134,203", "Working Capital": "42,307", "Invested Capital": "158,030", "Tangible Book Value": "134,203", "Total Debt": "139,050", "Share Issued": "9,943", "Ordinary Shares Number": "9,943"}, "11/30/2019": {"Duration": "11/30/2019", "Total Assets": "275,766", "Total Liabilities Net Minority Interest": "97,096", "Total Equity Gross Minority Interest": "178,670", "Total Capitalization": "178,670", "Common Stock Equity": "178,670", "Capital Lease Obligations": "-", "Net Tangible Assets": "152,494", "Working Capital": "64,515", "Invested Capital": "178,670", "Tangible Book Value": "152,494", "Total Debt": "-", "Share Issued": "10,116", "Ordinary Shares Number": "10,116"}, "11/30/2018": {"Duration": "11/30/2018", "Total Assets": "291,641", "Total Liabilities Net Minority Interest": "101,332", "Total Equity Gross Minority Interest": "190,309", "Total Capitalization": "190,309", "Common Stock Equity": "190,309", "Capital Lease Obligations": "-", "Net Tangible Assets": "161,829", "Working Capital": "66,728", "Invested Capital": "190,601", "Tangible Book Value": "161,829", "Total Debt": "292", "Share Issued": "10,528", "Ordinary Shares Number": "10,528"}}, "cf": {"TTM": {"Duration": "TTM", "Operating Cash Flow": "46,902", "Investing Cash Flow": "-4,859", "Financing Cash Flow": "-9,199", "End Cash Position": "45,033", "Capital Expenditure": "-5,584", "Issuance of Capital Stock": "293", "Issuance of Debt": "-", "Repayment of Debt": "-282", "Repurchase of Capital Stock": "-1,976", "Free Cash Flow": "41,318"}, "11/30/2020": {"Duration": "11/30/2020", "Operating Cash Flow": "36,675", "Investing Cash Flow": "-3,747", "Financing Cash Flow": "-6,816", "End Cash Position": "45,799", "Capital Expenditure": "-6,029", "Issuance of Capital Stock": "285", "Issuance of Debt": "-", "Repayment of Debt": "-121", "Repurchase of Capital Stock": "-2,208", "Free Cash Flow": "30,646"}, "11/30/2019": {"Duration": "11/30/2019", "Operating Cash Flow": "9,809", "Investing Cash Flow": "-11,173", "Financing Cash Flow": "-12,417", "End Cash Position": "19,687", "Capital Expenditure": "-17,375", "Issuance of Capital Stock": "328", "Issuance of Debt": "-", "Repayment of Debt": "-292", "Repurchase of Capital Stock": "-7,345", "Free Cash Flow": "-7,566"}, "11/30/2018": {"Duration": "11/30/2018", "Operating Cash Flow": "28,698", "Investing Cash Flow": "-30,686", "Financing Cash Flow": "-18,493", "End Cash Position": "33,468", "Capital Expenditure": "-18,301", "Issuance of Capital Stock": "355", "Issuance of Debt": "0", "Repayment of Debt": "-3,455", "Repurchase of Capital Stock": "-5,946", "Free Cash Flow": "10,397"}}}}, {"HOFT": {"quote": {"04/25/2021": {"value": "34.92", "Market Cap": "421.802M", "Beta (5Y Monthly)": "0.97", "PE Ratio (TTM)": "N/A", "EPS (TTM)": "-0.88", "Earnings Date": "Apr 14, 2021", "Forward Dividend & Yield": "0.72 (2.09%)", "Ex-Dividend Date": "Mar 16, 2021", "1y Target Est": "46.00"}}, "fin": {"TTM": {"Duration": "TTM", "Total Revenue": "540,081", "Cost of Revenue": "427,333", "Gross Profit": "112,748", "Operating Expense": "82,794", "Operating Income": "29,954", "Net Non Operating Interest Income Expense": "-540", "Other Income Expense": "-43,982", "Pretax Income": "-14,568", "Tax Provision": "-4,142", "Net Income Common Stockholders": "-10,426", "Diluted NI Available to Com Stockholders": "-10,426", "Basic EPS": "-", "Diluted EPS": "-", "Basic Average Shares": "-", "Diluted Average Shares": "-", "Total Operating Income as Reported": "-14,364", "Total Expenses": "510,127", "Net Income from Continuing & Discontinued Operation": "-10,426", "Normalized Income": "21,306", "Interest Expense": "540", "Net Interest Income": "-540", "EBIT": "-14,028", "EBITDA": "-7,250", "Reconciled Cost of Revenue": "422,939", "Reconciled Depreciation": "6,778", "Net Income from Continuing Operation Net Minority Interest": "-10,426", "Total Unusual Items Excluding Goodwill": "-44,318", "Total Unusual Items": "-44,318", "Normalized EBITDA": "37,068", "Tax Rate for Calcs": "0", "Tax Effect of Unusual Items": "-12,586"}, "1/31/2021": {"Duration": "1/31/2021", "Total Revenue": "540,081", "Cost of Revenue": "427,333", "Gross Profit": "112,748", "Operating Expense": "82,794", "Operating Income": "29,954", "Net Non Operating Interest Income Expense": "-540", "Other Income Expense": "-43,982", "Pretax Income": "-14,568", "Tax Provision": "-4,142", "Net Income Common Stockholders": "-10,426", "Diluted NI Available to Com Stockholders": "-10,426", "Basic EPS": "-", "Diluted EPS": "-", "Basic Average Shares": "-", "Diluted Average Shares": "-", "Total Operating Income as Reported": "-14,364", "Total Expenses": "510,127", "Net Income from Continuing & Discontinued Operation": "-10,426", "Normalized Income": "21,306", "Interest Expense": "540", "Net Interest Income": "-540", "EBIT": "-14,028", "EBITDA": "-", "Reconciled Cost of Revenue": "422,939", "Reconciled Depreciation": "6,778", "Net Income from Continuing Operation Net Minority Interest": "-10,426", "Total Unusual Items Excluding Goodwill": "-44,318", "Total Unusual Items": "-44,318", "Normalized EBITDA": "37,068", "Tax Rate for Calcs": "0", "Tax Effect of Unusual Items": "-12,586"}, "1/31/2020": {"Duration": "1/31/2020", "Total Revenue": "610,824", "Cost of Revenue": "496,866", "Gross Profit": "113,958", "Operating Expense": "91,251", "Operating Income": "22,707", "Net Non Operating Interest Income Expense": "-1,238", "Other Income Expense": "458", "Pretax Income": "21,927", "Tax Provision": "4,844", "Net Income Common Stockholders": "16,998", "Diluted NI Available to Com Stockholders": "16,998", "Basic EPS": "1.44", "Diluted EPS": "1.44", "Basic Average Shares": "11,784", "Diluted Average Shares": "11,838", "Total Operating Income as Reported": "22,707", "Total Expenses": "588,117", "Net Income from Continuing & Discontinued Operation": "17,083", "Normalized Income": "17,083", "Interest Expense": "1,238", "Net Interest Income": "-1,238", "EBIT": "23,165", "EBITDA": "-", "Reconciled Cost of Revenue": "492,150", "Reconciled Depreciation": "7,100", "Net Income from Continuing Operation Net Minority Interest": "17,083", "Total Unusual Items Excluding Goodwill": "-", "Total Unusual Items": "-", "Normalized EBITDA": "30,265", "Tax Rate for Calcs": "0", "Tax Effect of Unusual Items": "0"}, "1/31/2019": {"Duration": "1/31/2019", "Total Revenue": "683,501", "Cost of Revenue": "536,514", "Gross Profit": "146,987", "Operating Expense": "94,312", "Operating Income": "52,675", "Net Non Operating Interest Income Expense": "-1,454", "Other Income Expense": "369", "Pretax Income": "51,590", "Tax Provision": "11,717", "Net Income Common Stockholders": "39,794", "Diluted NI Available to Com Stockholders": "39,794", "Basic EPS": "3.38", "Diluted EPS": "3.38", "Basic Average Shares": "11,759", "Diluted Average Shares": "11,783", "Total Operating Income as Reported": "52,675", "Total Expenses": "630,826", "Net Income from Continuing & Discontinued Operation": "39,873", "Normalized Income": "39,873", "Interest Expense": "1,454", "Net Interest Income": "-1,454", "EBIT": "53,044", "EBITDA": "-", "Reconciled Cost of Revenue": "531,456", "Reconciled Depreciation": "7,442", "Net Income from Continuing Operation Net Minority Interest": "39,873", "Total Unusual Items Excluding Goodwill": "-", "Total Unusual Items": "-", "Normalized EBITDA": "60,486", "Tax Rate for Calcs": "0", "Tax Effect of Unusual Items": "0"}}, "bs": {"1/31/2021": {"Duration": "1/31/2021", "Total Assets": "352,273", "Total Liabilities Net Minority Interest": "94,770", "Total Equity Gross Minority Interest": "257,503", "Total Capitalization": "257,503", "Common Stock Equity": "257,503", "Capital Lease Obligations": "36,091", "Net Tangible Assets": "230,776", "Working Capital": "169,612", "Invested Capital": "257,503", "Tangible Book Value": "230,776", "Total Debt": "36,091", "Net Debt": "-", "Share Issued": "11,888", "Ordinary Shares Number": "11,888"}, "1/31/2020": {"Duration": "1/31/2020", "Total Assets": "393,708", "Total Liabilities Net Minority Interest": "119,587", "Total Equity Gross Minority Interest": "274,121", "Total Capitalization": "298,403", "Common Stock Equity": "274,121", "Capital Lease Obligations": "40,101", "Net Tangible Assets": "200,692", "Working Capital": "171,838", "Invested Capital": "304,237", "Tangible Book Value": "200,692", "Total Debt": "70,217", "Net Debt": "-", "Share Issued": "11,838", "Ordinary Shares Number": "11,838"}, "1/31/2019": {"Duration": "1/31/2019", "Total Assets": "369,716", "Total Liabilities Net Minority Interest": "106,540", "Total Equity Gross Minority Interest": "263,176", "Total Capitalization": "292,804", "Common Stock Equity": "263,176", "Capital Lease Obligations": "-", "Net Tangible Assets": "187,363", "Working Capital": "170,516", "Invested Capital": "298,633", "Tangible Book Value": "187,363", "Total Debt": "35,457", "Net Debt": "24,022", "Share Issued": "11,785", "Ordinary Shares Number": "11,785"}}, "cf": {"TTM": {"Duration": "TTM", "Operating Cash Flow": "68,263", "Investing Cash Flow": "-476", "Financing Cash Flow": "-37,977", "End Cash Position": "65,841", "Income Tax Paid Supplemental Data": "5,872", "Interest Paid Supplemental Data": "444", "Capital Expenditure": "-1,210", "Issuance of Debt": "-", "Repayment of Debt": "-30,139", "Free Cash Flow": "67,053"}, "1/31/2021": {"Duration": "1/31/2021", "Operating Cash Flow": "68,263", "Investing Cash Flow": "-476", "Financing Cash Flow": "-37,977", "End Cash Position": "65,841", "Income Tax Paid Supplemental Data": "5,872", "Interest Paid Supplemental Data": "444", "Capital Expenditure": "-1,210", "Issuance of Debt": "-", "Repayment of Debt": "-30,139", "Free Cash Flow": "67,053"}, "1/31/2020": {"Duration": "1/31/2020", "Operating Cash Flow": "41,429", "Investing Cash Flow": "-4,254", "Financing Cash Flow": "-12,579", "End Cash Position": "36,031", "Income Tax Paid Supplemental Data": "6,818", "Interest Paid Supplemental Data": "993", "Capital Expenditure": "-5,129", "Issuance of Debt": "0", "Repayment of Debt": "-5,368", "Free Cash Flow": "36,300"}, "1/31/2019": {"Duration": "1/31/2019", "Operating Cash Flow": "9,662", "Investing Cash Flow": "-4,511", "Financing Cash Flow": "-24,631", "End Cash Position": "11,435", "Income Tax Paid Supplemental Data": "13,613", "Interest Paid Supplemental Data": "1,338", "Capital Expenditure": "-5,214", "Issuance of Debt": "0", "Repayment of Debt": "-17,917", "Free Cash Flow": "4,448"}}}}, {"SCSS": {"quote": {"04/25/2021": {"value": "", "Net Assets": "N/A", "Beta (5Y Monthly)": "N/A", "Yield": "N/A", "5y Average Return": "N/A", "Holdings Turnover": "N/A", "Last Dividend": "N/A", "Average for Category": "N/A", "Inception Date": "N/A"}}, "fin": {}, "bs": {}, "cf": {}}}, {"VUOC": {"quote": {"04/25/2021": {"value": "0.0130", "Market Cap": "57,091", "Beta (5Y Monthly)": "-2.95", "PE Ratio (TTM)": "N/A", "EPS (TTM)": "-0.2540", "Earnings Date": "N/A", "Forward Dividend & Yield": "N/A (N/A)", "Ex-Dividend Date": "N/A", "1y Target Est": "3.98"}}, "fin": {}, "bs": {}, "cf": {}}}, {"STLY": {"quote": {"05/12/2021": {"value": "0.8025", "Market Cap": "27.61M", "Beta (5Y Monthly)": "N/A", "PE Ratio (TTM)": "N/A", "EPS (TTM)": "-0.0440", "Earnings Date": "Mar 27, 2020 - Mar 31, 2020", "Forward Dividend & Yield": "N/A (N/A)", "Ex-Dividend Date": "Nov 08, 2016", "1y Target Est": "N/A"}}, "fin": {"TTM": {"Duration": "TTM", "Total Revenue": "0", "Cost of Revenue": "-", "Gross Profit": "-", "Operating Expense": "1,304", "Operating Income": "-1,304", "Net Non Operating Interest Income Expense": "608", "Other Income Expense": "759", "Pretax Income": "63", "Tax Provision": "0", "Net Income Common Stockholders": "63", "Diluted NI Available to Com Stockholders": "63", "Basic EPS": "-", "Diluted EPS": "-", "Basic Average Shares": "-", "Diluted Average Shares": "-", "Total Operating Income as Reported": "-", "Total Expenses": "1,304", "Net Income from Continuing & Discontinued Operation": "63", "Normalized Income": "212", "Interest Income": "608", "Net Interest Income": "608", "EBIT": "-1,304", "EBITDA": "-1,301", "Reconciled Cost of Revenue": "-", "Reconciled Depreciation": "3", "Net Income from Continuing Operation Net Minority Interest": "63", "Total Unusual Items Excluding Goodwill": "-149", "Total Unusual Items": "-149", "Normalized EBITDA": "-1,152", "Tax Rate for Calcs": "0", "Tax Effect of Unusual Items": "0"}, "12/31/2020": {"Duration": "12/31/2020", "Total Revenue": "0", "Cost of Revenue": "-", "Gross Profit": "-", "Operating Expense": "1,304", "Operating Income": "-1,304", "Net Non Operating Interest Income Expense": "608", "Other Income Expense": "759", "Pretax Income": "63", "Tax Provision": "0", "Net Income Common Stockholders": "63", "Diluted NI Available to Com Stockholders": "63", "Basic EPS": "-", "Diluted EPS": "-", "Basic Average Shares": "-", "Diluted Average Shares": "-", "Total Operating Income as Reported": "-", "Total Expenses": "1,304", "Net Income from Continuing & Discontinued Operation": "63", "Normalized Income": "212", "Interest Income": "608", "Net Interest Income": "608", "EBIT": "-1,304", "EBITDA": "-", "Reconciled Cost of Revenue": "-", "Reconciled Depreciation": "3", "Net Income from Continuing Operation Net Minority Interest": "63", "Total Unusual Items Excluding Goodwill": "-149", "Total Unusual Items": "-149", "Normalized EBITDA": "-1,152", "Tax Rate for Calcs": "0", "Tax Effect of Unusual Items": "0"}, "12/31/2019": {"Duration": "12/31/2019", "Total Revenue": "0", "Cost of Revenue": "-", "Gross Profit": "-", "Operating Expense": "1,133", "Operating Income": "-1,133", "Net Non Operating Interest Income Expense": "1,039", "Other Income Expense": "180", "Pretax Income": "86", "Tax Provision": "-84", "Net Income Common Stockholders": "170", "Diluted NI Available to Com Stockholders": "170", "Basic EPS": "0.01", "Diluted EPS": "0.01", "Basic Average Shares": "14,507", "Diluted Average Shares": "14,937", "Total Operating Income as Reported": "-", "Total Expenses": "1,133", "Net Income from Continuing & Discontinued Operation": "170", "Normalized Income": "622.6", "Interest Income": "1,039", "Net Interest Income": "1,039", "EBIT": "-1,133", "EBITDA": "-", "Reconciled Cost of Revenue": "-", "Reconciled Depreciation": "2", "Net Income from Continuing Operation Net Minority Interest": "170", "Total Unusual Items Excluding Goodwill": "-620", "Total Unusual Items": "-620", "Normalized EBITDA": "-511", "Tax Rate for Calcs": "0", "Tax Effect of Unusual Items": "-167.4"}, "12/31/2018": {"Duration": "12/31/2018", "Total Revenue": "0", "Cost of Revenue": "-", "Gross Profit": "-", "Operating Expense": "1,005", "Operating Income": "-1,005", "Net Non Operating Interest Income Expense": "1,068", "Other Income Expense": "306", "Pretax Income": "369", "Tax Provision": "-1,202", "Net Income Common Stockholders": "-1,440", "Diluted NI Available to Com Stockholders": "-1,440", "Basic EPS": "-0.10", "Diluted EPS": "-0.10", "Basic Average Shares": "14,531", "Diluted Average Shares": "14,574", "Total Operating Income as Reported": "-", "Total Expenses": "1,005", "Net Income from Continuing & Discontinued Operation": "-1,440", "Normalized Income": "1,694", "Interest Income": "1,068", "Net Interest Income": "1,068", "EBIT": "-1,005", "EBITDA": "-", "Reconciled Cost of Revenue": "-", "Reconciled Depreciation": "1", "Net Income from Continuing Operation Net Minority Interest": "1,571", "Total Unusual Items Excluding Goodwill": "-168", "Total Unusual Items": "-168", "Normalized EBITDA": "-836", "Tax Rate for Calcs": "0", "Tax Effect of Unusual Items": "-45.36"}}, "bs": {"12/31/2020": {"Duration": "12/31/2020", "Total Assets": "27,026", "Total Liabilities Net Minority Interest": "306", "Total Equity Gross Minority Interest": "26,720", "Total Capitalization": "26,720", "Common Stock Equity": "26,720", "Net Tangible Assets": "26,720", "Working Capital": "12,492", "Invested Capital": "26,720", "Tangible Book Value": "26,720", "Share Issued": "34,405", "Ordinary Shares Number": "34,405"}, "12/31/2019": {"Duration": "12/31/2019", "Total Assets": "14,334", "Total Liabilities Net Minority Interest": "435", "Total Equity Gross Minority Interest": "13,899", "Total Capitalization": "13,899", "Common Stock Equity": "13,899", "Net Tangible Assets": "13,899", "Working Capital": "3,622", "Invested Capital": "13,899", "Tangible Book Value": "13,899", "Share Issued": "14,947", "Ordinary Shares Number": "14,947"}, "12/31/2018": {"Duration": "12/31/2018", "Total Assets": "14,087", "Total Liabilities Net Minority Interest": "443", "Total Equity Gross Minority Interest": "13,644", "Total Capitalization": "13,644", "Common Stock Equity": "13,644", "Net Tangible Assets": "13,644", "Working Capital": "7,066", "Invested Capital": "13,644", "Tangible Book Value": "13,644", "Share Issued": "14,712", "Ordinary Shares Number": "14,712"}}, "cf": {"TTM": {"Duration": "TTM", "Cash Flows from Used in Operating Activities Direct": "-", "Operating Cash Flow": "290", "Investing Cash Flow": "-4,135", "Financing Cash Flow": "12,675", "Cash Flow from Discontinued Operation": "-", "End Cash Position": "11,630", "Capital Expenditure": "-3", "Issuance of Capital Stock": "12,675", "Repayment of Debt": "-", "Repurchase of Capital Stock": "-", "Free Cash Flow": "287"}, "12/31/2020": {"Duration": "12/31/2020", "Cash Flows from Used in Operating Activities Direct": "-", "Operating Cash Flow": "290", "Investing Cash Flow": "-4,135", "Financing Cash Flow": "12,675", "Cash Flow from Discontinued Operation": "-", "End Cash Position": "11,630", "Capital Expenditure": "-3", "Issuance of Capital Stock": "12,675", "Repayment of Debt": "-", "Repurchase of Capital Stock": "-", "Free Cash Flow": "287"}, "12/31/2019": {"Duration": "12/31/2019", "Cash Flows from Used in Operating Activities Direct": "-", "Operating Cash Flow": "1,395", "Investing Cash Flow": "-5,056", "Financing Cash Flow": "0", "Cash Flow from Discontinued Operation": "-", "End Cash Position": "2,800", "Capital Expenditure": "-", "Issuance of Capital Stock": "-", "Repayment of Debt": "-", "Repurchase of Capital Stock": "0", "Free Cash Flow": "1,395"}, "12/31/2018": {"Duration": "12/31/2018", "Cash Flows from Used in Operating Activities Direct": "-", "Operating Cash Flow": "-4,405", "Investing Cash Flow": "9,189", "Financing Cash Flow": "1,046", "Cash Flow from Discontinued Operation": "6,936", "End Cash Position": "6,461", "Capital Expenditure": "-10", "Issuance of Capital Stock": "-", "Repayment of Debt": "-", "Repurchase of Capital Stock": "-163", "Free Cash Flow": "-4,415"}}}}, {"DEER": {"quote": {"05/12/2021": {"value": "0.0230", "Market Cap": "3.359M", "Beta (5Y Monthly)": "338.54", "PE Ratio (TTM)": "0.02", "EPS (TTM)": "1.1900", "Earnings Date": "N/A", "Forward Dividend & Yield": "N/A (N/A)", "Ex-Dividend Date": "Dec 28, 2011", "1y Target Est": "N/A"}}, "fin": {}, "bs": {}, "cf": {}}}, {"EFOI": {"quote": {"05/12/2021": {"value": "4.1000", "Market Cap": "16.511M", "Beta (5Y Monthly)": "2.43", "PE Ratio (TTM)": "N/A", "EPS (TTM)": "-1.8290", "Earnings Date": "May 13, 2021", "Forward Dividend & Yield": "N/A (N/A)", "Ex-Dividend Date": "N/A", "1y Target Est": "N/A"}}, "fin": {"TTM": {"Duration": "TTM", "Total Revenue": "16,828", "Cost of Revenue": "11,643", "Gross Profit": "5,185", "Operating Expense": "9,315", "Operating Income": "-4,130", "Net Non Operating Interest Income Expense": "-481", "Other Income Expense": "-1,375", "Pretax Income": "-5,986", "Tax Provision": "-5", "Net Income Common Stockholders": "-5,981", "Diluted NI Available to Com Stockholders": "-5,981", "Basic EPS": "-", "Diluted EPS": "-", "Basic Average Shares": "-", "Diluted Average Shares": "-", "Total Operating Income as Reported": "-4,070", "Total Expenses": "20,958", "Net Income from Continuing & Discontinued Operation": "-5,981", "Normalized Income": "-4,680", "Interest Expense": "481", "Net Interest Income": "-481", "EBIT": "-5,505", "EBITDA": "-5,321", "Reconciled Cost of Revenue": "11,643", "Reconciled Depreciation": "184", "Net Income from Continuing Operation Net Minority Interest": "-5,981", "Total Unusual Items Excluding Goodwill": "-1,302", "Total Unusual Items": "-1,302", "Normalized EBITDA": "-4,019", "Tax Rate for Calcs": "0", "Tax Effect of Unusual Items": "-1.302"}, "12/31/2020": {"Duration": "12/31/2020", "Total Revenue": "16,828", "Cost of Revenue": "11,643", "Gross Profit": "5,185", "Operating Expense": "9,315", "Operating Income": "-4,130", "Net Non Operating Interest Income Expense": "-481", "Other Income Expense": "-1,375", "Pretax Income": "-5,986", "Tax Provision": "-5", "Net Income Common Stockholders": "-5,981", "Diluted NI Available to Com Stockholders": "-5,981", "Basic EPS": "-", "Diluted EPS": "-", "Basic Average Shares": "-", "Diluted Average Shares": "-", "Total Operating Income as Reported": "-4,070", "Total Expenses": "20,958", "Net Income from Continuing & Discontinued Operation": "-5,981", "Normalized Income": "-4,680", "Interest Expense": "481", "Net Interest Income": "-481", "EBIT": "-5,505", "EBITDA": "-", "Reconciled Cost of Revenue": "11,643", "Reconciled Depreciation": "184", "Net Income from Continuing Operation Net Minority Interest": "-5,981", "Total Unusual Items Excluding Goodwill": "-1,302", "Total Unusual Items": "-1,302", "Normalized EBITDA": "-4,019", "Tax Rate for Calcs": "0", "Tax Effect of Unusual Items": "-1.302"}, "12/31/2019": {"Duration": "12/31/2019", "Total Revenue": "12,705", "Cost of Revenue": "10,731", "Gross Profit": "1,974", "Operating Expense": "8,733", "Operating Income": "-6,759", "Net Non Operating Interest Income Expense": "-317", "Other Income Expense": "-287", "Pretax Income": "-7,363", "Tax Provision": "10", "Net Income Common Stockholders": "-7,373", "Diluted NI Available to Com Stockholders": "-7,373", "Basic EPS": "-3.00", "Diluted EPS": "-3.00", "Basic Average Shares": "2,462", "Diluted Average Shares": "2,462", "Total Operating Income as Reported": "-6,955", "Total Expenses": "19,464", "Net Income from Continuing & Discontinued Operation": "-7,373", "Normalized Income": "-7,230", "Interest Expense": "317", "Net Interest Income": "-317", "EBIT": "-7,046", "EBITDA": "-", "Reconciled Cost of Revenue": "10,731", "Reconciled Depreciation": "326", "Net Income from Continuing Operation Net Minority Interest": "-7,373", "Total Unusual Items Excluding Goodwill": "-196", "Total Unusual Items": "-196", "Normalized EBITDA": "-6,524", "Tax Rate for Calcs": "0", "Tax Effect of Unusual Items": "-52.92"}, "12/31/2018": {"Duration": "12/31/2018", "Total Revenue": "18,107", "Cost of Revenue": "14,695", "Gross Profit": "3,412", "Operating Expense": "12,386", "Operating Income": "-8,974", "Net Non Operating Interest Income Expense": "-8", "Other Income Expense": "-118", "Pretax Income": "-9,100", "Tax Provision": "11", "Net Income Common Stockholders": "-9,111", "Diluted NI Available to Com Stockholders": "-9,111", "Basic EPS": "-3.80", "Diluted EPS": "-3.80", "Basic Average Shares": "2,399", "Diluted Average Shares": "2,399", "Total Operating Income as Reported": "-9,085", "Total Expenses": "27,081", "Net Income from Continuing & Discontinued Operation": "-9,111", "Normalized Income": "-9,030", "Interest Expense": "8", "Net Interest Income": "-8", "EBIT": "-9,092", "EBITDA": "-", "Reconciled Cost of Revenue": "14,695", "Reconciled Depreciation": "522", "Net Income from Continuing Operation Net Minority Interest": "-9,111", "Total Unusual Items Excluding Goodwill": "-111", "Total Unusual Items": "-111", "Normalized EBITDA": "-8,459", "Tax Rate for Calcs": "0", "Tax Effect of Unusual Items": "-29.97"}}, "bs": {"12/31/2020": {"Duration": "12/31/2020", "Total Assets": "12,397", "Total Liabilities Net Minority Interest": "8,141", "Total Equity Gross Minority Interest": "4,256", "Total Capitalization": "4,522", "Common Stock Equity": "4,256", "Capital Lease Obligations": "1,088", "Net Tangible Assets": "4,256", "Working Capital": "3,519", "Invested Capital": "7,349", "Tangible Book Value": "4,256", "Total Debt": "4,181", "Net Debt": "1,257", "Share Issued": "3,525", "Ordinary Shares Number": "3,525"}, "12/31/2019": {"Duration": "12/31/2019", "Total Assets": "11,739", "Total Liabilities Net Minority Interest": "7,743", "Total Equity Gross Minority Interest": "3,996", "Total Capitalization": "4,105", "Common Stock Equity": "3,996", "Capital Lease Obligations": "1,950", "Net Tangible Assets": "3,996", "Working Capital": "2,792", "Invested Capital": "7,405", "Tangible Book Value": "3,996", "Total Debt": "5,359", "Net Debt": "3,059", "Share Issued": "2,486", "Ordinary Shares Number": "2,486"}, "12/31/2018": {"Duration": "12/31/2018", "Total Assets": "18,492", "Total Liabilities Net Minority Interest": "7,440", "Total Equity Gross Minority Interest": "11,052", "Total Capitalization": "11,052", "Common Stock Equity": "11,052", "Capital Lease Obligations": "-", "Net Tangible Assets": "11,052", "Working Capital": "10,448", "Invested Capital": "13,271", "Tangible Book Value": "11,052", "Total Debt": "2,219", "Net Debt": "-", "Share Issued": "2,418", "Ordinary Shares Number": "2,418"}}, "cf": {"TTM": {"Duration": "TTM", "Operating Cash Flow": "-2,451", "Investing Cash Flow": "-223", "Financing Cash Flow": "4,160", "Cash Flow from Discontinued Operation": "-", "End Cash Position": "2,178", "Income Tax Paid Supplemental Data": "4", "Interest Paid Supplemental Data": "269", "Capital Expenditure": "-223", "Issuance of Capital Stock": "2,749", "Issuance of Debt": "3,254", "Repayment of Debt": "-2,028", "Free Cash Flow": "-2,674"}, "12/31/2020": {"Duration": "12/31/2020", "Operating Cash Flow": "-2,451", "Investing Cash Flow": "-223", "Financing Cash Flow": "4,160", "Cash Flow from Discontinued Operation": "-", "End Cash Position": "2,178", "Income Tax Paid Supplemental Data": "4", "Interest Paid Supplemental Data": "269", "Capital Expenditure": "-223", "Issuance of Capital Stock": "2,749", "Issuance of Debt": "3,254", "Repayment of Debt": "-2,028", "Free Cash Flow": "-2,674"}, "12/31/2019": {"Duration": "12/31/2019", "Operating Cash Flow": "-6,624", "Investing Cash Flow": "-129", "Financing Cash Flow": "1,094", "Cash Flow from Discontinued Operation": "-", "End Cash Position": "692", "Income Tax Paid Supplemental Data": "15", "Interest Paid Supplemental Data": "215", "Capital Expenditure": "-132", "Issuance of Capital Stock": "-", "Issuance of Debt": "2,815", "Repayment of Debt": "-1,403", "Free Cash Flow": "-6,756"}, "12/31/2018": {"Duration": "12/31/2018", "Operating Cash Flow": "-6,795", "Investing Cash Flow": "189", "Financing Cash Flow": "2,185", "Cash Flow from Discontinued Operation": "0", "End Cash Position": "6,335", "Income Tax Paid Supplemental Data": "7", "Interest Paid Supplemental Data": "4", "Capital Expenditure": "-57", "Issuance of Capital Stock": "-", "Issuance of Debt": "2,219", "Repayment of Debt": "-", "Free Cash Flow": "-6,852"}}}}, {"FLXS": {"quote": {"05/12/2021": {"value": "46.38", "Market Cap": "317.87M", "Beta (5Y Monthly)": "0.98", "PE Ratio (TTM)": "N/A", "EPS (TTM)": "-1.14", "Earnings Date": "Apr 26, 2021", "Forward Dividend & Yield": "0.35 (0.77%)", "Ex-Dividend Date": "Mar 16, 2021", "1y Target Est": "N/A"}}, "fin": {"TTM": {"Duration": "TTM", "Total Revenue": "387,974", "Cost of Revenue": "320,999", "Gross Profit": "66,975", "Operating Expense": "69,965", "Operating Income": "-2,990", "Net Non Operating Interest Income Expense": "-", "Other Income Expense": "-18,527", "Pretax Income": "-21,599", "Tax Provision": "-2,917", "Net Income Common Stockholders": "-18,682", "Diluted NI Available to Com Stockholders": "-18,682", "Basic EPS": "-", "Diluted EPS": "-", "Basic Average Shares": "-", "Diluted Average Shares": "-", "Total Operating Income as Reported": "-22,255", "Total Expenses": "390,964", "Net Income from Continuing & Discontinued Operation": "-18,682", "Normalized Income": "-2,019", "Interest Expense": "-", "Net Interest Income": "-", "EBIT": "-17,276", "EBITDA": "-11,149", "Reconciled Cost of Revenue": "320,999", "Reconciled Depreciation": "6,127", "Net Income from Continuing Operation Net Minority Interest": "-18,682", "Total Unusual Items Excluding Goodwill": "-19,265", "Total Unusual Items": "-19,265", "Normalized EBITDA": "8,116", "Tax Rate for Calcs": "0", "Tax Effect of Unusual Items": "-2,602"}, "6/30/2020": {"Duration": "6/30/2020", "Total Revenue": "366,926", "Cost of Revenue": "313,873", "Gross Profit": "53,053", "Operating Expense": "72,442", "Operating Income": "-19,389", "Net Non Operating Interest Income Expense": "-82", "Other Income Expense": "-14,286", "Pretax Income": "-33,757", "Tax Provision": "-6,913", "Net Income Common Stockholders": "-26,844", "Diluted NI Available to Com Stockholders": "-26,844", "Basic EPS": "-3.37", "Diluted EPS": "-3.37", "Basic Average Shares": "7,956", "Diluted Average Shares": "7,956", "Total Operating Income as Reported": "-34,395", "Total Expenses": "386,315", "Net Income from Continuing & Discontinued Operation": "-26,844", "Normalized Income": "-14,914", "Interest Expense": "82", "Net Interest Income": "-82", "EBIT": "-33,675", "EBITDA": "-", "Reconciled Cost of Revenue": "313,873", "Reconciled Depreciation": "8,370", "Net Income from Continuing Operation Net Minority Interest": "-26,844", "Total Unusual Items Excluding Goodwill": "-15,006", "Total Unusual Items": "-15,006", "Normalized EBITDA": "-10,299", "Tax Rate for Calcs": "0", "Tax Effect of Unusual Items": "-3,076"}, "6/30/2019": {"Duration": "6/30/2019", "Total Revenue": "443,588", "Cost of Revenue": "373,648", "Gross Profit": "69,940", "Operating Expense": "81,298", "Operating Income": "-11,358", "Net Non Operating Interest Income Expense": "0", "Other Income Expense": "-31,250", "Pretax Income": "-42,608", "Tax Provision": "-10,003", "Net Income Common Stockholders": "-32,605", "Diluted NI Available to Com Stockholders": "-32,605", "Basic EPS": "-4.13", "Diluted EPS": "-4.13", "Basic Average Shares": "7,889", "Diluted Average Shares": "7,889", "Total Operating Income as Reported": "-43,154", "Total Expenses": "454,946", "Net Income from Continuing & Discontinued Operation": "-32,605", "Normalized Income": "-8,281", "Interest Expense": "0", "Net Interest Income": "0", "EBIT": "-42,608", "EBITDA": "-", "Reconciled Cost of Revenue": "373,648", "Reconciled Depreciation": "7,440", "Net Income from Continuing Operation Net Minority Interest": "-32,605", "Total Unusual Items Excluding Goodwill": "-31,796", "Total Unusual Items": "-31,796", "Normalized EBITDA": "-3,372", "Tax Rate for Calcs": "0", "Tax Effect of Unusual Items": "-7,472"}, "6/30/2018": {"Duration": "6/30/2018", "Total Revenue": "489,180", "Cost of Revenue": "390,961", "Gross Profit": "98,219", "Operating Expense": "75,549", "Operating Income": "22,670", "Net Non Operating Interest Income Expense": "0", "Other Income Expense": "2,456", "Pretax Income": "25,126", "Tax Provision": "7,460", "Net Income Common Stockholders": "17,666", "Diluted NI Available to Com Stockholders": "17,666", "Basic EPS": "2.25", "Diluted EPS": "2.23", "Basic Average Shares": "7,848", "Diluted Average Shares": "7,919", "Total Operating Income as Reported": "24,505", "Total Expenses": "466,510", "Net Income from Continuing & Discontinued Operation": "17,666", "Normalized Income": "16,376", "Interest Expense": "0", "Net Interest Income": "0", "EBIT": "25,126", "EBITDA": "-", "Reconciled Cost of Revenue": "390,961", "Reconciled Depreciation": "7,367", "Net Income from Continuing Operation Net Minority Interest": "17,666", "Total Unusual Items Excluding Goodwill": "1,835", "Total Unusual Items": "1,835", "Normalized EBITDA": "30,658", "Tax Rate for Calcs": "0", "Tax Effect of Unusual Items": "544.995"}}, "bs": {"6/30/2020": {"Duration": "6/30/2020", "Total Assets": "237,259", "Total Liabilities Net Minority Interest": "61,754", "Total Equity Gross Minority Interest": "175,505", "Total Capitalization": "175,505", "Common Stock Equity": "175,505", "Capital Lease Obligations": "12,015", "Net Tangible Assets": "175,505", "Working Capital": "128,381", "Invested Capital": "175,505", "Tangible Book Value": "175,505", "Total Debt": "12,015", "Share Issued": "8,008", "Ordinary Shares Number": "7,876", "Treasury Shares Number": "132"}, "6/30/2019": {"Duration": "6/30/2019", "Total Assets": "254,287", "Total Liabilities Net Minority Interest": "48,860", "Total Equity Gross Minority Interest": "205,427", "Total Capitalization": "205,427", "Common Stock Equity": "205,427", "Capital Lease Obligations": "-", "Net Tangible Assets": "205,427", "Working Capital": "118,203", "Invested Capital": "205,427", "Tangible Book Value": "205,427", "Total Debt": "-", "Share Issued": "7,903", "Ordinary Shares Number": "7,903", "Treasury Shares Number": "-"}, "6/30/2018": {"Duration": "6/30/2018", "Total Assets": "284,293", "Total Liabilities Net Minority Interest": "42,595", "Total Equity Gross Minority Interest": "241,698", "Total Capitalization": "241,698", "Common Stock Equity": "241,698", "Capital Lease Obligations": "-", "Net Tangible Assets": "241,698", "Working Capital": "148,705", "Invested Capital": "241,698", "Tangible Book Value": "241,698", "Total Debt": "-", "Share Issued": "7,868", "Ordinary Shares Number": "7,868", "Treasury Shares Number": "-"}}, "cf": {"TTM": {"Duration": "TTM", "Operating Cash Flow": "6,574", "Investing Cash Flow": "16,810", "Financing Cash Flow": "-27,422", "End Cash Position": "33,296", "Income Tax Paid Supplemental Data": "-", "Interest Paid Supplemental Data": "-", "Capital Expenditure": "-2,537", "Issuance of Capital Stock": "40", "Issuance of Debt": "-", "Repayment of Debt": "-", "Repurchase of Capital Stock": "-21,576", "Free Cash Flow": "4,037"}, "6/30/2020": {"Duration": "6/30/2020", "Operating Cash Flow": "18,287", "Investing Cash Flow": "16,785", "Financing Cash Flow": "-9,122", "End Cash Position": "48,197", "Income Tax Paid Supplemental Data": "-", "Interest Paid Supplemental Data": "82", "Capital Expenditure": "-3,688", "Issuance of Capital Stock": "21", "Issuance of Debt": "15,000", "Repayment of Debt": "-15,000", "Repurchase of Capital Stock": "-1,563", "Free Cash Flow": "14,599"}, "6/30/2019": {"Duration": "6/30/2019", "Operating Cash Flow": "6,714", "Investing Cash Flow": "-5,170", "Financing Cash Flow": "-7,047", "End Cash Position": "22,247", "Income Tax Paid Supplemental Data": "1,190", "Interest Paid Supplemental Data": "-", "Capital Expenditure": "-21,346", "Issuance of Capital Stock": "81", "Issuance of Debt": "-", "Repayment of Debt": "-", "Repurchase of Capital Stock": "-210", "Free Cash Flow": "-14,632"}, "6/30/2018": {"Duration": "6/30/2018", "Operating Cash Flow": "27,294", "Investing Cash Flow": "-21,353", "Financing Cash Flow": "-7,065", "End Cash Position": "27,750", "Income Tax Paid Supplemental Data": "8,460", "Interest Paid Supplemental Data": "-", "Capital Expenditure": "-29,447", "Issuance of Capital Stock": "233", "Issuance of Debt": "-", "Repayment of Debt": "0", "Repurchase of Capital Stock": "-552", "Free Cash Flow": "-2,153"}}}}, {"LEG": {"quote": {"05/12/2021": {"value": "56.69", "Market Cap": "7.553B", "Beta (5Y Monthly)": "1.51", "PE Ratio (TTM)": "26.62", "EPS (TTM)": "2.13", "Earnings Date": "Aug 02, 2021", "Forward Dividend & Yield": "1.68 (2.96%)", "Ex-Dividend Date": "Jun 14, 2021", "1y Target Est": "53.75"}}, "fin": {"TTM": {"Duration": "TTM", "Total Revenue": "4,280,200", "Cost of Revenue": "3,385,700", "Gross Profit": "894,500", "Operating Expense": "468,200", "Operating Income": "426,300", "Net Non Operating Interest Income Expense": "-79,600", "Other Income Expense": "-25,800", "Pretax Income": "320,900", "Tax Provision": "73,200", "Net Income Common Stockholders": "247,600", "Diluted NI Available to Com Stockholders": "247,600", "Basic EPS": "-", "Diluted EPS": "-", "Basic Average Shares": "-", "Diluted Average Shares": "-", "Total Expenses": "3,853,900", "Net Income from Continuing & Discontinued Operation": "247,600", "Normalized Income": "271,455", "Interest Income": "3,100", "Interest Expense": "82,700", "Net Interest Income": "-79,600", "EBIT": "403,600", "EBITDA": "593,000", "Reconciled Cost of Revenue": "3,261,500", "Reconciled Depreciation": "189,400", "Net Income from Continuing Operation Net Minority Interest": "247,600", "Total Unusual Items Excluding Goodwill": "-30,900", "Total Unusual Items": "-30,900", "Normalized EBITDA": "623,900", "Tax Rate for Calcs": "0", "Tax Effect of Unusual Items": "-7,045"}, "12/31/2020": {"Duration": "12/31/2020", "Total Revenue": "4,280,200", "Cost of Revenue": "3,385,700", "Gross Profit": "894,500", "Operating Expense": "468,200", "Operating Income": "426,300", "Net Non Operating Interest Income Expense": "-79,600", "Other Income Expense": "-25,800", "Pretax Income": "320,900", "Tax Provision": "73,200", "Net Income Common Stockholders": "247,600", "Diluted NI Available to Com Stockholders": "247,600", "Basic EPS": "1.82", "Diluted EPS": "1.82", "Basic Average Shares": "135,700", "Diluted Average Shares": "135,900", "Total Expenses": "3,853,900", "Net Income from Continuing & Discontinued Operation": "247,600", "Normalized Income": "271,455", "Interest Income": "3,100", "Interest Expense": "82,700", "Net Interest Income": "-79,600", "EBIT": "403,600", "EBITDA": "-", "Reconciled Cost of Revenue": "3,261,500", "Reconciled Depreciation": "189,400", "Net Income from Continuing Operation Net Minority Interest": "247,600", "Total Unusual Items Excluding Goodwill": "-30,900", "Total Unusual Items": "-30,900", "Normalized EBITDA": "623,900", "Tax Rate for Calcs": "0", "Tax Effect of Unusual Items": "-7,045"}, "12/31/2019": {"Duration": "12/31/2019", "Total Revenue": "4,752,500", "Cost of Revenue": "3,701,900", "Gross Profit": "1,050,600", "Operating Expense": "533,000", "Operating Income": "517,600", "Net Non Operating Interest Income Expense": "-83,300", "Other Income Expense": "-4,200", "Pretax Income": "430,100", "Tax Provision": "96,200", "Net Income Common Stockholders": "333,800", "Diluted NI Available to Com Stockholders": "333,800", "Basic EPS": "2.48", "Diluted EPS": "2.47", "Basic Average Shares": "134,800", "Diluted Average Shares": "135,400", "Total Expenses": "4,234,900", "Net Income from Continuing & Discontinued Operation": "333,800", "Normalized Income": "338,999", "Interest Income": "7,400", "Interest Expense": "90,700", "Net Interest Income": "-83,300", "EBIT": "520,800", "EBITDA": "-", "Reconciled Cost of Revenue": "3,573,300", "Reconciled Depreciation": "191,900", "Net Income from Continuing Operation Net Minority Interest": "333,800", "Total Unusual Items Excluding Goodwill": "-6,700", "Total Unusual Items": "-6,700", "Normalized EBITDA": "719,400", "Tax Rate for Calcs": "0", "Tax Effect of Unusual Items": "-1,501"}, "12/31/2018": {"Duration": "12/31/2018", "Total Revenue": "4,269,500", "Cost of Revenue": "3,380,800", "Gross Profit": "888,700", "Operating Expense": "445,600", "Operating Income": "443,100", "Net Non Operating Interest Income Expense": "-52,500", "Other Income Expense": "-6,200", "Pretax Income": "384,400", "Tax Provision": "78,300", "Net Income Common Stockholders": "305,900", "Diluted NI Available to Com Stockholders": "305,900", "Basic EPS": "2.28", "Diluted EPS": "2.26", "Basic Average Shares": "134,300", "Diluted Average Shares": "135,200", "Total Expenses": "3,826,400", "Net Income from Continuing & Discontinued Operation": "305,900", "Normalized Income": "317,044", "Interest Income": "8,400", "Interest Expense": "60,900", "Net Interest Income": "-52,500", "EBIT": "445,300", "EBITDA": "-", "Reconciled Cost of Revenue": "3,265,200", "Reconciled Depreciation": "136,100", "Net Income from Continuing Operation Net Minority Interest": "305,900", "Total Unusual Items Excluding Goodwill": "-14,000", "Total Unusual Items": "-14,000", "Normalized EBITDA": "595,400", "Tax Rate for Calcs": "0", "Tax Effect of Unusual Items": "-2,856"}}, "bs": {"12/31/2020": {"Duration": "12/31/2020", "Total Assets": "4,754,000", "Total Liabilities Net Minority Interest": "3,363,700", "Total Equity Gross Minority Interest": "1,390,300", "Total Capitalization": "3,239,100", "Common Stock Equity": "1,389,800", "Capital Lease Obligations": "164,500", "Net Tangible Assets": "-700,600", "Working Capital": "606,100", "Invested Capital": "3,290,000", "Tangible Book Value": "-700,600", "Total Debt": "2,064,700", "Net Debt": "1,551,300", "Share Issued": "198,800", "Ordinary Shares Number": "132,600", "Treasury Shares Number": "66,200"}, "12/31/2019": {"Duration": "12/31/2019", "Total Assets": "4,816,400", "Total Liabilities Net Minority Interest": "3,503,900", "Total Equity Gross Minority Interest": "1,312,500", "Total Capitalization": "3,378,500", "Common Stock Equity": "1,312,000", "Capital Lease Obligations": "160,900", "Net Tangible Assets": "-858,300", "Working Capital": "610,000", "Invested Capital": "3,429,600", "Tangible Book Value": "-858,300", "Total Debt": "2,278,500", "Net Debt": "1,870,000", "Share Issued": "198,800", "Ordinary Shares Number": "131,800", "Treasury Shares Number": "67,000"}, "12/31/2018": {"Duration": "12/31/2018", "Total Assets": "3,382,000", "Total Liabilities Net Minority Interest": "2,224,400", "Total Equity Gross Minority Interest": "1,157,600", "Total Capitalization": "2,324,800", "Common Stock Equity": "1,157,000", "Capital Lease Obligations": "-", "Net Tangible Assets": "144,500", "Working Capital": "708,900", "Invested Capital": "2,326,000", "Tangible Book Value": "144,500", "Total Debt": "1,169,000", "Net Debt": "900,900", "Share Issued": "198,800", "Ordinary Shares Number": "130,500", "Treasury Shares Number": "68,300"}}, "cf": {"TTM": {"Duration": "TTM", "Operating Cash Flow": "602,600", "Investing Cash Flow": "-49,000", "Financing Cash Flow": "-461,700", "Other Cash Adjustment Inside Change in Cash": "-1,500", "End Cash Position": "348,900", "Income Tax Paid Supplemental Data": "108,600", "Interest Paid Supplemental Data": "74,800", "Capital Expenditure": "-66,200", "Issuance of Capital Stock": "1,500", "Issuance of Debt": "0", "Repayment of Debt": "-157,500", "Repurchase of Capital Stock": "-10,600", "Free Cash Flow": "536,400"}, "12/31/2020": {"Duration": "12/31/2020", "Operating Cash Flow": "602,600", "Investing Cash Flow": "-49,000", "Financing Cash Flow": "-461,700", "Other Cash Adjustment Inside Change in Cash": "-1,500", "End Cash Position": "348,900", "Income Tax Paid Supplemental Data": "108,600", "Interest Paid Supplemental Data": "74,800", "Capital Expenditure": "-66,200", "Issuance of Capital Stock": "1,500", "Issuance of Debt": "0", "Repayment of Debt": "-157,500", "Repurchase of Capital Stock": "-10,600", "Free Cash Flow": "536,400"}, "12/31/2019": {"Duration": "12/31/2019", "Operating Cash Flow": "668,000", "Investing Cash Flow": "-1,418,200", "Financing Cash Flow": "731,100", "Other Cash Adjustment Inside Change in Cash": "-21,100", "End Cash Position": "247,600", "Income Tax Paid Supplemental Data": "84,200", "Interest Paid Supplemental Data": "77,300", "Capital Expenditure": "-143,100", "Issuance of Capital Stock": "9,300", "Issuance of Debt": "993,300", "Repayment of Debt": "-37,600", "Repurchase of Capital Stock": "-16,400", "Free Cash Flow": "524,900"}, "12/31/2018": {"Duration": "12/31/2018", "Operating Cash Flow": "440,300", "Investing Cash Flow": "-277,800", "Financing Cash Flow": "-396,900", "Other Cash Adjustment Inside Change in Cash": "-47,300", "End Cash Position": "268,100", "Income Tax Paid Supplemental Data": "92,800", "Interest Paid Supplemental Data": "61,800", "Capital Expenditure": "-159,600", "Issuance of Capital Stock": "4,800", "Issuance of Debt": "0", "Repayment of Debt": "-155,400", "Repurchase of Capital Stock": "-112,400", "Free Cash Flow": "280,700"}}}}, {"MHK": {"quote": {"05/12/2021": {"value": "219.47", "Market Cap": "15.299B", "Beta (5Y Monthly)": "1.57", "PE Ratio (TTM)": "4.40", "EPS (TTM)": "49.90", "Earnings Date": "Aug 04, 2021 - Aug 09, 2021", "Forward Dividend & Yield": "N/A (N/A)", "Ex-Dividend Date": "N/A", "1y Target Est": "218.82"}}, "fin": {"TTM": {"Duration": "TTM", "Total Revenue": "9,552,197", "Cost of Revenue": "7,121,507", "Gross Profit": "2,430,690", "Operating Expense": "1,794,688", "Operating Income": "636,002", "Net Non Operating Interest Income Expense": "-52,379", "Other Income Expense": "751", "Pretax Income": "584,374", "Tax Provision": "68,647", "Net Income Common Stockholders": "515,595", "Diluted NI Available to Com Stockholders": "515,595", "Basic EPS": "-", "Diluted EPS": "-", "Basic Average Shares": "-", "Diluted Average Shares": "-", "Total Operating Income as Reported": "636,002", "Total Expenses": "8,916,195", "Net Income from Continuing & Discontinued Operation": "515,595", "Normalized Income": "523,046", "Interest Expense": "52,379", "Net Interest Income": "-52,379", "EBIT": "636,753", "EBITDA": "1,244,260", "Reconciled Cost of Revenue": "7,121,507", "Reconciled Depreciation": "607,507", "Net Income from Continuing Operation Net Minority Interest": "515,595", "Total Unusual Items Excluding Goodwill": "-8,438", "Total Unusual Items": "-8,438", "Normalized EBITDA": "1,252,698", "Tax Rate for Calcs": "0", "Tax Effect of Unusual Items": "-987.246"}, "12/31/2020": {"Duration": "12/31/2020", "Total Revenue": "9,552,197", "Cost of Revenue": "7,121,507", "Gross Profit": "2,430,690", "Operating Expense": "1,794,688", "Operating Income": "636,002", "Net Non Operating Interest Income Expense": "-52,379", "Other Income Expense": "751", "Pretax Income": "584,374", "Tax Provision": "68,647", "Net Income Common Stockholders": "515,595", "Diluted NI Available to Com Stockholders": "515,595", "Basic EPS": "-", "Diluted EPS": "-", "Basic Average Shares": "-", "Diluted Average Shares": "-", "Total Operating Income as Reported": "636,002", "Total Expenses": "8,916,195", "Net Income from Continuing & Discontinued Operation": "515,595", "Normalized Income": "523,046", "Interest Expense": "52,379", "Net Interest Income": "-52,379", "EBIT": "636,753", "EBITDA": "-", "Reconciled Cost of Revenue": "7,121,507", "Reconciled Depreciation": "607,507", "Net Income from Continuing Operation Net Minority Interest": "515,595", "Total Unusual Items Excluding Goodwill": "-8,438", "Total Unusual Items": "-8,438", "Normalized EBITDA": "1,252,698", "Tax Rate for Calcs": "0", "Tax Effect of Unusual Items": "-987.246"}, "12/31/2019": {"Duration": "12/31/2019", "Total Revenue": "9,970,672", "Cost of Revenue": "7,294,629", "Gross Profit": "2,676,043", "Operating Expense": "1,848,819", "Operating Income": "827,224", "Net Non Operating Interest Income Expense": "-41,272", "Other Income Expense": "-36,407", "Pretax Income": "749,545", "Tax Provision": "4,974", "Net Income Common Stockholders": "744,211", "Diluted NI Available to Com Stockholders": "744,211", "Basic EPS": "10.34", "Diluted EPS": "10.30", "Basic Average Shares": "71,986", "Diluted Average Shares": "72,264", "Total Operating Income as Reported": "827,224", "Total Expenses": "9,143,448", "Net Income from Continuing & Discontinued Operation": "744,211", "Normalized Income": "796,256", "Interest Expense": "41,272", "Net Interest Income": "-41,272", "EBIT": "790,817", "EBITDA": "-", "Reconciled Cost of Revenue": "7,294,629", "Reconciled Depreciation": "576,452", "Net Income from Continuing Operation Net Minority Interest": "744,211", "Total Unusual Items Excluding Goodwill": "-52,412", "Total Unusual Items": "-52,412", "Normalized EBITDA": "1,419,681", "Tax Rate for Calcs": "0", "Tax Effect of Unusual Items": "-366.884"}, "12/31/2018": {"Duration": "12/31/2018", "Total Revenue": "9,983,634", "Cost of Revenue": "7,145,564", "Gross Profit": "2,838,070", "Operating Expense": "1,742,744", "Operating Income": "1,095,326", "Net Non Operating Interest Income Expense": "-38,827", "Other Income Expense": "-7,298", "Pretax Income": "1,049,201", "Tax Provision": "184,346", "Net Income Common Stockholders": "861,704", "Diluted NI Available to Com Stockholders": "861,704", "Basic EPS": "11.53", "Diluted EPS": "11.47", "Basic Average Shares": "74,413", "Diluted Average Shares": "74,773", "Total Operating Income as Reported": "1,095,326", "Total Expenses": "8,888,308", "Net Income from Continuing & Discontinued Operation": "861,704", "Normalized Income": "873,420", "Interest Expense": "38,827", "Net Interest Income": "-38,827", "EBIT": "1,088,028", "EBITDA": "-", "Reconciled Cost of Revenue": "7,145,564", "Reconciled Depreciation": "521,765", "Net Income from Continuing Operation Net Minority Interest": "861,704", "Total Unusual Items Excluding Goodwill": "-14,219", "Total Unusual Items": "-14,219", "Normalized EBITDA": "1,624,012", "Tax Rate for Calcs": "0", "Tax Effect of Unusual Items": "-2,503"}}, "bs": {"12/31/2020": {"Duration": "12/31/2020", "Total Assets": "14,327,751", "Total Liabilities Net Minority Interest": "5,786,593", "Total Equity Gross Minority Interest": "8,541,158", "Total Capitalization": "10,891,203", "Common Stock Equity": "8,534,316", "Capital Lease Obligations": "332,768", "Net Tangible Assets": "4,931,878", "Working Capital": "2,992,406", "Invested Capital": "11,274,130", "Tangible Book Value": "4,931,878", "Total Debt": "3,072,582", "Net Debt": "1,971,189", "Share Issued": "77,624", "Ordinary Shares Number": "70,278", "Treasury Shares Number": "7,346"}, "12/31/2019": {"Duration": "12/31/2019", "Total Assets": "13,386,680", "Total Liabilities Net Minority Interest": "5,260,232", "Total Equity Gross Minority Interest": "8,126,448", "Total Capitalization": "9,638,229", "Common Stock Equity": "8,119,841", "Capital Lease Obligations": "330,100", "Net Tangible Assets": "4,620,935", "Working Capital": "1,716,874", "Invested Capital": "10,699,651", "Tangible Book Value": "4,620,935", "Total Debt": "2,909,910", "Net Debt": "2,445,025", "Share Issued": "78,980", "Ordinary Shares Number": "71,632", "Treasury Shares Number": "7,348"}, "12/31/2018": {"Duration": "12/31/2018", "Total Assets": "13,099,123", "Total Liabilities Net Minority Interest": "5,659,064", "Total Equity Gross Minority Interest": "7,440,059", "Total Capitalization": "8,949,415", "Common Stock Equity": "7,433,814", "Capital Lease Obligations": "-", "Net Tangible Assets": "3,951,038", "Working Capital": "1,243,057", "Invested Capital": "10,706,412", "Tangible Book Value": "3,951,038", "Total Debt": "3,272,598", "Net Debt": "3,153,548", "Share Issued": "79,656", "Ordinary Shares Number": "72,307", "Treasury Shares Number": "7,349"}}, "cf": {"TTM": {"Duration": "TTM", "Operating Cash Flow": "1,769,839", "Investing Cash Flow": "-954,798", "Financing Cash Flow": "-188,185", "End Cash Position": "768,625", "Capital Expenditure": "-425,557", "Issuance of Debt": "6,375,476", "Repayment of Debt": "-6,355,828", "Repurchase of Capital Stock": "-192,164", "Free Cash Flow": "1,344,282"}, "12/31/2020": {"Duration": "12/31/2020", "Operating Cash Flow": "1,769,839", "Investing Cash Flow": "-954,798", "Financing Cash Flow": "-188,185", "End Cash Position": "768,625", "Capital Expenditure": "-425,557", "Issuance of Debt": "6,375,476", "Repayment of Debt": "-6,355,828", "Repurchase of Capital Stock": "-192,164", "Free Cash Flow": "1,344,282"}, "12/31/2019": {"Duration": "12/31/2019", "Operating Cash Flow": "1,418,761", "Investing Cash Flow": "-616,044", "Financing Cash Flow": "-789,877", "End Cash Position": "134,785", "Capital Expenditure": "-545,462", "Issuance of Debt": "15,320,089", "Repayment of Debt": "-15,993,418", "Repurchase of Capital Stock": "-108,857", "Free Cash Flow": "873,299"}, "12/31/2018": {"Duration": "12/31/2018", "Operating Cash Flow": "1,181,344", "Investing Cash Flow": "-1,332,203", "Financing Cash Flow": "198,029", "End Cash Position": "119,050", "Capital Expenditure": "-794,110", "Issuance of Debt": "18,151,334", "Repayment of Debt": "-17,639,157", "Repurchase of Capital Stock": "-284,069", "Free Cash Flow": "387,234"}}}}, {"TPX": {"quote": {"05/12/2021": {"value": "38.42", "Market Cap": "7.567B", "Beta (5Y Monthly)": "2.03", "PE Ratio (TTM)": "19.34", "EPS (TTM)": "1.99", "Earnings Date": "Jul 28, 2021 - Aug 02, 2021", "Forward Dividend & Yield": "0.28 (0.71%)", "Ex-Dividend Date": "May 12, 2021", "1y Target Est": "46.67"}}, "fin": {"TTM": {"Duration": "TTM", "Total Revenue": "3,676,900", "Cost of Revenue": "2,038,500", "Gross Profit": "1,638,400", "Operating Expense": "1,122,700", "Operating Income": "515,700", "Net Non Operating Interest Income Expense": "-77,000", "Other Income Expense": "13,700", "Pretax Income": "452,400", "Tax Provision": "102,600", "Net Income Common Stockholders": "348,800", "Diluted NI Available to Com Stockholders": "348,800", "Basic EPS": "-", "Diluted EPS": "-", "Basic Average Shares": "-", "Diluted Average Shares": "-", "Total Operating Income as Reported": "532,100", "Total Expenses": "3,161,200", "Net Income from Continuing & Discontinued Operation": "348,800", "Normalized Income": "352,742", "Interest Expense": "77,000", "Net Interest Income": "-77,000", "EBIT": "529,400", "EBITDA": "627,400", "Reconciled Cost of Revenue": "2,038,500", "Reconciled Depreciation": "98,000", "Net Income from Continuing Operation Net Minority Interest": "348,800", "Total Unusual Items Excluding Goodwill": "-5,100", "Total Unusual Items": "-5,100", "Normalized EBITDA": "632,500", "Tax Rate for Calcs": "0", "Tax Effect of Unusual Items": "-1,158"}, "12/31/2020": {"Duration": "12/31/2020", "Total Revenue": "3,676,900", "Cost of Revenue": "2,038,500", "Gross Profit": "1,638,400", "Operating Expense": "1,122,700", "Operating Income": "515,700", "Net Non Operating Interest Income Expense": "-77,000", "Other Income Expense": "13,700", "Pretax Income": "452,400", "Tax Provision": "102,600", "Net Income Common Stockholders": "348,800", "Diluted NI Available to Com Stockholders": "348,800", "Basic EPS": "-", "Diluted EPS": "-", "Basic Average Shares": "-", "Diluted Average Shares": "-", "Total Operating Income as Reported": "532,100", "Total Expenses": "3,161,200", "Net Income from Continuing & Discontinued Operation": "348,800", "Normalized Income": "352,742", "Interest Expense": "77,000", "Net Interest Income": "-77,000", "EBIT": "529,400", "EBITDA": "-", "Reconciled Cost of Revenue": "2,038,500", "Reconciled Depreciation": "98,000", "Net Income from Continuing Operation Net Minority Interest": "348,800", "Total Unusual Items Excluding Goodwill": "-5,100", "Total Unusual Items": "-5,100", "Normalized EBITDA": "632,500", "Tax Rate for Calcs": "0", "Tax Effect of Unusual Items": "-1,158"}, "12/31/2019": {"Duration": "12/31/2019", "Total Revenue": "3,106,000", "Cost of Revenue": "1,763,800", "Gross Profit": "1,342,200", "Operating Expense": "1,011,400", "Operating Income": "330,800", "Net Non Operating Interest Income Expense": "-85,700", "Other Income Expense": "20,400", "Pretax Income": "265,500", "Tax Provision": "74,700", "Net Income Common Stockholders": "189,500", "Diluted NI Available to Com Stockholders": "189,500", "Basic EPS": "0.87", "Diluted EPS": "0.85", "Basic Average Shares": "218,000", "Diluted Average Shares": "221,600", "Total Operating Income as Reported": "346,700", "Total Expenses": "2,775,200", "Net Income from Continuing & Discontinued Operation": "189,500", "Normalized Income": "190,900", "Interest Expense": "85,700", "Net Interest Income": "-85,700", "EBIT": "351,200", "EBITDA": "-", "Reconciled Cost of Revenue": "1,763,800", "Reconciled Depreciation": "89,700", "Net Income from Continuing Operation Net Minority Interest": "190,900", "Total Unusual Items Excluding Goodwill": "-", "Total Unusual Items": "-", "Normalized EBITDA": "440,900", "Tax Rate for Calcs": "0", "Tax Effect of Unusual Items": "0"}, "12/31/2018": {"Duration": "12/31/2018", "Total Revenue": "2,702,900", "Cost of Revenue": "1,582,200", "Gross Profit": "1,120,700", "Operating Expense": "882,000", "Operating Income": "238,700", "Net Non Operating Interest Income Expense": "-92,300", "Other Income Expense": "18,600", "Pretax Income": "165,000", "Tax Provision": "49,600", "Net Income Common Stockholders": "100,500", "Diluted NI Available to Com Stockholders": "100,500", "Basic EPS": "0.46", "Diluted EPS": "0.46", "Basic Average Shares": "217,600", "Diluted Average Shares": "220,400", "Total Operating Income as Reported": "256,300", "Total Expenses": "2,464,200", "Net Income from Continuing & Discontinued Operation": "100,500", "Normalized Income": "118,300", "Interest Expense": "92,300", "Net Interest Income": "-92,300", "EBIT": "257,300", "EBITDA": "-", "Reconciled Cost of Revenue": "1,582,200", "Reconciled Depreciation": "87,100", "Net Income from Continuing Operation Net Minority Interest": "118,300", "Total Unusual Items Excluding Goodwill": "0", "Total Unusual Items": "0", "Normalized EBITDA": "344,400", "Tax Rate for Calcs": "0", "Tax Effect of Unusual Items": "0"}}, "bs": {"12/31/2020": {"Duration": "12/31/2020", "Total Assets": "3,308,600", "Total Liabilities Net Minority Interest": "2,804,000", "Total Equity Gross Minority Interest": "504,600", "Total Capitalization": "1,826,600", "Common Stock Equity": "503,600", "Capital Lease Obligations": "336,100", "Net Tangible Assets": "-892,800", "Working Capital": "-6,400", "Invested Capital": "1,870,500", "Tangible Book Value": "-892,800", "Total Debt": "1,703,000", "Net Debt": "1,301,900", "Share Issued": "283,800", "Ordinary Shares Number": "204,900", "Treasury Shares Number": "78,900"}, "12/31/2019": {"Duration": "12/31/2019", "Total Assets": "3,061,800", "Total Liabilities Net Minority Interest": "2,701,400", "Total Equity Gross Minority Interest": "360,400", "Total Capitalization": "1,862,100", "Common Stock Equity": "359,500", "Capital Lease Obligations": "256,200", "Net Tangible Assets": "-1,014,200", "Working Capital": "126,900", "Invested Capital": "1,899,500", "Tangible Book Value": "-1,014,200", "Total Debt": "1,796,200", "Net Debt": "1,475,100", "Share Issued": "396,800", "Ordinary Shares Number": "215,200", "Treasury Shares Number": "181,600"}, "12/31/2018": {"Duration": "12/31/2018", "Total Assets": "2,715,400", "Total Liabilities Net Minority Interest": "2,497,900", "Total Equity Gross Minority Interest": "217,500", "Total Capitalization": "1,813,700", "Common Stock Equity": "214,600", "Capital Lease Obligations": "-", "Net Tangible Assets": "-1,157,700", "Working Capital": "136,400", "Invested Capital": "1,860,800", "Tangible Book Value": "-1,157,700", "Total Debt": "1,646,200", "Net Debt": "1,600,400", "Share Issued": "396,800", "Ordinary Shares Number": "218,000", "Treasury Shares Number": "178,800"}}, "cf": {"TTM": {"Duration": "TTM", "Operating Cash Flow": "655,000", "Investing Cash Flow": "-146,600", "Financing Cash Flow": "-522,600", "Cash Flow from Discontinued Operation": "300", "End Cash Position": "65,000", "Income Tax Paid Supplemental Data": "93,800", "Interest Paid Supplemental Data": "79,000", "Capital Expenditure": "-111,300", "Issuance of Capital Stock": "-", "Issuance of Debt": "1,175,800", "Repayment of Debt": "-1,372,200", "Repurchase of Capital Stock": "-331,800", "Free Cash Flow": "543,700"}, "12/31/2020": {"Duration": "12/31/2020", "Operating Cash Flow": "655,000", "Investing Cash Flow": "-146,600", "Financing Cash Flow": "-522,600", "Cash Flow from Discontinued Operation": "300", "End Cash Position": "65,000", "Income Tax Paid Supplemental Data": "93,800", "Interest Paid Supplemental Data": "79,000", "Capital Expenditure": "-111,300", "Issuance of Capital Stock": "-", "Issuance of Debt": "1,175,800", "Repayment of Debt": "-1,372,200", "Repurchase of Capital Stock": "-331,800", "Free Cash Flow": "543,700"}, "12/31/2019": {"Duration": "12/31/2019", "Operating Cash Flow": "312,800", "Investing Cash Flow": "-90,200", "Financing Cash Flow": "-203,200", "Cash Flow from Discontinued Operation": "-", "End Cash Position": "64,900", "Income Tax Paid Supplemental Data": "73,800", "Interest Paid Supplemental Data": "89,000", "Capital Expenditure": "-88,200", "Issuance of Capital Stock": "-", "Issuance of Debt": "1,242,800", "Repayment of Debt": "-1,354,900", "Repurchase of Capital Stock": "-105,700", "Free Cash Flow": "224,600"}, "12/31/2018": {"Duration": "12/31/2018", "Operating Cash Flow": "183,100", "Investing Cash Flow": "-69,100", "Financing Cash Flow": "-107,000", "Cash Flow from Discontinued Operation": "-", "End Cash Position": "45,800", "Income Tax Paid Supplemental Data": "32,500", "Interest Paid Supplemental Data": "91,800", "Capital Expenditure": "-73,600", "Issuance of Capital Stock": "-", "Issuance of Debt": "1,094,900", "Repayment of Debt": "-1,195,800", "Repurchase of Capital Stock": "-4,600", "Free Cash Flow": "109,500"}}}}, {"LZB": {"quote": {"05/12/2021": {"value": "43.60", "Market Cap": "2.101B", "Beta (5Y Monthly)": "1.12", "PE Ratio (TTM)": "28.20", "EPS (TTM)": "1.55", "Earnings Date": "Jun 21, 2021 - Jun 25, 2021", "Forward Dividend & Yield": "0.60 (1.38%)", "Ex-Dividend Date": "May 28, 2021", "1y Target Est": "50.00"}}, "fin": {"TTM": {"Duration": "TTM", "Total Revenue": "1,582,055", "Cost of Revenue": "892,179", "Gross Profit": "689,876", "Operating Expense": "562,910", "Operating Income": "126,966", "Net Non Operating Interest Income Expense": "91", "Other Income Expense": "-18,560", "Pretax Income": "108,497", "Tax Provision": "35,549", "Net Income Common Stockholders": "71,231", "Diluted NI Available to Com Stockholders": "71,231", "Basic EPS": "-", "Diluted EPS": "-", "Basic Average Shares": "-", "Diluted Average Shares": "-", "Total Operating Income as Reported": "100,104", "Total Expenses": "1,455,089", "Net Income from Continuing & Discontinued Operation": "71,260", "Normalized Income": "71,260", "Interest Income": "1,594", "Interest Expense": "1,503", "Net Interest Income": "91", "EBIT": "110,000", "EBITDA": "142,777", "Reconciled Cost of Revenue": "892,179", "Reconciled Depreciation": "32,777", "Net Income from Continuing Operation Net Minority Interest": "71,260", "Total Unusual Items Excluding Goodwill": "-", "Total Unusual Items": "-", "Normalized EBITDA": "142,777", "Tax Rate for Calcs": "0", "Tax Effect of Unusual Items": "0"}, "4/30/2020": {"Duration": "4/30/2020", "Total Revenue": "1,703,982", "Cost of Revenue": "982,537", "Gross Profit": "721,445", "Operating Expense": "575,821", "Operating Income": "145,624", "Net Non Operating Interest Income Expense": "1,494", "Other Income Expense": "-31,945", "Pretax Income": "115,173", "Tax Provision": "36,189", "Net Income Common Stockholders": "77,352", "Diluted NI Available to Com Stockholders": "77,352", "Basic EPS": "1.67", "Diluted EPS": "1.66", "Basic Average Shares": "46,399", "Diluted Average Shares": "46,736", "Total Operating Income as Reported": "118,762", "Total Expenses": "1,558,358", "Net Income from Continuing & Discontinued Operation": "77,469", "Normalized Income": "95,896", "Interest Income": "2,785", "Interest Expense": "1,291", "Net Interest Income": "1,494", "EBIT": "116,464", "EBITDA": "-", "Reconciled Cost of Revenue": "982,537", "Reconciled Depreciation": "31,192", "Net Income from Continuing Operation Net Minority Interest": "77,469", "Total Unusual Items Excluding Goodwill": "-26,862", "Total Unusual Items": "-26,862", "Normalized EBITDA": "174,518", "Tax Rate for Calcs": "0", "Tax Effect of Unusual Items": "-8,435"}, "4/30/2019": {"Duration": "4/30/2019", "Total Revenue": "1,745,401", "Cost of Revenue": "1,042,831", "Gross Profit": "702,570", "Operating Expense": "572,896", "Operating Income": "129,674", "Net Non Operating Interest Income Expense": "561", "Other Income Expense": "-34,908", "Pretax Income": "95,327", "Tax Provision": "25,186", "Net Income Common Stockholders": "68,349", "Diluted NI Available to Com Stockholders": "68,349", "Basic EPS": "1.46", "Diluted EPS": "1.44", "Basic Average Shares": "46,828", "Diluted Average Shares": "47,333", "Total Operating Income as Reported": "129,674", "Total Expenses": "1,615,727", "Net Income from Continuing & Discontinued Operation": "68,574", "Normalized Income": "68,574", "Interest Income": "2,103", "Interest Expense": "1,542", "Net Interest Income": "561", "EBIT": "96,869", "EBITDA": "-", "Reconciled Cost of Revenue": "1,042,831", "Reconciled Depreciation": "31,147", "Net Income from Continuing Operation Net Minority Interest": "68,574", "Total Unusual Items Excluding Goodwill": "-32,671", "Total Unusual Items": "-32,671", "Normalized EBITDA": "128,016", "Tax Rate for Calcs": "0", "Tax Effect of Unusual Items": "0"}, "4/30/2018": {"Duration": "4/30/2018", "Total Revenue": "1,583,947", "Cost of Revenue": "961,200", "Gross Profit": "622,747", "Operating Expense": "493,378", "Operating Income": "129,369", "Net Non Operating Interest Income Expense": "1,171", "Other Income Expense": "-1,650", "Pretax Income": "128,890", "Tax Provision": "47,295", "Net Income Common Stockholders": "80,459", "Diluted NI Available to Com Stockholders": "80,459", "Basic EPS": "1.73", "Diluted EPS": "1.67", "Basic Average Shares": "46,788", "Diluted Average Shares": "48,135", "Total Operating Income as Reported": "129,369", "Total Expenses": "1,454,578", "Net Income from Continuing & Discontinued Operation": "80,866", "Normalized Income": "80,866", "Interest Income": "1,709", "Interest Expense": "538", "Net Interest Income": "1,171", "EBIT": "129,428", "EBITDA": "-", "Reconciled Cost of Revenue": "961,200", "Reconciled Depreciation": "31,767", "Net Income from Continuing Operation Net Minority Interest": "80,866", "Total Unusual Items Excluding Goodwill": "-", "Total Unusual Items": "-", "Normalized EBITDA": "161,195", "Tax Rate for Calcs": "0", "Tax Effect of Unusual Items": "0"}}, "bs": {"4/30/2020": {"Duration": "4/30/2020", "Total Assets": "1,434,889", "Total Liabilities Net Minority Interest": "718,583", "Total Equity Gross Minority Interest": "716,306", "Total Capitalization": "700,753", "Common Stock Equity": "700,753", "Capital Lease Obligations": "334,538", "Net Tangible Assets": "511,083", "Working Capital": "276,157", "Invested Capital": "775,753", "Tangible Book Value": "511,083", "Total Debt": "409,538", "Share Issued": "45,857", "Ordinary Shares Number": "45,857"}, "4/30/2019": {"Duration": "4/30/2019", "Total Assets": "1,059,790", "Total Liabilities Net Minority Interest": "362,814", "Total Equity Gross Minority Interest": "696,976", "Total Capitalization": "682,508", "Common Stock Equity": "682,508", "Capital Lease Obligations": "199", "Net Tangible Assets": "466,734", "Working Capital": "302,482", "Invested Capital": "682,508", "Tangible Book Value": "466,734", "Total Debt": "199", "Share Issued": "46,955", "Ordinary Shares Number": "46,955"}, "4/30/2018": {"Duration": "4/30/2018", "Total Assets": "892,967", "Total Liabilities Net Minority Interest": "267,751", "Total Equity Gross Minority Interest": "625,216", "Total Capitalization": "612,181", "Common Stock Equity": "612,181", "Capital Lease Obligations": "422", "Net Tangible Assets": "518,737", "Working Capital": "336,871", "Invested Capital": "612,181", "Tangible Book Value": "518,737", "Total Debt": "422", "Share Issued": "46,788", "Ordinary Shares Number": "46,788"}}, "cf": {"TTM": {"Duration": "TTM", "Operating Cash Flow": "294,314", "Investing Cash Flow": "-45,331", "Financing Cash Flow": "-25,141", "End Cash Position": "392,087", "Capital Expenditure": "-37,293", "Issuance of Debt": "-", "Repayment of Debt": "-75,046", "Repurchase of Capital Stock": "-8,898", "Free Cash Flow": "257,021"}, "4/30/2020": {"Duration": "4/30/2020", "Operating Cash Flow": "164,242", "Investing Cash Flow": "-40,765", "Financing Cash Flow": "9,408", "End Cash Position": "263,528", "Capital Expenditure": "-46,035", "Issuance of Debt": "75,000", "Repayment of Debt": "-161", "Repurchase of Capital Stock": "-43,369", "Free Cash Flow": "118,207"}, "4/30/2019": {"Duration": "4/30/2019", "Operating Cash Flow": "150,745", "Investing Cash Flow": "-122,567", "Financing Cash Flow": "-32,787", "End Cash Position": "131,787", "Capital Expenditure": "-48,433", "Issuance of Debt": "-", "Repayment of Debt": "-223", "Repurchase of Capital Stock": "-22,957", "Free Cash Flow": "102,312"}, "4/30/2018": {"Duration": "4/30/2018", "Operating Cash Flow": "115,750", "Investing Cash Flow": "-55,224", "Financing Cash Flow": "-76,255", "End Cash Position": "136,871", "Capital Expenditure": "-36,337", "Issuance of Debt": "-", "Repayment of Debt": "-262", "Repurchase of Capital Stock": "-56,730", "Free Cash Flow": "79,413"}}}}, {"NC": {"quote": {"05/12/2021": {"value": "25.03", "Market Cap": "178.958M", "Beta (5Y Monthly)": "0.92", "PE Ratio (TTM)": "10.10", "EPS (TTM)": "2.48", "Earnings Date": "Aug 04, 2021", "Forward Dividend & Yield": "0.77 (3.08%)", "Ex-Dividend Date": "Mar 05, 2021", "1y Target Est": "N/A"}}, "fin": {"TTM": {"Duration": "TTM", "Total Revenue": "128,432", "Cost of Revenue": "111,463", "Gross Profit": "16,969", "Operating Expense": "57,275", "Operating Income": "-40,306", "Net Non Operating Interest Income Expense": "-154", "Other Income Expense": "54,718", "Pretax Income": "14,258", "Tax Provision": "-535", "Net Income Common Stockholders": "14,793", "Diluted NI Available to Com Stockholders": "14,793", "Basic EPS": "-", "Diluted EPS": "-", "Basic Average Shares": "-", "Diluted Average Shares": "-", "Total Operating Income as Reported": "13,448", "Total Expenses": "168,738", "Interest Income": "1,200", "Interest Expense": "1,354", "Net Interest Income": "-154", "Net Income from Continuing & Discontinued Operation": "14,793", "Normalized Income": "19,804", "EBIT": "15,612", "EBITDA": "33,726", "Reconciled Cost of Revenue": "95,921", "Reconciled Depreciation": "18,114", "Net Income from Continuing Operation Net Minority Interest": "14,793", "Total Unusual Items Excluding Goodwill": "-6,864", "Total Unusual Items": "-6,864", "Normalized EBITDA": "40,590", "Tax Rate for Calcs": "0", "Tax Effect of Unusual Items": "-1,853"}, "12/31/2020": {"Duration": "12/31/2020", "Total Revenue": "128,432", "Cost of Revenue": "111,463", "Gross Profit": "16,969", "Operating Expense": "57,275", "Operating Income": "-40,306", "Net Non Operating Interest Income Expense": "-154", "Other Income Expense": "54,718", "Pretax Income": "14,258", "Tax Provision": "-535", "Net Income Common Stockholders": "14,793", "Diluted NI Available to Com Stockholders": "14,793", "Basic EPS": "-", "Diluted EPS": "-", "Basic Average Shares": "-", "Diluted Average Shares": "-", "Total Operating Income as Reported": "13,448", "Total Expenses": "168,738", "Interest Income": "1,200", "Interest Expense": "1,354", "Net Interest Income": "-154", "Net Income from Continuing & Discontinued Operation": "14,793", "Normalized Income": "19,804", "EBIT": "15,612", "EBITDA": "-", "Reconciled Cost of Revenue": "95,921", "Reconciled Depreciation": "18,114", "Net Income from Continuing Operation Net Minority Interest": "14,793", "Total Unusual Items Excluding Goodwill": "-6,864", "Total Unusual Items": "-6,864", "Normalized EBITDA": "40,590", "Tax Rate for Calcs": "0", "Tax Effect of Unusual Items": "-1,853"}, "12/31/2019": {"Duration": "12/31/2019", "Total Revenue": "140,990", "Cost of Revenue": "109,862", "Gross Profit": "31,128", "Operating Expense": "57,934", "Operating Income": "-26,806", "Net Non Operating Interest Income Expense": "2,744", "Other Income Expense": "67,461", "Pretax Income": "43,399", "Tax Provision": "3,767", "Net Income Common Stockholders": "39,632", "Diluted NI Available to Com Stockholders": "39,632", "Basic EPS": "5.68", "Diluted EPS": "5.66", "Basic Average Shares": "6,974", "Diluted Average Shares": "7,007", "Total Operating Income as Reported": "38,820", "Total Expenses": "167,796", "Interest Income": "3,616", "Interest Expense": "872", "Net Interest Income": "2,744", "Net Income from Continuing & Discontinued Operation": "39,632", "Normalized Income": "38,033", "EBIT": "44,271", "EBITDA": "-", "Reconciled Cost of Revenue": "96,236", "Reconciled Depreciation": "16,240", "Net Income from Continuing Operation Net Minority Interest": "39,632", "Total Unusual Items Excluding Goodwill": "1,751", "Total Unusual Items": "1,751", "Normalized EBITDA": "58,760", "Tax Rate for Calcs": "0", "Tax Effect of Unusual Items": "152.337"}, "12/31/2018": {"Duration": "12/31/2018", "Total Revenue": "135,375", "Cost of Revenue": "105,407", "Gross Profit": "29,968", "Operating Expense": "53,527", "Operating Income": "-23,559", "Net Non Operating Interest Income Expense": "-1,998", "Other Income Expense": "67,720", "Pretax Income": "42,163", "Tax Provision": "7,378", "Net Income Common Stockholders": "34,785", "Diluted NI Available to Com Stockholders": "34,785", "Basic EPS": "5.02", "Diluted EPS": "5.00", "Basic Average Shares": "6,924", "Diluted Average Shares": "6,960", "Total Operating Income as Reported": "43,624", "Total Expenses": "158,934", "Interest Income": "-", "Interest Expense": "1,998", "Net Interest Income": "-1,998", "Net Income from Continuing & Discontinued Operation": "34,785", "Normalized Income": "34,049", "EBIT": "44,161", "EBITDA": "-", "Reconciled Cost of Revenue": "93,762", "Reconciled Depreciation": "14,683", "Net Income from Continuing Operation Net Minority Interest": "34,785", "Total Unusual Items Excluding Goodwill": "892", "Total Unusual Items": "892", "Normalized EBITDA": "57,952", "Tax Rate for Calcs": "0", "Tax Effect of Unusual Items": "156.1"}}, "bs": {"12/31/2020": {"Duration": "12/31/2020", "Total Assets": "476,179", "Total Liabilities Net Minority Interest": "175,555", "Total Equity Gross Minority Interest": "300,624", "Total Capitalization": "324,977", "Common Stock Equity": "300,624", "Capital Lease Obligations": "11,196", "Net Tangible Assets": "265,294", "Working Capital": "135,889", "Invested Capital": "347,089", "Tangible Book Value": "265,294", "Total Debt": "57,661", "Share Issued": "7,058", "Ordinary Shares Number": "7,058"}, "12/31/2019": {"Duration": "12/31/2019", "Total Assets": "444,773", "Total Liabilities Net Minority Interest": "155,381", "Total Equity Gross Minority Interest": "289,392", "Total Capitalization": "306,540", "Common Stock Equity": "289,392", "Capital Lease Obligations": "12,448", "Net Tangible Assets": "251,490", "Working Capital": "138,702", "Invested Capital": "314,335", "Tangible Book Value": "251,490", "Total Debt": "37,391", "Share Issued": "6,966", "Ordinary Shares Number": "6,966"}, "12/31/2018": {"Duration": "12/31/2018", "Total Assets": "376,991", "Total Liabilities Net Minority Interest": "126,287", "Total Equity Gross Minority Interest": "250,704", "Total Capitalization": "250,704", "Common Stock Equity": "250,704", "Capital Lease Obligations": "7,021", "Net Tangible Assets": "210,188", "Working Capital": "121,926", "Invested Capital": "254,704", "Tangible Book Value": "210,188", "Total Debt": "11,021", "Share Issued": "6,921", "Ordinary Shares Number": "6,921"}}, "cf": {"TTM": {"Duration": "TTM", "Operating Cash Flow": "-2,486", "Investing Cash Flow": "-45,984", "Financing Cash Flow": "14,028", "End Cash Position": "88,450", "Capital Expenditure": "-30,187", "Issuance of Debt": "7,427", "Repayment of Debt": "-1,354", "Repurchase of Capital Stock": "-1,002", "Free Cash Flow": "-32,673"}, "12/31/2020": {"Duration": "12/31/2020", "Operating Cash Flow": "-2,486", "Investing Cash Flow": "-45,984", "Financing Cash Flow": "14,028", "End Cash Position": "88,450", "Capital Expenditure": "-30,187", "Issuance of Debt": "7,427", "Repayment of Debt": "-1,354", "Repurchase of Capital Stock": "-1,002", "Free Cash Flow": "-32,673"}, "12/31/2019": {"Duration": "12/31/2019", "Operating Cash Flow": "52,784", "Investing Cash Flow": "-20,262", "Financing Cash Flow": "5,113", "End Cash Position": "122,892", "Capital Expenditure": "-24,664", "Issuance of Debt": "2,000", "Repayment of Debt": "-742", "Repurchase of Capital Stock": "-3,010", "Free Cash Flow": "28,120"}, "12/31/2018": {"Duration": "12/31/2018", "Operating Cash Flow": "54,622", "Investing Cash Flow": "-18,387", "Financing Cash Flow": "-52,578", "End Cash Position": "85,257", "Capital Expenditure": "-20,930", "Issuance of Debt": "396", "Repayment of Debt": "-47,125", "Repurchase of Capital Stock": "-1,294", "Free Cash Flow": "33,692"}}}}, {"NVFY": {"quote": {"05/12/2021": {"value": "2.7500", "Market Cap": "15.311M", "Beta (5Y Monthly)": "1.46", "PE Ratio (TTM)": "N/A", "EPS (TTM)": "-4.5430", "Earnings Date": "Jul 05, 2021 - Jul 09, 2021", "Forward Dividend & Yield": "N/A (N/A)", "Ex-Dividend Date": "N/A", "1y Target Est": "N/A"}}, "fin": {"TTM": {"Duration": "TTM", "Total Revenue": "11,350", "Cost of Revenue": "31,243", "Gross Profit": "-19,892", "Operating Expense": "6,412", "Operating Income": "-26,305", "Net Non Operating Interest Income Expense": "-152.339", "Other Income Expense": "56.156", "Pretax Income": "-26,401", "Tax Provision": "-649.165", "Net Income Common Stockholders": "-26,078", "Diluted NI Available to Com Stockholders": "-26,078", "Basic EPS": "-", "Diluted EPS": "-", "Basic Average Shares": "-", "Diluted Average Shares": "-", "Total Operating Income as Reported": "-26,305", "Total Expenses": "37,655", "Net Income from Continuing & Discontinued Operation": "-26,078", "Normalized Income": "-25,461", "Net Interest Income": "-152.339", "EBIT": "-26,305", "EBITDA": "-25,557", "Reconciled Cost of Revenue": "31,243", "Reconciled Depreciation": "747.814", "Net Income from Continuing Operation Net Minority Interest": "-25,752", "Total Unusual Items Excluding Goodwill": "-297.965", "Total Unusual Items": "-297.965", "Normalized EBITDA": "-25,259", "Tax Rate for Calcs": "0", "Tax Effect of Unusual Items": "-7.3266"}, "12/31/2020": {"Duration": "12/31/2020", "Total Revenue": "11,350", "Cost of Revenue": "31,243", "Gross Profit": "-19,892", "Operating Expense": "6,412", "Operating Income": "-26,305", "Net Non Operating Interest Income Expense": "-152.339", "Other Income Expense": "56.156", "Pretax Income": "-26,401", "Tax Provision": "-649.165", "Net Income Common Stockholders": "-26,078", "Diluted NI Available to Com Stockholders": "-26,078", "Basic EPS": "-", "Diluted EPS": "-", "Basic Average Shares": "-", "Diluted Average Shares": "-", "Total Operating Income as Reported": "-26,305", "Total Expenses": "37,655", "Net Income from Continuing & Discontinued Operation": "-26,078", "Normalized Income": "-25,461", "Net Interest Income": "-152.339", "EBIT": "-26,305", "EBITDA": "-", "Reconciled Cost of Revenue": "31,243", "Reconciled Depreciation": "747.814", "Net Income from Continuing Operation Net Minority Interest": "-25,752", "Total Unusual Items Excluding Goodwill": "-297.965", "Total Unusual Items": "-297.965", "Normalized EBITDA": "-25,259", "Tax Rate for Calcs": "0", "Tax Effect of Unusual Items": "-7.3266"}, "12/31/2019": {"Duration": "12/31/2019", "Total Revenue": "21,983", "Cost of Revenue": "20,690", "Gross Profit": "1,293", "Operating Expense": "7,090", "Operating Income": "-5,796", "Net Non Operating Interest Income Expense": "-127.275", "Other Income Expense": "37.994", "Pretax Income": "-5,886", "Tax Provision": "251.042", "Net Income Common Stockholders": "-8,601", "Diluted NI Available to Com Stockholders": "-8,601", "Basic EPS": "-1.52", "Diluted EPS": "-1.52", "Basic Average Shares": "5,666", "Diluted Average Shares": "5,666", "Total Operating Income as Reported": "-5,796", "Total Expenses": "27,780", "Net Income from Continuing & Discontinued Operation": "-8,601", "Normalized Income": "-6,137", "Net Interest Income": "-127.275", "EBIT": "-5,796", "EBITDA": "-", "Reconciled Cost of Revenue": "20,690", "Reconciled Depreciation": "510.777", "Net Income from Continuing Operation Net Minority Interest": "-6,137", "Total Unusual Items Excluding Goodwill": "0.079", "Total Unusual Items": "0.079", "Normalized EBITDA": "-5,286", "Tax Rate for Calcs": "0", "Tax Effect of Unusual Items": "0.0213"}, "12/31/2018": {"Duration": "12/31/2018", "Total Revenue": "88,645", "Cost of Revenue": "72,693", "Gross Profit": "15,952", "Operating Expense": "11,004", "Operating Income": "4,948", "Net Non Operating Interest Income Expense": "-308.689", "Other Income Expense": "0.331", "Pretax Income": "4,640", "Tax Provision": "-659.918", "Net Income Common Stockholders": "5,300", "Diluted NI Available to Com Stockholders": "5,300", "Basic EPS": "0.95", "Diluted EPS": "0.95", "Basic Average Shares": "5,679", "Diluted Average Shares": "5,723", "Total Operating Income as Reported": "4,948", "Total Expenses": "83,697", "Net Income from Continuing & Discontinued Operation": "5,300", "Normalized Income": "5,300", "Net Interest Income": "-308.689", "EBIT": "4,948", "EBITDA": "-", "Reconciled Cost of Revenue": "72,693", "Reconciled Depreciation": "444.383", "Net Income from Continuing Operation Net Minority Interest": "5,300", "Total Unusual Items Excluding Goodwill": "-0.265", "Total Unusual Items": "-0.265", "Normalized EBITDA": "5,393", "Tax Rate for Calcs": "0", "Tax Effect of Unusual Items": "-0.0716"}}, "bs": {"12/31/2020": {"Duration": "12/31/2020", "Total Assets": "46,479", "Total Liabilities Net Minority Interest": "5,550", "Total Equity Gross Minority Interest": "40,928", "Total Capitalization": "41,078", "Common Stock Equity": "40,928", "Capital Lease Obligations": "2,434", "Net Tangible Assets": "40,710", "Working Capital": "41,270", "Invested Capital": "41,078", "Tangible Book Value": "40,710", "Total Debt": "2,584", "Net Debt": "-", "Share Issued": "5,942", "Ordinary Shares Number": "5,769", "Treasury Shares Number": "172.87"}, "12/31/2019": {"Duration": "12/31/2019", "Total Assets": "71,556", "Total Liabilities Net Minority Interest": "5,509", "Total Equity Gross Minority Interest": "66,047", "Total Capitalization": "66,047", "Common Stock Equity": "66,047", "Capital Lease Obligations": "2,692", "Net Tangible Assets": "65,828", "Working Capital": "67,034", "Invested Capital": "66,047", "Tangible Book Value": "65,828", "Total Debt": "2,692", "Net Debt": "-", "Share Issued": "5,742", "Ordinary Shares Number": "5,569", "Treasury Shares Number": "172.87"}, "12/31/2018": {"Duration": "12/31/2018", "Total Assets": "90,091", "Total Liabilities Net Minority Interest": "15,185", "Total Equity Gross Minority Interest": "74,906", "Total Capitalization": "74,906", "Common Stock Equity": "74,906", "Capital Lease Obligations": "-", "Net Tangible Assets": "70,892", "Working Capital": "73,617", "Invested Capital": "81,155", "Tangible Book Value": "70,892", "Total Debt": "6,248", "Net Debt": "5,358", "Share Issued": "5,713", "Ordinary Shares Number": "5,713", "Treasury Shares Number": "-"}}, "cf": {"TTM": {"Duration": "TTM", "Operating Cash Flow": "-2,075", "Investing Cash Flow": "672.757", "Financing Cash Flow": "466.096", "End Cash Position": "8,745", "Income Tax Paid Supplemental Data": "62.765", "Interest Paid Supplemental Data": "8.113", "Capital Expenditure": "-365.043", "Issuance of Debt": "466.096", "Repayment of Debt": "0", "Repurchase of Capital Stock": "0", "Free Cash Flow": "-2,440"}, "12/31/2020": {"Duration": "12/31/2020", "Operating Cash Flow": "-2,075", "Investing Cash Flow": "672.757", "Financing Cash Flow": "466.096", "End Cash Position": "8,745", "Income Tax Paid Supplemental Data": "62.765", "Interest Paid Supplemental Data": "8.113", "Capital Expenditure": "-365.043", "Issuance of Debt": "466.096", "Repayment of Debt": "0", "Repurchase of Capital Stock": "0", "Free Cash Flow": "-2,440"}, "12/31/2019": {"Duration": "12/31/2019", "Operating Cash Flow": "14,885", "Investing Cash Flow": "-25.902", "Financing Cash Flow": "-6,864", "End Cash Position": "8,885", "Income Tax Paid Supplemental Data": "799.22", "Interest Paid Supplemental Data": "64.286", "Capital Expenditure": "-25.902", "Issuance of Debt": "17,512", "Repayment of Debt": "-23,760", "Repurchase of Capital Stock": "-616.193", "Free Cash Flow": "14,859"}, "12/31/2018": {"Duration": "12/31/2018", "Operating Cash Flow": "-6,882", "Investing Cash Flow": "-27.529", "Financing Cash Flow": "2,078", "End Cash Position": "890.408", "Income Tax Paid Supplemental Data": "227.2", "Interest Paid Supplemental Data": "173.128", "Capital Expenditure": "-27.529", "Issuance of Debt": "67,576", "Repayment of Debt": "-65,530", "Repurchase of Capital Stock": "-", "Free Cash Flow": "-6,910"}}}}, {"NTZ": {"quote": {"05/12/2021": {"value": "15.52", "Market Cap": "170.264M", "Beta (5Y Monthly)": "1.87", "PE Ratio (TTM)": "N/A", "EPS (TTM)": "-2.74", "Earnings Date": "Apr 06, 2021", "Forward Dividend & Yield": "N/A (N/A)", "Ex-Dividend Date": "May 26, 2005", "1y Target Est": "N/A"}}, "fin": {"TTM": {"Duration": "TTM", "Total Revenue": "328,300", "Cost of Revenue": "225,200", "Gross Profit": "103,200", "Operating Expense": "111,900", "Operating Income": "-8,700", "Net Non Operating Interest Income Expense": "-7,500", "Other Income Expense": "-4,200", "Pretax Income": "-20,600", "Tax Provision": "4,300", "Net Income Common Stockholders": "-24,700", "Diluted NI Available to Com Stockholders": "-24,700", "Basic EPS": "-", "Diluted EPS": "-", "Basic Average Shares": "-", "Diluted Average Shares": "-", "Total Operating Income as Reported": "-10,600", "Total Expenses": "337,100", "Net Income from Continuing & Discontinued Operation": "-24,700", "Normalized Income": "-20,539", "Interest Income": "300", "Interest Expense": "7,800", "Net Interest Income": "-7,500", "EBIT": "-12,800", "EBITDA": "-12,800", "Reconciled Cost of Revenue": "225,200", "Reconciled Depreciation": "-", "Net Income from Continuing Operation Net Minority Interest": "-24,700", "Total Unusual Items Excluding Goodwill": "-5,700", "Total Unusual Items": "-5,700", "Normalized EBITDA": "-7,100", "Tax Rate for Calcs": "0", "Tax Effect of Unusual Items": "-1,539"}, "12/31/2020": {"Duration": "12/31/2020", "Total Revenue": "328,300", "Cost of Revenue": "225,200", "Gross Profit": "103,200", "Operating Expense": "111,900", "Operating Income": "-8,700", "Net Non Operating Interest Income Expense": "-7,500", "Other Income Expense": "-4,200", "Pretax Income": "-20,600", "Tax Provision": "4,300", "Net Income Common Stockholders": "-24,700", "Diluted NI Available to Com Stockholders": "-24,700", "Basic EPS": "-", "Diluted EPS": "-", "Basic Average Shares": "-", "Diluted Average Shares": "-", "Total Operating Income as Reported": "-10,600", "Total Expenses": "337,100", "Net Income from Continuing & Discontinued Operation": "-24,700", "Normalized Income": "-20,539", "Interest Income": "300", "Interest Expense": "7,800", "Net Interest Income": "-7,500", "EBIT": "-12,800", "EBITDA": "-", "Reconciled Cost of Revenue": "225,200", "Reconciled Depreciation": "-", "Net Income from Continuing Operation Net Minority Interest": "-24,700", "Total Unusual Items Excluding Goodwill": "-5,700", "Total Unusual Items": "-5,700", "Normalized EBITDA": "-7,100", "Tax Rate for Calcs": "0", "Tax Effect of Unusual Items": "-1,539"}, "12/31/2019": {"Duration": "12/31/2019", "Total Revenue": "386,962", "Cost of Revenue": "271,931", "Gross Profit": "115,031", "Operating Expense": "135,130", "Operating Income": "-20,099", "Net Non Operating Interest Income Expense": "-7,528", "Other Income Expense": "-3,718", "Pretax Income": "-31,345", "Tax Provision": "2,335", "Net Income Common Stockholders": "-33,370", "Diluted NI Available to Com Stockholders": "-33,370", "Basic EPS": "-3.05", "Diluted EPS": "-3.05", "Basic Average Shares": "10,951", "Diluted Average Shares": "10,951", "Total Operating Income as Reported": "-22,488", "Total Expenses": "407,061", "Net Income from Continuing & Discontinued Operation": "-33,370", "Normalized Income": "-29,918", "Interest Income": "400", "Interest Expense": "5,930", "Net Interest Income": "-7,528", "EBIT": "-25,415", "EBITDA": "-", "Reconciled Cost of Revenue": "248,403", "Reconciled Depreciation": "25,113", "Net Income from Continuing Operation Net Minority Interest": "-33,370", "Total Unusual Items Excluding Goodwill": "-4,729", "Total Unusual Items": "-4,729", "Normalized EBITDA": "4,427", "Tax Rate for Calcs": "0", "Tax Effect of Unusual Items": "-1,277"}, "12/31/2018": {"Duration": "12/31/2018", "Total Revenue": "428,539", "Cost of Revenue": "308,250", "Gross Profit": "120,289", "Operating Expense": "145,002", "Operating Income": "-24,713", "Net Non Operating Interest Income Expense": "-5,201", "Other Income Expense": "70,462", "Pretax Income": "40,548", "Tax Provision": "7,429", "Net Income Common Stockholders": "33,289", "Diluted NI Available to Com Stockholders": "33,289", "Basic EPS": "3.05", "Diluted EPS": "3.05", "Basic Average Shares": "10,918", "Diluted Average Shares": "10,918", "Total Operating Income as Reported": "-25,458", "Total Expenses": "453,252", "Net Income from Continuing & Discontinued Operation": "33,289", "Normalized Income": "-24,501", "Interest Income": "379", "Interest Expense": "3,796", "Net Interest Income": "-5,201", "EBIT": "44,344", "EBITDA": "-", "Reconciled Cost of Revenue": "298,487", "Reconciled Depreciation": "11,064", "Net Income from Continuing Operation Net Minority Interest": "33,289", "Total Unusual Items Excluding Goodwill": "70,752", "Total Unusual Items": "70,752", "Normalized EBITDA": "-15,344", "Tax Rate for Calcs": "0", "Tax Effect of Unusual Items": "12,962"}}, "bs": {"12/31/2020": {"Duration": "12/31/2020", "Total Assets": "356,000", "Total Liabilities Net Minority Interest": "280,700", "Total Equity Gross Minority Interest": "75,300", "Total Capitalization": "74,300", "Common Stock Equity": "74,300", "Capital Lease Obligations": "-", "Net Tangible Assets": "74,300", "Working Capital": "-5,600", "Invested Capital": "74,300", "Tangible Book Value": "74,300", "Total Debt": "-", "Net Debt": "-", "Share Issued": "-", "Ordinary Shares Number": "-"}, "12/31/2019": {"Duration": "12/31/2019", "Total Assets": "369,394", "Total Liabilities Net Minority Interest": "264,576", "Total Equity Gross Minority Interest": "104,818", "Total Capitalization": "117,217", "Common Stock Equity": "103,126", "Capital Lease Obligations": "57,367", "Net Tangible Assets": "97,105", "Working Capital": "4,905", "Invested Capital": "145,708", "Tangible Book Value": "97,105", "Total Debt": "99,949", "Net Debt": "2,783", "Share Issued": "54,853", "Ordinary Shares Number": "54,853"}, "12/31/2018": {"Duration": "12/31/2018", "Total Assets": "372,708", "Total Liabilities Net Minority Interest": "234,527", "Total Equity Gross Minority Interest": "138,181", "Total Capitalization": "146,908", "Common Stock Equity": "136,547", "Capital Lease Obligations": "-", "Net Tangible Assets": "130,655", "Working Capital": "38,757", "Invested Capital": "192,638", "Tangible Book Value": "130,655", "Total Debt": "56,091", "Net Debt": "-", "Share Issued": "54,853", "Ordinary Shares Number": "54,853"}}, "cf": {"TTM": {"Duration": "TTM", "Operating Cash Flow": "12,300", "Investing Cash Flow": "2,300", "Financing Cash Flow": "-5,600", "End Cash Position": "46,100", "Income Tax Paid Supplemental Data": "-", "Interest Paid Supplemental Data": "-", "Capital Expenditure": "-", "Issuance of Debt": "-", "Repayment of Debt": "-", "Free Cash Flow": "12,300"}, "12/31/2020": {"Duration": "12/31/2020", "Operating Cash Flow": "12,300", "Investing Cash Flow": "2,300", "Financing Cash Flow": "-5,600", "End Cash Position": "46,100", "Income Tax Paid Supplemental Data": "-", "Interest Paid Supplemental Data": "-", "Capital Expenditure": "-", "Issuance of Debt": "-", "Repayment of Debt": "-", "Free Cash Flow": "12,300"}, "12/31/2019": {"Duration": "12/31/2019", "Operating Cash Flow": "4,652", "Investing Cash Flow": "-3,325", "Financing Cash Flow": "-24,169", "End Cash Position": "37,825", "Income Tax Paid Supplemental Data": "-", "Interest Paid Supplemental Data": "-", "Capital Expenditure": "-4,718", "Issuance of Debt": "4,615", "Repayment of Debt": "-17,940", "Free Cash Flow": "-66"}, "12/31/2018": {"Duration": "12/31/2018", "Operating Cash Flow": "-11,348", "Investing Cash Flow": "14,567", "Financing Cash Flow": "2,192", "End Cash Position": "60,369", "Income Tax Paid Supplemental Data": "3,112", "Interest Paid Supplemental Data": "3,033", "Capital Expenditure": "-8,161", "Issuance of Debt": "0", "Repayment of Debt": "-4,774", "Free Cash Flow": "-19,509"}}}}, {"MJPI": {"quote": {"05/12/2021": {"value": "", "Net Assets": "N/A", "Beta (5Y Monthly)": "N/A", "Yield": "N/A", "5y Average Return": "N/A", "Holdings Turnover": "N/A", "Last Dividend": "N/A", "Average for Category": "N/A", "Inception Date": "N/A"}}, "fin": {}, "bs": {}, "cf": {}}}, {"LBY": {"fin": {}, "bs": {}, "cf": {}}}]