[{"ABKI": {"quote": {"05/12/2021": {"value": "", "Net Assets": "N/A", "Beta (5Y Monthly)": "N/A", "Yield": "N/A", "5y Average Return": "N/A", "Holdings Turnover": "N/A", "Last Dividend": "N/A", "Average for Category": "N/A", "Inception Date": "N/A"}}, "fin": {}, "bs": {}, "cf": {}}}, {"ASPW": {"quote": {"05/12/2021": {"value": "0.0120", "Market Cap": "23,676", "Beta (5Y Monthly)": "0.26", "PE Ratio (TTM)": "0.22", "EPS (TTM)": "0.0540", "Earnings Date": "N/A", "Forward Dividend & Yield": "N/A (N/A)", "Ex-Dividend Date": "N/A", "1y Target Est": "N/A"}}, "fin": {}, "bs": {}, "cf": {}}}, {"B": {"quote": {"05/12/2021": {"value": "50.96", "Market Cap": "2.581B", "Beta (5Y Monthly)": "1.27", "PE Ratio (TTM)": "49.14", "EPS (TTM)": "1.04", "Earnings Date": "Jul 26, 2021 - Jul 30, 2021", "Forward Dividend & Yield": "0.64 (1.22%)", "Ex-Dividend Date": "Feb 24, 2021", "1y Target Est": "57.00"}}, "fin": {"TTM": {"Duration": "TTM", "Total Revenue": "1,124,391", "Cost of Revenue": "721,238", "Gross Profit": "403,153", "Operating Expense": "279,783", "Operating Income": "123,370", "Net Non Operating Interest Income Expense": "-15,944", "Other Income Expense": "-5,931", "Pretax Income": "101,495", "Tax Provision": "38,120", "Net Income Common Stockholders": "63,375", "Diluted NI Available to Com Stockholders": "63,375", "Basic EPS": "-", "Diluted EPS": "-", "Basic Average Shares": "-", "Diluted Average Shares": "-", "Total Operating Income as Reported": "123,370", "Total Expenses": "1,001,021", "Interest Expense": "15,944", "Net Interest Income": "-15,944", "Net Income from Continuing & Discontinued Operation": "63,375", "Normalized Income": "63,375", "EBIT": "117,439", "EBITDA": "205,095", "Reconciled Cost of Revenue": "721,238", "Reconciled Depreciation": "87,656", "Net Income from Continuing Operation Net Minority Interest": "63,375", "Total Unusual Items Excluding Goodwill": "-", "Total Unusual Items": "-", "Normalized EBITDA": "205,095", "Tax Rate for Calcs": "0", "Tax Effect of Unusual Items": "0"}, "12/31/2020": {"Duration": "12/31/2020", "Total Revenue": "1,124,391", "Cost of Revenue": "721,238", "Gross Profit": "403,153", "Operating Expense": "279,783", "Operating Income": "123,370", "Net Non Operating Interest Income Expense": "-15,944", "Other Income Expense": "-5,931", "Pretax Income": "101,495", "Tax Provision": "38,120", "Net Income Common Stockholders": "63,375", "Diluted NI Available to Com Stockholders": "63,375", "Basic EPS": "1.25", "Diluted EPS": "1.24", "Basic Average Shares": "50,881", "Diluted Average Shares": "51,098", "Total Operating Income as Reported": "123,370", "Total Expenses": "1,001,021", "Interest Expense": "15,944", "Net Interest Income": "-15,944", "Net Income from Continuing & Discontinued Operation": "63,375", "Normalized Income": "63,375", "EBIT": "117,439", "EBITDA": "-", "Reconciled Cost of Revenue": "721,238", "Reconciled Depreciation": "87,656", "Net Income from Continuing Operation Net Minority Interest": "63,375", "Total Unusual Items Excluding Goodwill": "-", "Total Unusual Items": "-", "Normalized EBITDA": "205,095", "Tax Rate for Calcs": "0", "Tax Effect of Unusual Items": "0"}, "12/31/2019": {"Duration": "12/31/2019", "Total Revenue": "1,491,118", "Cost of Revenue": "944,154", "Gross Profit": "546,964", "Operating Expense": "310,516", "Operating Income": "236,448", "Net Non Operating Interest Income Expense": "-20,629", "Other Income Expense": "-8,975", "Pretax Income": "206,844", "Tax Provision": "48,494", "Net Income Common Stockholders": "158,350", "Diluted NI Available to Com Stockholders": "158,350", "Basic EPS": "3.09", "Diluted EPS": "3.07", "Basic Average Shares": "51,214", "Diluted Average Shares": "51,633", "Total Operating Income as Reported": "236,448", "Total Expenses": "1,254,670", "Interest Expense": "20,629", "Net Interest Income": "-20,629", "Net Income from Continuing & Discontinued Operation": "158,350", "Normalized Income": "158,350", "EBIT": "227,473", "EBITDA": "-", "Reconciled Cost of Revenue": "944,154", "Reconciled Depreciation": "99,059", "Net Income from Continuing Operation Net Minority Interest": "158,350", "Total Unusual Items Excluding Goodwill": "-", "Total Unusual Items": "-", "Normalized EBITDA": "326,532", "Tax Rate for Calcs": "0", "Tax Effect of Unusual Items": "0"}, "12/31/2018": {"Duration": "12/31/2018", "Total Revenue": "1,495,889", "Cost of Revenue": "963,524", "Gross Profit": "532,365", "Operating Expense": "295,181", "Operating Income": "237,184", "Net Non Operating Interest Income Expense": "-16,841", "Other Income Expense": "-12,848", "Pretax Income": "207,495", "Tax Provision": "41,309", "Net Income Common Stockholders": "166,186", "Diluted NI Available to Com Stockholders": "166,186", "Basic EPS": "3.18", "Diluted EPS": "3.15", "Basic Average Shares": "52,304", "Diluted Average Shares": "52,832", "Total Operating Income as Reported": "231,764", "Total Expenses": "1,258,705", "Interest Expense": "16,841", "Net Interest Income": "-16,841", "Net Income from Continuing & Discontinued Operation": "166,186", "Normalized Income": "170,527", "EBIT": "224,336", "EBITDA": "-", "Reconciled Cost of Revenue": "963,524", "Reconciled Depreciation": "94,238", "Net Income from Continuing Operation Net Minority Interest": "166,186", "Total Unusual Items Excluding Goodwill": "-5,420", "Total Unusual Items": "-5,420", "Normalized EBITDA": "323,994", "Tax Rate for Calcs": "0", "Tax Effect of Unusual Items": "-1,079"}}, "bs": {"12/31/2020": {"Duration": "12/31/2020", "Total Assets": "2,676,226", "Total Liabilities Net Minority Interest": "1,293,549", "Total Equity Gross Minority Interest": "1,382,677", "Total Capitalization": "2,082,545", "Common Stock Equity": "1,382,677", "Capital Lease Obligations": "11,707", "Net Tangible Assets": "-193,035", "Working Capital": "346,966", "Invested Capital": "2,086,936", "Tangible Book Value": "-193,035", "Total Debt": "715,966", "Net Debt": "625,114", "Share Issued": "64,171", "Ordinary Shares Number": "50,641", "Treasury Shares Number": "13,530"}, "12/31/2019": {"Duration": "12/31/2019", "Total Assets": "2,738,335", "Total Liabilities Net Minority Interest": "1,467,807", "Total Equity Gross Minority Interest": "1,270,528", "Total Capitalization": "2,095,545", "Common Stock Equity": "1,270,528", "Capital Lease Obligations": "10,751", "Net Tangible Assets": "-243,610", "Working Capital": "421,515", "Invested Capital": "2,105,303", "Tangible Book Value": "-243,610", "Total Debt": "845,526", "Net Debt": "740,970", "Share Issued": "63,873", "Ordinary Shares Number": "50,822", "Treasury Shares Number": "13,051"}, "12/31/2018": {"Duration": "12/31/2018", "Total Assets": "2,808,970", "Total Liabilities Net Minority Interest": "1,605,914", "Total Equity Gross Minority Interest": "1,203,056", "Total Capitalization": "2,139,413", "Common Stock Equity": "1,203,056", "Capital Lease Obligations": "-", "Net Tangible Assets": "-389,006", "Working Capital": "448,286", "Invested Capital": "2,147,072", "Tangible Book Value": "-389,006", "Total Debt": "944,016", "Net Debt": "843,297", "Share Issued": "63,367", "Ordinary Shares Number": "51,334", "Treasury Shares Number": "12,034"}}, "cf": {"TTM": {"Duration": "TTM", "Operating Cash Flow": "215,462", "Investing Cash Flow": "-4,187", "Financing Cash Flow": "-219,666", "End Cash Position": "91,468", "Capital Expenditure": "-40,698", "Issuance of Capital Stock": "1,989", "Issuance of Debt": "98,107", "Repayment of Debt": "-272,279", "Repurchase of Capital Stock": "-15,550", "Free Cash Flow": "174,764"}, "12/31/2020": {"Duration": "12/31/2020", "Operating Cash Flow": "215,462", "Investing Cash Flow": "-4,187", "Financing Cash Flow": "-219,666", "End Cash Position": "91,468", "Capital Expenditure": "-40,698", "Issuance of Capital Stock": "1,989", "Issuance of Debt": "98,107", "Repayment of Debt": "-272,279", "Repurchase of Capital Stock": "-15,550", "Free Cash Flow": "174,764"}, "12/31/2019": {"Duration": "12/31/2019", "Operating Cash Flow": "248,301", "Investing Cash Flow": "-62,220", "Financing Cash Flow": "-191,993", "End Cash Position": "93,805", "Capital Expenditure": "-53,286", "Issuance of Capital Stock": "5,492", "Issuance of Debt": "242,042", "Repayment of Debt": "-341,419", "Repurchase of Capital Stock": "-50,347", "Free Cash Flow": "195,015"}, "12/31/2018": {"Duration": "12/31/2018", "Operating Cash Flow": "237,199", "Investing Cash Flow": "-493,186", "Financing Cash Flow": "215,564", "End Cash Position": "100,719", "Capital Expenditure": "-63,073", "Issuance of Capital Stock": "1,131", "Issuance of Debt": "841,036", "Repayment of Debt": "-439,049", "Repurchase of Capital Stock": "-138,275", "Free Cash Flow": "174,126"}}}}, {"BGC": {"quote": {"05/12/2021": {"value": "", "Net Assets": "N/A", "Beta (5Y Monthly)": "N/A", "Yield": "N/A", "5y Average Return": "N/A", "Holdings Turnover": "N/A", "Last Dividend": "N/A", "Average for Category": "N/A", "Inception Date": "N/A"}}, "fin": {}, "bs": {}, "cf": {}}}, {"PH": {"quote": {"05/12/2021": {"value": "310.45", "Market Cap": "40.065B", "Beta (5Y Monthly)": "1.78", "PE Ratio (TTM)": "26.34", "EPS (TTM)": "11.78", "Earnings Date": "Aug 05, 2021", "Forward Dividend & Yield": "4.12 (1.32%)", "Ex-Dividend Date": "May 06, 2021", "1y Target Est": "355.38"}}, "fin": {"TTM": {"Duration": "TTM", "Total Revenue": "13,505,480", "Cost of Revenue": "10,027,885", "Gross Profit": "3,477,595", "Operating Expense": "1,492,676", "Operating Income": "1,984,919", "Net Non Operating Interest Income Expense": "-253,262", "Other Income Expense": "84,763", "Pretax Income": "1,816,532", "Tax Provision": "384,254", "Net Income Common Stockholders": "1,431,684", "Diluted NI Available to Com Stockholders": "1,431,684", "Basic EPS": "-", "Diluted EPS": "-", "Basic Average Shares": "-", "Diluted Average Shares": "-", "Total Expenses": "11,520,561", "Net Income from Continuing & Discontinued Operation": "1,431,684", "Normalized Income": "1,431,684", "Interest Income": "-", "Interest Expense": "284,262", "Net Interest Income": "-253,262", "EBIT": "2,100,794", "EBITDA": "2,683,285", "Reconciled Cost of Revenue": "10,027,885", "Reconciled Depreciation": "582,491", "Net Income from Continuing Operation Net Minority Interest": "1,431,684", "Total Unusual Items Excluding Goodwill": "-", "Total Unusual Items": "-", "Normalized EBITDA": "2,683,285", "Tax Rate for Calcs": "0", "Tax Effect of Unusual Items": "0"}, "6/30/2020": {"Duration": "6/30/2020", "Total Revenue": "13,695,520", "Cost of Revenue": "10,286,518", "Gross Profit": "3,409,002", "Operating Expense": "1,656,553", "Operating Income": "1,752,449", "Net Non Operating Interest Income Expense": "-277,161", "Other Income Expense": "37,227", "Pretax Income": "1,512,627", "Tax Provision": "305,924", "Net Income Common Stockholders": "1,206,341", "Diluted NI Available to Com Stockholders": "1,206,341", "Basic EPS": "9.39", "Diluted EPS": "9.29", "Basic Average Shares": "128,418", "Diluted Average Shares": "129,805", "Total Expenses": "11,943,071", "Net Income from Continuing & Discontinued Operation": "1,206,341", "Normalized Income": "1,205,362", "Interest Income": "31,000", "Interest Expense": "308,161", "Net Interest Income": "-277,161", "EBIT": "1,820,788", "EBITDA": "-", "Reconciled Cost of Revenue": "10,286,518", "Reconciled Depreciation": "537,531", "Net Income from Continuing Operation Net Minority Interest": "1,206,341", "Total Unusual Items Excluding Goodwill": "1,227", "Total Unusual Items": "1,227", "Normalized EBITDA": "2,357,092", "Tax Rate for Calcs": "0", "Tax Effect of Unusual Items": "247.854"}, "6/30/2019": {"Duration": "6/30/2019", "Total Revenue": "14,320,324", "Cost of Revenue": "10,703,484", "Gross Profit": "3,616,840", "Operating Expense": "1,543,939", "Operating Income": "2,072,901", "Net Non Operating Interest Income Expense": "-190,138", "Other Income Expense": "50,662", "Pretax Income": "1,933,425", "Tax Provision": "420,494", "Net Income Common Stockholders": "1,512,364", "Diluted NI Available to Com Stockholders": "1,512,364", "Basic EPS": "11.48", "Diluted EPS": "11.48", "Basic Average Shares": "129,998", "Diluted Average Shares": "131,782", "Total Expenses": "12,247,423", "Net Income from Continuing & Discontinued Operation": "1,512,364", "Normalized Income": "1,520,652", "Interest Income": "-", "Interest Expense": "190,138", "Net Interest Income": "-190,138", "EBIT": "2,123,563", "EBITDA": "-", "Reconciled Cost of Revenue": "10,703,484", "Reconciled Depreciation": "436,189", "Net Income from Continuing Operation Net Minority Interest": "1,512,364", "Total Unusual Items Excluding Goodwill": "-10,585", "Total Unusual Items": "-10,585", "Normalized EBITDA": "2,570,337", "Tax Rate for Calcs": "0", "Tax Effect of Unusual Items": "-2,297"}, "6/30/2018": {"Duration": "6/30/2018", "Total Revenue": "14,302,392", "Cost of Revenue": "10,762,841", "Gross Profit": "3,539,551", "Operating Expense": "1,657,152", "Operating Income": "1,882,399", "Net Non Operating Interest Income Expense": "-213,873", "Other Income Expense": "33,751", "Pretax Income": "1,702,277", "Tax Provision": "640,962", "Net Income Common Stockholders": "1,060,801", "Diluted NI Available to Com Stockholders": "1,060,801", "Basic EPS": "7.98", "Diluted EPS": "7.83", "Basic Average Shares": "133,005", "Diluted Average Shares": "135,427", "Total Expenses": "12,419,993", "Net Income from Continuing & Discontinued Operation": "1,060,801", "Normalized Income": "1,058,008", "Interest Income": "-", "Interest Expense": "213,873", "Net Interest Income": "-213,873", "EBIT": "1,916,150", "EBITDA": "-", "Reconciled Cost of Revenue": "10,762,841", "Reconciled Depreciation": "466,085", "Net Income from Continuing Operation Net Minority Interest": "1,060,801", "Total Unusual Items Excluding Goodwill": "4,483", "Total Unusual Items": "4,483", "Normalized EBITDA": "2,377,752", "Tax Rate for Calcs": "0", "Tax Effect of Unusual Items": "1,690"}}, "bs": {"6/30/2020": {"Duration": "6/30/2020", "Total Assets": "19,738,189", "Total Liabilities Net Minority Interest": "13,609,660", "Total Equity Gross Minority Interest": "6,128,529", "Total Capitalization": "13,766,239", "Common Stock Equity": "6,113,983", "Net Tangible Assets": "-5,554,865", "Working Capital": "1,736,831", "Invested Capital": "14,575,768", "Tangible Book Value": "-5,554,865", "Total Debt": "8,461,785", "Net Debt": "7,776,271", "Share Issued": "181,046", "Ordinary Shares Number": "128,556", "Treasury Shares Number": "52,490"}, "6/30/2019": {"Duration": "6/30/2019", "Total Assets": "17,576,690", "Total Liabilities Net Minority Interest": "11,608,538", "Total Equity Gross Minority Interest": "5,968,152", "Total Capitalization": "12,482,800", "Common Stock Equity": "5,961,969", "Net Tangible Assets": "-1,275,113", "Working Capital": "4,521,313", "Invested Capital": "13,069,814", "Tangible Book Value": "-1,275,113", "Total Debt": "7,107,845", "Net Debt": "3,888,078", "Share Issued": "181,046", "Ordinary Shares Number": "128,480", "Treasury Shares Number": "52,566"}, "6/30/2018": {"Duration": "6/30/2018", "Total Assets": "15,320,087", "Total Liabilities Net Minority Interest": "9,454,594", "Total Equity Gross Minority Interest": "5,865,493", "Total Capitalization": "10,178,425", "Common Stock Equity": "5,859,866", "Net Tangible Assets": "-1,660,074", "Working Capital": "1,887,755", "Invested Capital": "10,816,891", "Tangible Book Value": "-1,660,074", "Total Debt": "4,957,025", "Net Debt": "4,134,888", "Share Issued": "181,046", "Ordinary Shares Number": "132,414", "Treasury Shares Number": "48,632"}}, "cf": {"TTM": {"Duration": "TTM", "Operating Cash Flow": "2,598,969", "Investing Cash Flow": "209,789", "Financing Cash Flow": "-3,214,259", "End Cash Position": "542,854", "Income Tax Paid Supplemental Data": "-", "Interest Paid Supplemental Data": "-", "Capital Expenditure": "-206,905", "Issuance of Debt": "136,774", "Repayment of Debt": "-1,714,524", "Repurchase of Capital Stock": "-140,059", "Free Cash Flow": "2,392,064"}, "6/30/2020": {"Duration": "6/30/2020", "Operating Cash Flow": "2,070,949", "Investing Cash Flow": "-5,023,993", "Financing Cash Flow": "449,310", "End Cash Position": "685,514", "Income Tax Paid Supplemental Data": "307,959", "Interest Paid Supplemental Data": "308,199", "Capital Expenditure": "-232,591", "Issuance of Debt": "1,857,955", "Repayment of Debt": "-740,181", "Repurchase of Capital Stock": "-216,049", "Free Cash Flow": "1,838,358"}, "6/30/2019": {"Duration": "6/30/2019", "Operating Cash Flow": "1,730,140", "Investing Cash Flow": "-218,510", "Financing Cash Flow": "902,306", "End Cash Position": "3,219,767", "Income Tax Paid Supplemental Data": "454,699", "Interest Paid Supplemental Data": "169,378", "Capital Expenditure": "-195,089", "Issuance of Debt": "2,385,577", "Repayment of Debt": "-213,226", "Repurchase of Capital Stock": "-860,052", "Free Cash Flow": "1,535,051"}, "6/30/2018": {"Duration": "6/30/2018", "Operating Cash Flow": "1,600,287", "Investing Cash Flow": "20,090", "Financing Cash Flow": "-1,681,972", "End Cash Position": "822,137", "Income Tax Paid Supplemental Data": "408,765", "Interest Paid Supplemental Data": "200,860", "Capital Expenditure": "-247,667", "Issuance of Debt": "5,304", "Repayment of Debt": "-944,629", "Repurchase of Capital Stock": "-381,041", "Free Cash Flow": "1,352,620"}}}}, {"CCF": {"quote": {"04/26/2021": {"value": "117.96", "Market Cap": "1.096B", "Beta (5Y Monthly)": "0.67", "PE Ratio (TTM)": "28.77", "EPS (TTM)": "4.10", "Earnings Date": "Jul 06, 2021 - Jul 12, 2021", "Forward Dividend & Yield": "0.80 (0.69%)", "Ex-Dividend Date": "Nov 25, 2020", "1y Target Est": "N/A"}}, "fin": {"TTM": {"Duration": "TTM", "Total Revenue": "264,401", "Cost of Revenue": "159,686", "Gross Profit": "104,715", "Operating Expense": "52,918", "Operating Income": "51,797", "Net Non Operating Interest Income Expense": "-271", "Other Income Expense": "-240", "Pretax Income": "51,286", "Tax Provision": "12,362", "Net Income Common Stockholders": "38,651", "Diluted NI Available to Com Stockholders": "38,627", "Basic EPS": "-", "Diluted EPS": "-", "Basic Average Shares": "-", "Diluted Average Shares": "-", "Total Operating Income as Reported": "52,941", "Total Expenses": "212,604", "Net Income from Continuing & Discontinued Operation": "38,924", "Normalized Income": "39,992", "Interest Expense": "271", "Net Interest Income": "-271", "EBIT": "51,557", "EBITDA": "67,423", "Reconciled Cost of Revenue": "159,686", "Reconciled Depreciation": "15,866", "Net Income from Continuing Operation Net Minority Interest": "38,924", "Total Unusual Items Excluding Goodwill": "-1,407", "Total Unusual Items": "-1,407", "Normalized EBITDA": "68,830", "Tax Rate for Calcs": "0", "Tax Effect of Unusual Items": "-339.1439"}, "8/31/2020": {"Duration": "8/31/2020", "Total Revenue": "261,162", "Cost of Revenue": "161,615", "Gross Profit": "99,547", "Operating Expense": "54,178", "Operating Income": "45,369", "Net Non Operating Interest Income Expense": "-246", "Other Income Expense": "197", "Pretax Income": "45,320", "Tax Provision": "11,163", "Net Income Common Stockholders": "33,884", "Diluted NI Available to Com Stockholders": "33,884", "Basic EPS": "3.62", "Diluted EPS": "3.59", "Basic Average Shares": "9,360", "Diluted Average Shares": "9,440", "Total Operating Income as Reported": "47,241", "Total Expenses": "215,793", "Net Income from Continuing & Discontinued Operation": "34,157", "Normalized Income": "32,746", "Interest Expense": "246", "Net Interest Income": "-246", "EBIT": "45,566", "EBITDA": "-", "Reconciled Cost of Revenue": "161,615", "Reconciled Depreciation": "15,591", "Net Income from Continuing Operation Net Minority Interest": "34,157", "Total Unusual Items Excluding Goodwill": "1,872", "Total Unusual Items": "1,872", "Normalized EBITDA": "59,285", "Tax Rate for Calcs": "0", "Tax Effect of Unusual Items": "460.512"}, "8/31/2019": {"Duration": "8/31/2019", "Total Revenue": "281,351", "Cost of Revenue": "180,163", "Gross Profit": "101,188", "Operating Expense": "53,714", "Operating Income": "47,474", "Net Non Operating Interest Income Expense": "-519", "Other Income Expense": "-3,402", "Pretax Income": "43,553", "Tax Provision": "10,842", "Net Income Common Stockholders": "32,968", "Diluted NI Available to Com Stockholders": "32,968", "Basic EPS": "3.48", "Diluted EPS": "3.46", "Basic Average Shares": "9,401", "Diluted Average Shares": "9,401", "Total Operating Income as Reported": "45,064", "Total Expenses": "233,877", "Net Income from Continuing & Discontinued Operation": "32,711", "Normalized Income": "34,521", "Interest Expense": "519", "Net Interest Income": "-519", "EBIT": "44,072", "EBITDA": "-", "Reconciled Cost of Revenue": "180,163", "Reconciled Depreciation": "17,207", "Net Income from Continuing Operation Net Minority Interest": "32,711", "Total Unusual Items Excluding Goodwill": "-2,410", "Total Unusual Items": "-2,410", "Normalized EBITDA": "63,689", "Tax Rate for Calcs": "0", "Tax Effect of Unusual Items": "-600.09"}, "8/31/2018": {"Duration": "8/31/2018", "Total Revenue": "284,188", "Cost of Revenue": "175,136", "Gross Profit": "109,052", "Operating Expense": "53,569", "Operating Income": "55,483", "Net Non Operating Interest Income Expense": "-1,172", "Other Income Expense": "2,654", "Pretax Income": "56,965", "Tax Provision": "13,822", "Net Income Common Stockholders": "43,143", "Diluted NI Available to Com Stockholders": "43,143", "Basic EPS": "4.59", "Diluted EPS": "4.56", "Basic Average Shares": "9,397", "Diluted Average Shares": "9,397", "Total Operating Income as Reported": "55,090", "Total Expenses": "228,705", "Net Income from Continuing & Discontinued Operation": "43,143", "Normalized Income": "41,499", "Interest Expense": "1,172", "Net Interest Income": "-1,172", "EBIT": "58,137", "EBITDA": "-", "Reconciled Cost of Revenue": "175,136", "Reconciled Depreciation": "17,624", "Net Income from Continuing Operation Net Minority Interest": "43,143", "Total Unusual Items Excluding Goodwill": "2,172", "Total Unusual Items": "2,172", "Normalized EBITDA": "73,589", "Tax Rate for Calcs": "0", "Tax Effect of Unusual Items": "527.796"}}, "bs": {"8/31/2020": {"Duration": "8/31/2020", "Total Assets": "346,830", "Total Liabilities Net Minority Interest": "44,038", "Total Equity Gross Minority Interest": "302,792", "Total Capitalization": "302,792", "Common Stock Equity": "302,792", "Capital Lease Obligations": "6,395", "Net Tangible Assets": "179,190", "Working Capital": "154,677", "Invested Capital": "302,792", "Tangible Book Value": "179,190", "Total Debt": "6,395", "Share Issued": "9,439", "Ordinary Shares Number": "9,439"}, "8/31/2019": {"Duration": "8/31/2019", "Total Assets": "307,968", "Total Liabilities Net Minority Interest": "36,741", "Total Equity Gross Minority Interest": "271,227", "Total Capitalization": "271,227", "Common Stock Equity": "271,227", "Capital Lease Obligations": "-", "Net Tangible Assets": "136,537", "Working Capital": "111,942", "Invested Capital": "271,227", "Tangible Book Value": "136,537", "Total Debt": "-", "Share Issued": "9,401", "Ordinary Shares Number": "9,401"}, "8/31/2018": {"Duration": "8/31/2018", "Total Assets": "316,469", "Total Liabilities Net Minority Interest": "69,713", "Total Equity Gross Minority Interest": "246,756", "Total Capitalization": "271,756", "Common Stock Equity": "246,756", "Capital Lease Obligations": "-", "Net Tangible Assets": "96,730", "Working Capital": "97,297", "Invested Capital": "271,756", "Tangible Book Value": "96,730", "Total Debt": "25,000", "Share Issued": "9,397", "Ordinary Shares Number": "9,397"}}, "cf": {"TTM": {"Duration": "TTM", "Operating Cash Flow": "54,659", "Investing Cash Flow": "-29,344", "Financing Cash Flow": "-8,804", "End Cash Position": "84,175", "Capital Expenditure": "-1,604", "Issuance of Debt": "-", "Repayment of Debt": "-", "Free Cash Flow": "53,055"}, "8/31/2020": {"Duration": "8/31/2020", "Operating Cash Flow": "55,734", "Investing Cash Flow": "2,077", "Financing Cash Flow": "-8,420", "End Cash Position": "99,068", "Capital Expenditure": "-1,371", "Issuance of Debt": "0", "Repayment of Debt": "0", "Free Cash Flow": "54,363"}, "8/31/2019": {"Duration": "8/31/2019", "Operating Cash Flow": "49,535", "Investing Cash Flow": "-2,166", "Financing Cash Flow": "-33,450", "End Cash Position": "47,771", "Capital Expenditure": "-2,524", "Issuance of Debt": "0", "Repayment of Debt": "-25,000", "Free Cash Flow": "47,011"}, "8/31/2018": {"Duration": "8/31/2018", "Operating Cash Flow": "46,071", "Investing Cash Flow": "-73,766", "Financing Cash Flow": "14,423", "End Cash Position": "34,828", "Capital Expenditure": "-3,506", "Issuance of Debt": "65,000", "Repayment of Debt": "-40,000", "Free Cash Flow": "42,565"}}}}, {"TRS": {"quote": {"04/26/2021": {"value": "31.19", "Market Cap": "1.329B", "Beta (5Y Monthly)": "0.74", "PE Ratio (TTM)": "N/A", "EPS (TTM)": "-1.83", "Earnings Date": "Apr 29, 2021", "Forward Dividend & Yield": "N/A (N/A)", "Ex-Dividend Date": "N/A", "1y Target Est": "42.00"}}, "fin": {"TTM": {"Duration": "TTM", "Total Revenue": "769,970", "Cost of Revenue": "587,890", "Gross Profit": "182,080", "Operating Expense": "134,480", "Operating Income": "47,600", "Net Non Operating Interest Income Expense": "-14,660", "Other Income Expense": "-135,650", "Pretax Income": "-102,710", "Tax Provision": "-22,950", "Net Income Common Stockholders": "-79,760", "Diluted NI Available to Com Stockholders": "-79,760", "Basic EPS": "-", "Diluted EPS": "-", "Basic Average Shares": "-", "Diluted Average Shares": "-", "Total Operating Income as Reported": "-88,290", "Total Expenses": "722,370", "Net Income from Continuing & Discontinued Operation": "-79,760", "Normalized Income": "25,827", "Interest Expense": "14,660", "Net Interest Income": "-14,660", "EBIT": "-88,050", "EBITDA": "-38,280", "Reconciled Cost of Revenue": "587,890", "Reconciled Depreciation": "49,770", "Net Income from Continuing Operation Net Minority Interest": "-79,760", "Total Unusual Items Excluding Goodwill": "-135,890", "Total Unusual Items": "-135,890", "Normalized EBITDA": "97,610", "Tax Rate for Calcs": "0", "Tax Effect of Unusual Items": "-30,303"}, "12/31/2020": {"Duration": "12/31/2020", "Total Revenue": "769,970", "Cost of Revenue": "587,890", "Gross Profit": "182,080", "Operating Expense": "134,480", "Operating Income": "47,600", "Net Non Operating Interest Income Expense": "-14,660", "Other Income Expense": "-135,650", "Pretax Income": "-102,710", "Tax Provision": "-22,950", "Net Income Common Stockholders": "-79,760", "Diluted NI Available to Com Stockholders": "-79,760", "Basic EPS": "-", "Diluted EPS": "-", "Basic Average Shares": "-", "Diluted Average Shares": "-", "Total Operating Income as Reported": "-88,290", "Total Expenses": "722,370", "Net Income from Continuing & Discontinued Operation": "-79,760", "Normalized Income": "25,827", "Interest Expense": "14,660", "Net Interest Income": "-14,660", "EBIT": "-88,050", "EBITDA": "-", "Reconciled Cost of Revenue": "587,890", "Reconciled Depreciation": "49,770", "Net Income from Continuing Operation Net Minority Interest": "-79,760", "Total Unusual Items Excluding Goodwill": "-135,890", "Total Unusual Items": "-135,890", "Normalized EBITDA": "97,610", "Tax Rate for Calcs": "0", "Tax Effect of Unusual Items": "-30,303"}, "12/31/2019": {"Duration": "12/31/2019", "Total Revenue": "723,530", "Cost of Revenue": "529,630", "Gross Profit": "193,900", "Operating Expense": "102,530", "Operating Income": "91,370", "Net Non Operating Interest Income Expense": "-13,950", "Other Income Expense": "840", "Pretax Income": "78,260", "Tax Provision": "16,320", "Net Income Common Stockholders": "98,620", "Diluted NI Available to Com Stockholders": "98,620", "Basic EPS": "2.18", "Diluted EPS": "2.16", "Basic Average Shares": "45,304", "Diluted Average Shares": "45,595", "Total Operating Income as Reported": "91,220", "Total Expenses": "632,160", "Net Income from Continuing & Discontinued Operation": "98,620", "Normalized Income": "62,059", "Interest Expense": "13,950", "Net Interest Income": "-13,950", "EBIT": "92,210", "EBITDA": "-", "Reconciled Cost of Revenue": "529,630", "Reconciled Depreciation": "43,500", "Net Income from Continuing Operation Net Minority Interest": "61,940", "Total Unusual Items Excluding Goodwill": "-150", "Total Unusual Items": "-150", "Normalized EBITDA": "135,860", "Tax Rate for Calcs": "0", "Tax Effect of Unusual Items": "-31.35"}, "12/31/2018": {"Duration": "12/31/2018", "Total Revenue": "877,140", "Cost of Revenue": "633,020", "Gross Profit": "244,120", "Operating Expense": "121,800", "Operating Income": "122,320", "Net Non Operating Interest Income Expense": "-13,910", "Other Income Expense": "-2,430", "Pretax Income": "105,980", "Tax Provision": "22,680", "Net Income Common Stockholders": "83,300", "Diluted NI Available to Com Stockholders": "83,300", "Basic EPS": "1.82", "Diluted EPS": "1.80", "Basic Average Shares": "45,825", "Diluted Average Shares": "46,170", "Total Operating Income as Reported": "122,070", "Total Expenses": "754,820", "Net Income from Continuing & Discontinued Operation": "83,300", "Normalized Income": "83,497", "Interest Expense": "13,910", "Net Interest Income": "-13,910", "EBIT": "119,890", "EBITDA": "-", "Reconciled Cost of Revenue": "633,020", "Reconciled Depreciation": "44,020", "Net Income from Continuing Operation Net Minority Interest": "83,300", "Total Unusual Items Excluding Goodwill": "-250", "Total Unusual Items": "-250", "Normalized EBITDA": "164,160", "Tax Rate for Calcs": "0", "Tax Effect of Unusual Items": "-53.5"}}, "bs": {"12/31/2020": {"Duration": "12/31/2020", "Total Assets": "1,193,880", "Total Liabilities Net Minority Interest": "609,630", "Total Equity Gross Minority Interest": "584,250", "Total Capitalization": "930,540", "Common Stock Equity": "584,250", "Capital Lease Obligations": "38,350", "Net Tangible Assets": "74,080", "Working Capital": "214,640", "Invested Capital": "930,540", "Tangible Book Value": "74,080", "Total Debt": "384,640", "Net Debt": "283,500", "Share Issued": "43,178", "Ordinary Shares Number": "43,178"}, "12/31/2019": {"Duration": "12/31/2019", "Total Assets": "1,192,700", "Total Liabilities Net Minority Interest": "495,220", "Total Equity Gross Minority Interest": "697,480", "Total Capitalization": "992,170", "Common Stock Equity": "697,480", "Capital Lease Obligations": "28,200", "Net Tangible Assets": "201,450", "Working Capital": "314,250", "Invested Capital": "992,170", "Tangible Book Value": "201,450", "Total Debt": "322,890", "Net Debt": "122,220", "Share Issued": "44,563", "Ordinary Shares Number": "44,563"}, "12/31/2018": {"Duration": "12/31/2018", "Total Assets": "1,100,520", "Total Liabilities Net Minority Interest": "480,070", "Total Equity Gross Minority Interest": "620,450", "Total Capitalization": "914,010", "Common Stock Equity": "620,450", "Capital Lease Obligations": "-", "Net Tangible Assets": "129,270", "Working Capital": "270,080", "Invested Capital": "914,010", "Tangible Book Value": "129,270", "Total Debt": "293,560", "Net Debt": "185,410", "Share Issued": "45,528", "Ordinary Shares Number": "45,528"}}, "cf": {"TTM": {"Duration": "TTM", "Operating Cash Flow": "127,410", "Investing Cash Flow": "-232,070", "Financing Cash Flow": "6,140", "End Cash Position": "73,950", "Income Tax Paid Supplemental Data": "9,060", "Interest Paid Supplemental Data": "13,210", "Capital Expenditure": "-40,480", "Issuance of Debt": "367,280", "Repayment of Debt": "-319,120", "Repurchase of Capital Stock": "-39,420", "Free Cash Flow": "86,930"}, "12/31/2020": {"Duration": "12/31/2020", "Operating Cash Flow": "127,410", "Investing Cash Flow": "-232,070", "Financing Cash Flow": "6,140", "End Cash Position": "73,950", "Income Tax Paid Supplemental Data": "9,060", "Interest Paid Supplemental Data": "13,210", "Capital Expenditure": "-40,480", "Issuance of Debt": "367,280", "Repayment of Debt": "-319,120", "Repurchase of Capital Stock": "-39,420", "Free Cash Flow": "86,930"}, "12/31/2019": {"Duration": "12/31/2019", "Operating Cash Flow": "75,600", "Investing Cash Flow": "29,080", "Financing Cash Flow": "-40,360", "End Cash Position": "172,470", "Income Tax Paid Supplemental Data": "44,020", "Interest Paid Supplemental Data": "12,430", "Capital Expenditure": "-29,670", "Issuance of Debt": "189,060", "Repayment of Debt": "-189,340", "Repurchase of Capital Stock": "-36,740", "Free Cash Flow": "45,930"}, "12/31/2018": {"Duration": "12/31/2018", "Operating Cash Flow": "129,320", "Investing Cash Flow": "-24,800", "Financing Cash Flow": "-23,950", "End Cash Position": "108,150", "Income Tax Paid Supplemental Data": "7,380", "Interest Paid Supplemental Data": "13,800", "Capital Expenditure": "-25,050", "Issuance of Debt": "59,060", "Repayment of Debt": "-68,490", "Repurchase of Capital Stock": "-12,140", "Free Cash Flow": "104,270"}}}}, {"SXI": {"quote": {"04/26/2021": {"value": "97.74", "Market Cap": "1.194B", "Beta (5Y Monthly)": "1.31", "PE Ratio (TTM)": "72.56", "EPS (TTM)": "1.35", "Earnings Date": "May 05, 2021 - May 10, 2021", "Forward Dividend & Yield": "0.96 (0.99%)", "Ex-Dividend Date": "Feb 09, 2021", "1y Target Est": "107.33"}}, "fin": {"TTM": {"Duration": "TTM", "Total Revenue": "602,435", "Cost of Revenue": "390,250", "Gross Profit": "212,185", "Operating Expense": "148,742", "Operating Income": "63,443", "Net Non Operating Interest Income Expense": "-6,511", "Other Income Expense": "-4,393", "Pretax Income": "52,539", "Tax Provision": "12,036", "Net Income Common Stockholders": "16,606", "Diluted NI Available to Com Stockholders": "16,606", "Basic EPS": "-", "Diluted EPS": "-", "Basic Average Shares": "-", "Diluted Average Shares": "-", "Total Operating Income as Reported": "58,129", "Total Expenses": "538,992", "Net Income from Continuing & Discontinued Operation": "16,606", "Normalized Income": "44,600", "Interest Expense": "6,511", "Net Interest Income": "-6,511", "EBIT": "59,050", "EBITDA": "91,799", "Reconciled Cost of Revenue": "390,250", "Reconciled Depreciation": "32,749", "Net Income from Continuing Operation Net Minority Interest": "40,503", "Total Unusual Items Excluding Goodwill": "-5,314", "Total Unusual Items": "-5,314", "Normalized EBITDA": "97,113", "Tax Rate for Calcs": "0", "Tax Effect of Unusual Items": "-1,217"}, "6/30/2020": {"Duration": "6/30/2020", "Total Revenue": "604,535", "Cost of Revenue": "389,080", "Gross Profit": "215,455", "Operating Expense": "148,499", "Operating Income": "66,956", "Net Non Operating Interest Income Expense": "-7,475", "Other Income Expense": "-5,407", "Pretax Income": "54,074", "Tax Provision": "13,060", "Net Income Common Stockholders": "20,188", "Diluted NI Available to Com Stockholders": "20,188", "Basic EPS": "1.64", "Diluted EPS": "1.63", "Basic Average Shares": "12,324", "Diluted Average Shares": "12,387", "Total Operating Income as Reported": "60,528", "Total Expenses": "537,579", "Net Income from Continuing & Discontinued Operation": "20,188", "Normalized Income": "45,880", "Interest Expense": "7,475", "Net Interest Income": "-7,475", "EBIT": "61,549", "EBITDA": "-", "Reconciled Cost of Revenue": "389,080", "Reconciled Depreciation": "32,294", "Net Income from Continuing Operation Net Minority Interest": "41,014", "Total Unusual Items Excluding Goodwill": "-6,428", "Total Unusual Items": "-6,428", "Normalized EBITDA": "100,271", "Tax Rate for Calcs": "0", "Tax Effect of Unusual Items": "-1,562"}, "6/30/2019": {"Duration": "6/30/2019", "Total Revenue": "791,579", "Cost of Revenue": "523,519", "Gross Profit": "268,060", "Operating Expense": "185,233", "Operating Income": "82,827", "Net Non Operating Interest Income Expense": "-10,760", "Other Income Expense": "-6,454", "Pretax Income": "65,613", "Tax Provision": "18,424", "Net Income Common Stockholders": "67,914", "Diluted NI Available to Com Stockholders": "67,914", "Basic EPS": "5.40", "Diluted EPS": "5.38", "Basic Average Shares": "12,574", "Diluted Average Shares": "12,633", "Total Operating Income as Reported": "78,117", "Total Expenses": "708,752", "Net Income from Continuing & Discontinued Operation": "67,914", "Normalized Income": "50,575", "Interest Expense": "10,760", "Net Interest Income": "-10,760", "EBIT": "76,373", "EBITDA": "-", "Reconciled Cost of Revenue": "523,519", "Reconciled Depreciation": "30,881", "Net Income from Continuing Operation Net Minority Interest": "47,189", "Total Unusual Items Excluding Goodwill": "-4,710", "Total Unusual Items": "-4,710", "Normalized EBITDA": "111,964", "Tax Rate for Calcs": "0", "Tax Effect of Unusual Items": "-1,324"}, "6/30/2018": {"Duration": "6/30/2018", "Total Revenue": "868,382", "Cost of Revenue": "566,581", "Gross Profit": "301,801", "Operating Expense": "206,419", "Operating Income": "95,382", "Net Non Operating Interest Income Expense": "-8,030", "Other Income Expense": "-10,100", "Pretax Income": "77,252", "Tax Provision": "40,620", "Net Income Common Stockholders": "36,604", "Diluted NI Available to Com Stockholders": "36,604", "Basic EPS": "2.88", "Diluted EPS": "2.86", "Basic Average Shares": "12,698", "Diluted Average Shares": "12,788", "Total Operating Income as Reported": "84,039", "Total Expenses": "773,000", "Net Income from Continuing & Discontinued Operation": "36,604", "Normalized Income": "44,912", "Interest Expense": "8,030", "Net Interest Income": "-8,030", "EBIT": "85,282", "EBITDA": "-", "Reconciled Cost of Revenue": "566,581", "Reconciled Depreciation": "29,163", "Net Income from Continuing Operation Net Minority Interest": "36,632", "Total Unusual Items Excluding Goodwill": "-11,343", "Total Unusual Items": "-11,343", "Normalized EBITDA": "125,788", "Tax Rate for Calcs": "0", "Tax Effect of Unusual Items": "-3,063"}}, "bs": {"6/30/2020": {"Duration": "6/30/2020", "Total Assets": "930,878", "Total Liabilities Net Minority Interest": "469,246", "Total Equity Gross Minority Interest": "461,632", "Total Capitalization": "660,782", "Common Stock Equity": "461,632", "Capital Lease Obligations": "36,293", "Net Tangible Assets": "83,999", "Working Capital": "209,120", "Invested Capital": "660,782", "Tangible Book Value": "83,999", "Total Debt": "235,443", "Net Debt": "80,341", "Share Issued": "27,984", "Ordinary Shares Number": "12,236", "Treasury Shares Number": "15,748"}, "6/30/2019": {"Duration": "6/30/2019", "Total Assets": "921,889", "Total Liabilities Net Minority Interest": "457,576", "Total Equity Gross Minority Interest": "464,313", "Total Capitalization": "661,923", "Common Stock Equity": "464,313", "Capital Lease Obligations": "-", "Net Tangible Assets": "64,150", "Working Capital": "192,258", "Invested Capital": "661,923", "Tangible Book Value": "64,150", "Total Debt": "197,610", "Net Debt": "104,465", "Share Issued": "27,984", "Ordinary Shares Number": "12,335", "Treasury Shares Number": "15,650"}, "6/30/2018": {"Duration": "6/30/2018", "Total Assets": "916,937", "Total Liabilities Net Minority Interest": "466,142", "Total Equity Gross Minority Interest": "450,795", "Total Capitalization": "644,567", "Common Stock Equity": "450,795", "Capital Lease Obligations": "-", "Net Tangible Assets": "100,958", "Working Capital": "222,618", "Invested Capital": "644,567", "Tangible Book Value": "100,958", "Total Debt": "193,772", "Net Debt": "84,170", "Share Issued": "27,984", "Ordinary Shares Number": "12,706", "Treasury Shares Number": "15,279"}}, "cf": {"TTM": {"Duration": "TTM", "Operating Cash Flow": "59,344", "Investing Cash Flow": "-39,212", "Financing Cash Flow": "-14,546", "End Cash Position": "104,505", "Income Tax Paid Supplemental Data": "17,511", "Interest Paid Supplemental Data": "5,436", "Capital Expenditure": "-21,290", "Issuance of Debt": "88,800", "Repayment of Debt": "-76,800", "Repurchase of Capital Stock": "-17,084", "Free Cash Flow": "38,054"}, "6/30/2020": {"Duration": "6/30/2020", "Operating Cash Flow": "47,242", "Investing Cash Flow": "-617", "Financing Cash Flow": "-18,977", "End Cash Position": "118,809", "Income Tax Paid Supplemental Data": "18,737", "Interest Paid Supplemental Data": "6,324", "Capital Expenditure": "-21,521", "Issuance of Debt": "106,500", "Repayment of Debt": "-105,300", "Repurchase of Capital Stock": "-10,437", "Free Cash Flow": "25,721"}, "6/30/2019": {"Duration": "6/30/2019", "Operating Cash Flow": "73,346", "Investing Cash Flow": "-49,671", "Financing Cash Flow": "-38,201", "End Cash Position": "93,145", "Income Tax Paid Supplemental Data": "23,969", "Interest Paid Supplemental Data": "9,471", "Capital Expenditure": "-34,367", "Issuance of Debt": "241,950", "Repayment of Debt": "-237,150", "Repurchase of Capital Stock": "-33,394", "Free Cash Flow": "38,979"}, "6/30/2018": {"Duration": "6/30/2018", "Operating Cash Flow": "64,925", "Investing Cash Flow": "-32,265", "Financing Cash Flow": "-11,913", "End Cash Position": "109,602", "Income Tax Paid Supplemental Data": "22,145", "Interest Paid Supplemental Data": "6,178", "Capital Expenditure": "-26,539", "Issuance of Debt": "163,500", "Repayment of Debt": "-164,788", "Repurchase of Capital Stock": "-2,652", "Free Cash Flow": "38,386"}}}}, {"NFEC": {"quote": {"04/26/2021": {"value": "", "Net Assets": "N/A", "Beta (5Y Monthly)": "N/A", "Yield": "N/A", "5y Average Return": "N/A", "Holdings Turnover": "N/A", "Last Dividend": "N/A", "Average for Category": "N/A", "Inception Date": "N/A"}}, "fin": {}, "bs": {}, "cf": {}}}, {"CIR": {"quote": {"05/12/2021": {"value": "34.00", "Market Cap": "685.794M", "Beta (5Y Monthly)": "2.63", "PE Ratio (TTM)": "N/A", "EPS (TTM)": "-9.28", "Earnings Date": "May 12, 2021", "Forward Dividend & Yield": "N/A (N/A)", "Ex-Dividend Date": "Nov 27, 2017", "1y Target Est": "43.25"}}, "fin": {"TTM": {"Duration": "TTM", "Total Revenue": "773,271", "Cost of Revenue": "530,844", "Gross Profit": "242,427", "Operating Expense": "220,994", "Operating Income": "21,433", "Net Non Operating Interest Income Expense": "-41,177", "Other Income Expense": "-74,392", "Pretax Income": "-94,136", "Tax Provision": "56,222", "Net Income Common Stockholders": "-185,498", "Diluted NI Available to Com Stockholders": "-185,498", "Basic EPS": "-", "Diluted EPS": "-", "Basic Average Shares": "-", "Diluted Average Shares": "-", "Total Operating Income as Reported": "-60,446", "Total Expenses": "751,838", "Interest Expense": "41,177", "Net Interest Income": "-41,177", "Net Income from Continuing & Discontinued Operation": "-185,498", "Normalized Income": "-97,023", "EBIT": "-52,959", "EBITDA": "11,088", "Reconciled Cost of Revenue": "530,844", "Reconciled Depreciation": "64,047", "Net Income from Continuing Operation Net Minority Interest": "-150,358", "Total Unusual Items Excluding Goodwill": "-73,062", "Total Unusual Items": "-73,062", "Normalized EBITDA": "84,150", "Tax Rate for Calcs": "0", "Tax Effect of Unusual Items": "-19,727"}, "12/31/2020": {"Duration": "12/31/2020", "Total Revenue": "773,271", "Cost of Revenue": "530,844", "Gross Profit": "242,427", "Operating Expense": "220,994", "Operating Income": "21,433", "Net Non Operating Interest Income Expense": "-41,177", "Other Income Expense": "-74,392", "Pretax Income": "-94,136", "Tax Provision": "56,222", "Net Income Common Stockholders": "-185,498", "Diluted NI Available to Com Stockholders": "-185,498", "Basic EPS": "-", "Diluted EPS": "-", "Basic Average Shares": "-", "Diluted Average Shares": "-", "Total Operating Income as Reported": "-60,446", "Total Expenses": "751,838", "Interest Expense": "41,177", "Net Interest Income": "-41,177", "Net Income from Continuing & Discontinued Operation": "-185,498", "Normalized Income": "-97,023", "EBIT": "-52,959", "EBITDA": "-", "Reconciled Cost of Revenue": "530,844", "Reconciled Depreciation": "64,047", "Net Income from Continuing Operation Net Minority Interest": "-150,358", "Total Unusual Items Excluding Goodwill": "-73,062", "Total Unusual Items": "-73,062", "Normalized EBITDA": "84,150", "Tax Rate for Calcs": "0", "Tax Effect of Unusual Items": "-19,727"}, "12/31/2019": {"Duration": "12/31/2019", "Total Revenue": "964,313", "Cost of Revenue": "655,504", "Gross Profit": "308,809", "Operating Expense": "248,256", "Operating Income": "60,553", "Net Non Operating Interest Income Expense": "-58,670", "Other Income Expense": "-11,975", "Pretax Income": "-10,092", "Tax Provision": "14,676", "Net Income Common Stockholders": "-133,935", "Diluted NI Available to Com Stockholders": "-133,935", "Basic EPS": "-6.73", "Diluted EPS": "-6.73", "Basic Average Shares": "19,903", "Diluted Average Shares": "19,903", "Total Operating Income as Reported": "37,681", "Total Expenses": "903,760", "Interest Expense": "58,670", "Net Interest Income": "-58,670", "Net Income from Continuing & Discontinued Operation": "-133,935", "Normalized Income": "-17,104", "EBIT": "48,578", "EBITDA": "-", "Reconciled Cost of Revenue": "655,504", "Reconciled Depreciation": "69,636", "Net Income from Continuing Operation Net Minority Interest": "-24,768", "Total Unusual Items Excluding Goodwill": "-10,498", "Total Unusual Items": "-10,498", "Normalized EBITDA": "128,712", "Tax Rate for Calcs": "0", "Tax Effect of Unusual Items": "-2,834"}, "12/31/2018": {"Duration": "12/31/2018", "Total Revenue": "1,175,825", "Cost of Revenue": "834,175", "Gross Profit": "341,650", "Operating Expense": "308,427", "Operating Income": "33,223", "Net Non Operating Interest Income Expense": "-62,077", "Other Income Expense": "-7,240", "Pretax Income": "-36,094", "Tax Provision": "3,290", "Net Income Common Stockholders": "-39,384", "Diluted NI Available to Com Stockholders": "-39,384", "Basic EPS": "-1.99", "Diluted EPS": "-1.99", "Basic Average Shares": "19,834", "Diluted Average Shares": "19,834", "Total Operating Income as Reported": "9,384", "Total Expenses": "1,142,602", "Interest Expense": "62,077", "Net Interest Income": "-62,077", "Net Income from Continuing & Discontinued Operation": "-39,384", "Normalized Income": "-34,580", "EBIT": "25,983", "EBITDA": "-", "Reconciled Cost of Revenue": "834,175", "Reconciled Depreciation": "78,009", "Net Income from Continuing Operation Net Minority Interest": "-39,384", "Total Unusual Items Excluding Goodwill": "-6,581", "Total Unusual Items": "-6,581", "Normalized EBITDA": "110,573", "Tax Rate for Calcs": "0", "Tax Effect of Unusual Items": "-1,777"}}, "bs": {"12/31/2020": {"Duration": "12/31/2020", "Total Assets": "1,130,528", "Total Liabilities Net Minority Interest": "924,487", "Total Equity Gross Minority Interest": "206,041", "Total Capitalization": "713,929", "Common Stock Equity": "206,041", "Net Tangible Assets": "-306,498", "Working Capital": "241,373", "Invested Capital": "713,929", "Tangible Book Value": "-306,498", "Total Debt": "507,888", "Net Debt": "431,436", "Share Issued": "21,374", "Ordinary Shares Number": "20,001", "Treasury Shares Number": "1,372"}, "12/31/2019": {"Duration": "12/31/2019", "Total Assets": "1,470,945", "Total Liabilities Net Minority Interest": "1,079,534", "Total Equity Gross Minority Interest": "391,411", "Total Capitalization": "1,027,708", "Common Stock Equity": "391,411", "Net Tangible Assets": "-266,024", "Working Capital": "338,744", "Invested Capital": "1,027,708", "Tangible Book Value": "-266,024", "Total Debt": "636,297", "Net Debt": "551,766", "Share Issued": "21,285", "Ordinary Shares Number": "19,912", "Treasury Shares Number": "1,372"}, "12/31/2018": {"Duration": "12/31/2018", "Total Assets": "1,791,612", "Total Liabilities Net Minority Interest": "1,262,619", "Total Equity Gross Minority Interest": "528,993", "Total Capitalization": "1,307,180", "Common Stock Equity": "528,993", "Net Tangible Assets": "-371,514", "Working Capital": "363,984", "Invested Capital": "1,315,030", "Tangible Book Value": "-371,514", "Total Debt": "786,037", "Net Debt": "717,520", "Share Issued": "21,218", "Ordinary Shares Number": "19,845", "Treasury Shares Number": "1,372"}}, "cf": {"TTM": {"Duration": "TTM", "Operating Cash Flow": "-22,723", "Investing Cash Flow": "144,295", "Financing Cash Flow": "-133,798", "End Cash Position": "77,696", "Income Tax Paid Supplemental Data": "13,074", "Interest Paid Supplemental Data": "33,993", "Capital Expenditure": "-12,544", "Issuance of Debt": "219,000", "Repayment of Debt": "-352,916", "Free Cash Flow": "-35,267"}, "12/31/2020": {"Duration": "12/31/2020", "Operating Cash Flow": "-22,723", "Investing Cash Flow": "144,295", "Financing Cash Flow": "-133,798", "End Cash Position": "77,696", "Income Tax Paid Supplemental Data": "13,074", "Interest Paid Supplemental Data": "33,993", "Capital Expenditure": "-12,544", "Issuance of Debt": "219,000", "Repayment of Debt": "-352,916", "Free Cash Flow": "-35,267"}, "12/31/2019": {"Duration": "12/31/2019", "Operating Cash Flow": "15,913", "Investing Cash Flow": "153,036", "Financing Cash Flow": "-152,944", "End Cash Position": "85,727", "Income Tax Paid Supplemental Data": "16,711", "Interest Paid Supplemental Data": "47,544", "Capital Expenditure": "-13,855", "Issuance of Debt": "281,600", "Repayment of Debt": "-434,797", "Free Cash Flow": "2,058"}, "12/31/2018": {"Duration": "12/31/2018", "Operating Cash Flow": "53,994", "Investing Cash Flow": "-16,877", "Financing Cash Flow": "-74,073", "End Cash Position": "69,525", "Income Tax Paid Supplemental Data": "633", "Interest Paid Supplemental Data": "50,326", "Capital Expenditure": "-23,588", "Issuance of Debt": "248,300", "Repayment of Debt": "-260,146", "Free Cash Flow": "30,406"}}}}, {"NPO": {"quote": {"05/12/2021": {"value": "91.27", "Market Cap": "1.88B", "Beta (5Y Monthly)": "1.64", "PE Ratio (TTM)": "N/A", "EPS (TTM)": "-0.80", "Earnings Date": "Aug 03, 2021", "Forward Dividend & Yield": "1.08 (1.16%)", "Ex-Dividend Date": "Jun 01, 2021", "1y Target Est": "106.33"}}, "fin": {"TTM": {"Duration": "TTM", "Total Revenue": "1,074,000", "Cost of Revenue": "698,200", "Gross Profit": "375,800", "Operating Expense": "349,900", "Operating Income": "25,900", "Net Non Operating Interest Income Expense": "-14,900", "Other Income Expense": "-37,800", "Pretax Income": "-26,800", "Tax Provision": "-3,500", "Net Income Common Stockholders": "184,400", "Diluted NI Available to Com Stockholders": "184,400", "Basic EPS": "-", "Diluted EPS": "-", "Basic Average Shares": "-", "Diluted Average Shares": "-", "Total Operating Income as Reported": "25,900", "Total Expenses": "1,048,100", "Net Income from Continuing & Discontinued Operation": "184,400", "Normalized Income": "-23,700", "Interest Income": "1,600", "Interest Expense": "16,500", "Net Interest Income": "-14,900", "EBIT": "-10,300", "EBITDA": "60,500", "Reconciled Cost of Revenue": "698,200", "Reconciled Depreciation": "70,800", "Net Income from Continuing Operation Net Minority Interest": "-23,700", "Total Unusual Items Excluding Goodwill": "-", "Total Unusual Items": "-", "Normalized EBITDA": "60,500", "Tax Rate for Calcs": "0", "Tax Effect of Unusual Items": "0"}, "12/31/2020": {"Duration": "12/31/2020", "Total Revenue": "1,074,000", "Cost of Revenue": "698,200", "Gross Profit": "375,800", "Operating Expense": "349,900", "Operating Income": "25,900", "Net Non Operating Interest Income Expense": "-14,900", "Other Income Expense": "-37,800", "Pretax Income": "-26,800", "Tax Provision": "-3,500", "Net Income Common Stockholders": "184,400", "Diluted NI Available to Com Stockholders": "184,400", "Basic EPS": "-", "Diluted EPS": "-", "Basic Average Shares": "-", "Diluted Average Shares": "-", "Total Operating Income as Reported": "25,900", "Total Expenses": "1,048,100", "Net Income from Continuing & Discontinued Operation": "184,400", "Normalized Income": "-23,700", "Interest Income": "1,600", "Interest Expense": "16,500", "Net Interest Income": "-14,900", "EBIT": "-10,300", "EBITDA": "-", "Reconciled Cost of Revenue": "698,200", "Reconciled Depreciation": "70,800", "Net Income from Continuing Operation Net Minority Interest": "-23,700", "Total Unusual Items Excluding Goodwill": "-", "Total Unusual Items": "-", "Normalized EBITDA": "60,500", "Tax Rate for Calcs": "0", "Tax Effect of Unusual Items": "0"}, "12/31/2019": {"Duration": "12/31/2019", "Total Revenue": "1,205,700", "Cost of Revenue": "801,900", "Gross Profit": "403,800", "Operating Expense": "347,200", "Operating Income": "56,600", "Net Non Operating Interest Income Expense": "-18,200", "Other Income Expense": "-34,100", "Pretax Income": "4,300", "Tax Provision": "-3,500", "Net Income Common Stockholders": "38,300", "Diluted NI Available to Com Stockholders": "38,300", "Basic EPS": "1.86", "Diluted EPS": "1.85", "Basic Average Shares": "20,700", "Diluted Average Shares": "20,800", "Total Operating Income as Reported": "56,600", "Total Expenses": "1,149,100", "Net Income from Continuing & Discontinued Operation": "38,300", "Normalized Income": "7,800", "Interest Income": "1,400", "Interest Expense": "19,600", "Net Interest Income": "-18,200", "EBIT": "23,900", "EBITDA": "-", "Reconciled Cost of Revenue": "801,900", "Reconciled Depreciation": "67,900", "Net Income from Continuing Operation Net Minority Interest": "7,800", "Total Unusual Items Excluding Goodwill": "0", "Total Unusual Items": "0", "Normalized EBITDA": "91,800", "Tax Rate for Calcs": "0", "Tax Effect of Unusual Items": "0"}, "12/31/2018": {"Duration": "12/31/2018", "Total Revenue": "1,532,000", "Cost of Revenue": "1,053,000", "Gross Profit": "479,000", "Operating Expense": "361,700", "Operating Income": "117,300", "Net Non Operating Interest Income Expense": "-27,300", "Other Income Expense": "-43,400", "Pretax Income": "46,600", "Tax Provision": "22,000", "Net Income Common Stockholders": "24,600", "Diluted NI Available to Com Stockholders": "24,600", "Basic EPS": "1.17", "Diluted EPS": "1.16", "Basic Average Shares": "20,900", "Diluted Average Shares": "21,100", "Total Operating Income as Reported": "117,300", "Total Expenses": "1,414,700", "Net Income from Continuing & Discontinued Operation": "24,600", "Normalized Income": "24,600", "Interest Income": "1,200", "Interest Expense": "28,500", "Net Interest Income": "-27,300", "EBIT": "75,100", "EBITDA": "-", "Reconciled Cost of Revenue": "1,053,000", "Reconciled Depreciation": "73,700", "Net Income from Continuing Operation Net Minority Interest": "24,600", "Total Unusual Items Excluding Goodwill": "0", "Total Unusual Items": "0", "Normalized EBITDA": "148,800", "Tax Rate for Calcs": "0", "Tax Effect of Unusual Items": "0"}}, "bs": {"12/31/2020": {"Duration": "12/31/2020", "Total Assets": "2,083,600", "Total Liabilities Net Minority Interest": "1,005,100", "Total Equity Gross Minority Interest": "1,078,500", "Total Capitalization": "1,566,000", "Common Stock Equity": "1,078,500", "Capital Lease Obligations": "10,100", "Net Tangible Assets": "-96,900", "Working Capital": "377,000", "Invested Capital": "1,569,800", "Tangible Book Value": "-96,900", "Total Debt": "501,400", "Net Debt": "261,800", "Share Issued": "20,719", "Ordinary Shares Number": "20,536", "Treasury Shares Number": "182.511"}, "12/31/2019": {"Duration": "12/31/2019", "Total Assets": "2,035,100", "Total Liabilities Net Minority Interest": "1,148,200", "Total Equity Gross Minority Interest": "886,900", "Total Capitalization": "1,512,100", "Common Stock Equity": "886,900", "Capital Lease Obligations": "9,300", "Net Tangible Assets": "-65,300", "Working Capital": "435,900", "Invested Capital": "1,516,200", "Tangible Book Value": "-65,300", "Total Debt": "638,600", "Net Debt": "508,100", "Share Issued": "20,785", "Ordinary Shares Number": "20,599", "Treasury Shares Number": "186.516"}, "12/31/2018": {"Duration": "12/31/2018", "Total Assets": "1,719,100", "Total Liabilities Net Minority Interest": "856,400", "Total Equity Gross Minority Interest": "862,700", "Total Capitalization": "1,325,200", "Common Stock Equity": "862,700", "Capital Lease Obligations": "-", "Net Tangible Assets": "231,700", "Working Capital": "444,900", "Invested Capital": "1,327,600", "Tangible Book Value": "231,700", "Total Debt": "464,900", "Net Debt": "335,300", "Share Issued": "20,929", "Ordinary Shares Number": "20,740", "Treasury Shares Number": "189.514"}}, "cf": {"TTM": {"Duration": "TTM", "Operating Cash Flow": "51,400", "Investing Cash Flow": "216,100", "Financing Cash Flow": "-167,300", "End Cash Position": "229,500", "Income Tax Paid Supplemental Data": "67,200", "Interest Paid Supplemental Data": "16,100", "Capital Expenditure": "-18,300", "Issuance of Debt": "29,900", "Repayment of Debt": "-168,200", "Repurchase of Capital Stock": "-5,300", "Free Cash Flow": "33,100"}, "12/31/2020": {"Duration": "12/31/2020", "Operating Cash Flow": "51,400", "Investing Cash Flow": "216,100", "Financing Cash Flow": "-167,300", "End Cash Position": "229,500", "Income Tax Paid Supplemental Data": "67,200", "Interest Paid Supplemental Data": "16,100", "Capital Expenditure": "-18,300", "Issuance of Debt": "29,900", "Repayment of Debt": "-168,200", "Repurchase of Capital Stock": "-5,300", "Free Cash Flow": "33,100"}, "12/31/2019": {"Duration": "12/31/2019", "Operating Cash Flow": "207,600", "Investing Cash Flow": "-342,900", "Financing Cash Flow": "123,800", "End Cash Position": "121,200", "Income Tax Paid Supplemental Data": "8,800", "Interest Paid Supplemental Data": "19,200", "Capital Expenditure": "-21,600", "Issuance of Debt": "652,700", "Repayment of Debt": "-487,900", "Repurchase of Capital Stock": "-15,000", "Free Cash Flow": "186,000"}, "12/31/2018": {"Duration": "12/31/2018", "Operating Cash Flow": "226,400", "Investing Cash Flow": "-26,000", "Financing Cash Flow": "-252,400", "End Cash Position": "129,600", "Income Tax Paid Supplemental Data": "-", "Interest Paid Supplemental Data": "33,300", "Capital Expenditure": "-66,000", "Issuance of Debt": "1,014,700", "Repayment of Debt": "-1,184,900", "Repurchase of Capital Stock": "-50,000", "Free Cash Flow": "160,400"}}}}, {"HNH": {"quote": {"05/12/2021": {"value": "", "Net Assets": "N/A", "Beta (5Y Monthly)": "N/A", "Yield": "N/A", "5y Average Return": "N/A", "Holdings Turnover": "N/A", "Last Dividend": "N/A", "Average for Category": "N/A", "Inception Date": "N/A"}}, "fin": {}, "bs": {}, "cf": {}}}, {"MWA": {"quote": {"05/12/2021": {"value": "14.43", "Market Cap": "2.305B", "Beta (5Y Monthly)": "1.30", "PE Ratio (TTM)": "30.19", "EPS (TTM)": "0.48", "Earnings Date": "Aug 03, 2021 - Aug 09, 2021", "Forward Dividend & Yield": "0.22 (1.50%)", "Ex-Dividend Date": "May 07, 2021", "1y Target Est": "15.11"}}, "fin": {"TTM": {"Duration": "TTM", "Total Revenue": "988,900", "Cost of Revenue": "654,900", "Gross Profit": "334,000", "Operating Expense": "210,700", "Operating Income": "123,300", "Net Non Operating Interest Income Expense": "-24,200", "Other Income Expense": "4,100", "Pretax Income": "103,200", "Tax Provision": "24,800", "Net Income Common Stockholders": "78,400", "Diluted NI Available to Com Stockholders": "78,400", "Basic EPS": "-", "Diluted EPS": "-", "Basic Average Shares": "-", "Diluted Average Shares": "-", "Total Operating Income as Reported": "124,300", "Total Expenses": "865,600", "Interest Income": "800", "Interest Expense": "23,800", "Net Interest Income": "-24,200", "Net Income from Continuing & Discontinued Operation": "78,400", "Normalized Income": "77,640", "EBIT": "127,000", "EBITDA": "185,500", "Reconciled Cost of Revenue": "654,900", "Reconciled Depreciation": "58,500", "Net Income from Continuing Operation Net Minority Interest": "78,400", "Total Unusual Items Excluding Goodwill": "1,000", "Total Unusual Items": "1,000", "Normalized EBITDA": "184,500", "Tax Rate for Calcs": "0", "Tax Effect of Unusual Items": "240.3101"}, "9/30/2020": {"Duration": "9/30/2020", "Total Revenue": "964,100", "Cost of Revenue": "635,900", "Gross Profit": "328,200", "Operating Expense": "211,400", "Operating Income": "116,800", "Net Non Operating Interest Income Expense": "-25,500", "Other Income Expense": "2,800", "Pretax Income": "94,100", "Tax Provision": "22,100", "Net Income Common Stockholders": "72,000", "Diluted NI Available to Com Stockholders": "72,000", "Basic EPS": "0.46", "Diluted EPS": "0.45", "Basic Average Shares": "157,800", "Diluted Average Shares": "158,600", "Total Operating Income as Reported": "116,800", "Total Expenses": "847,300", "Interest Income": "1,100", "Interest Expense": "25,400", "Net Interest Income": "-25,500", "Net Income from Continuing & Discontinued Operation": "72,000", "Normalized Income": "72,000", "EBIT": "119,500", "EBITDA": "-", "Reconciled Cost of Revenue": "635,900", "Reconciled Depreciation": "57,800", "Net Income from Continuing Operation Net Minority Interest": "72,000", "Total Unusual Items Excluding Goodwill": "0", "Total Unusual Items": "0", "Normalized EBITDA": "177,300", "Tax Rate for Calcs": "0", "Tax Effect of Unusual Items": "0"}, "9/30/2019": {"Duration": "9/30/2019", "Total Revenue": "968,000", "Cost of Revenue": "647,100", "Gross Profit": "320,900", "Operating Expense": "199,000", "Operating Income": "121,900", "Net Non Operating Interest Income Expense": "-19,900", "Other Income Expense": "-20,000", "Pretax Income": "82,100", "Tax Provision": "18,300", "Net Income Common Stockholders": "63,800", "Diluted NI Available to Com Stockholders": "63,800", "Basic EPS": "0.40", "Diluted EPS": "0.40", "Basic Average Shares": "157,800", "Diluted Average Shares": "159,000", "Total Operating Income as Reported": "124,300", "Total Expenses": "846,100", "Interest Income": "3,500", "Interest Expense": "22,200", "Net Interest Income": "-19,900", "Net Income from Continuing & Discontinued Operation": "63,800", "Normalized Income": "61,935", "EBIT": "104,300", "EBITDA": "-", "Reconciled Cost of Revenue": "647,100", "Reconciled Depreciation": "53,000", "Net Income from Continuing Operation Net Minority Interest": "63,800", "Total Unusual Items Excluding Goodwill": "2,400", "Total Unusual Items": "2,400", "Normalized EBITDA": "154,900", "Tax Rate for Calcs": "0", "Tax Effect of Unusual Items": "535.2"}, "9/30/2018": {"Duration": "9/30/2018", "Total Revenue": "916,000", "Cost of Revenue": "626,100", "Gross Profit": "289,900", "Operating Expense": "177,200", "Operating Income": "112,700", "Net Non Operating Interest Income Expense": "-20,300", "Other Income Expense": "3,300", "Pretax Income": "95,700", "Tax Provision": "-9,900", "Net Income Common Stockholders": "105,600", "Diluted NI Available to Com Stockholders": "105,600", "Basic EPS": "0.67", "Diluted EPS": "0.66", "Basic Average Shares": "158,200", "Diluted Average Shares": "159,700", "Total Operating Income as Reported": "121,700", "Total Expenses": "803,300", "Interest Income": "4,400", "Interest Expense": "23,100", "Net Interest Income": "-20,300", "Net Income from Continuing & Discontinued Operation": "105,600", "Normalized Income": "102,461", "EBIT": "118,800", "EBITDA": "-", "Reconciled Cost of Revenue": "626,100", "Reconciled Depreciation": "43,700", "Net Income from Continuing Operation Net Minority Interest": "105,600", "Total Unusual Items Excluding Goodwill": "4,300", "Total Unusual Items": "4,300", "Normalized EBITDA": "158,200", "Tax Rate for Calcs": "0", "Tax Effect of Unusual Items": "1,161"}}, "bs": {"9/30/2020": {"Duration": "9/30/2020", "Total Assets": "1,395,000", "Total Liabilities Net Minority Interest": "754,300", "Total Equity Gross Minority Interest": "640,700", "Total Capitalization": "1,087,200", "Common Stock Equity": "640,700", "Capital Lease Obligations": "27,300", "Net Tangible Assets": "132,100", "Working Capital": "426,200", "Invested Capital": "1,088,300", "Tangible Book Value": "132,100", "Total Debt": "474,900", "Net Debt": "238,700", "Share Issued": "158,065", "Ordinary Shares Number": "158,065"}, "9/30/2019": {"Duration": "9/30/2019", "Total Assets": "1,337,300", "Total Liabilities Net Minority Interest": "745,000", "Total Equity Gross Minority Interest": "592,300", "Total Capitalization": "1,035,500", "Common Stock Equity": "590,100", "Capital Lease Obligations": "-", "Net Tangible Assets": "60,700", "Working Capital": "388,400", "Invested Capital": "1,036,400", "Tangible Book Value": "60,700", "Total Debt": "446,300", "Net Debt": "269,600", "Share Issued": "157,462", "Ordinary Shares Number": "157,462"}, "9/30/2018": {"Duration": "9/30/2018", "Total Assets": "1,291,900", "Total Liabilities Net Minority Interest": "727,100", "Total Equity Gross Minority Interest": "564,800", "Total Capitalization": "1,007,600", "Common Stock Equity": "563,300", "Capital Lease Obligations": "-", "Net Tangible Assets": "143,100", "Working Capital": "518,400", "Invested Capital": "1,008,300", "Tangible Book Value": "143,100", "Total Debt": "445,000", "Net Debt": "97,900", "Share Issued": "157,332", "Ordinary Shares Number": "157,332"}}, "cf": {"TTM": {"Duration": "TTM", "Operating Cash Flow": "186,800", "Investing Cash Flow": "-67,900", "Financing Cash Flow": "-34,400", "End Cash Position": "221,300", "Income Tax Paid Supplemental Data": "-", "Interest Paid Supplemental Data": "-", "Capital Expenditure": "-68,100", "Issuance of Capital Stock": "2,700", "Issuance of Debt": "-", "Repayment of Debt": "-", "Repurchase of Capital Stock": "-6,100", "Free Cash Flow": "118,700"}, "9/30/2020": {"Duration": "9/30/2020", "Operating Cash Flow": "140,300", "Investing Cash Flow": "-67,500", "Financing Cash Flow": "-41,400", "End Cash Position": "208,900", "Income Tax Paid Supplemental Data": "15,300", "Interest Paid Supplemental Data": "24,300", "Capital Expenditure": "-67,700", "Issuance of Capital Stock": "3,500", "Issuance of Debt": "0", "Repayment of Debt": "0", "Repurchase of Capital Stock": "-5,900", "Free Cash Flow": "72,600"}, "9/30/2019": {"Duration": "9/30/2019", "Operating Cash Flow": "92,500", "Investing Cash Flow": "-211,800", "Financing Cash Flow": "-50,900", "End Cash Position": "176,700", "Income Tax Paid Supplemental Data": "-", "Interest Paid Supplemental Data": "-", "Capital Expenditure": "-86,600", "Issuance of Capital Stock": "5,200", "Issuance of Debt": "0", "Repayment of Debt": "-13,200", "Repurchase of Capital Stock": "-11,300", "Free Cash Flow": "5,900"}, "9/30/2018": {"Duration": "9/30/2018", "Operating Cash Flow": "133,100", "Investing Cash Flow": "-47,900", "Financing Cash Flow": "-98,300", "End Cash Position": "347,100", "Income Tax Paid Supplemental Data": "10,700", "Interest Paid Supplemental Data": "8,900", "Capital Expenditure": "-55,700", "Issuance of Capital Stock": "7,300", "Issuance of Debt": "450,000", "Repayment of Debt": "-486,300", "Repurchase of Capital Stock": "-32,100", "Free Cash Flow": "77,400"}}}}, {"OFLX": {"quote": {"05/12/2021": {"value": "160.00", "Market Cap": "1.615B", "Beta (5Y Monthly)": "0.31", "PE Ratio (TTM)": "73.97", "EPS (TTM)": "2.16", "Earnings Date": "Jul 14, 2021 - Jul 19, 2021", "Forward Dividend & Yield": "1.12 (0.74%)", "Ex-Dividend Date": "Apr 01, 2021", "1y Target Est": "N/A"}}, "fin": {"TTM": {"Duration": "TTM", "Total Revenue": "105,796", "Cost of Revenue": "39,246", "Gross Profit": "66,550", "Operating Expense": "39,897", "Operating Income": "26,653", "Net Non Operating Interest Income Expense": "-39", "Other Income Expense": "-53", "Pretax Income": "26,561", "Tax Provision": "6,594", "Net Income Common Stockholders": "19,910", "Diluted NI Available to Com Stockholders": "19,910", "Basic EPS": "-", "Diluted EPS": "-", "Basic Average Shares": "-", "Diluted Average Shares": "-", "Total Operating Income as Reported": "26,653", "Total Expenses": "79,143", "Interest Income": "-", "Interest Expense": "39", "Net Interest Income": "-39", "Net Income from Continuing & Discontinued Operation": "19,910", "Normalized Income": "19,910", "EBIT": "26,600", "EBITDA": "27,470", "Reconciled Cost of Revenue": "39,246", "Reconciled Depreciation": "870", "Net Income from Continuing Operation Net Minority Interest": "19,910", "Total Unusual Items Excluding Goodwill": "-", "Total Unusual Items": "-", "Normalized EBITDA": "27,470", "Tax Rate for Calcs": "0", "Tax Effect of Unusual Items": "0"}, "12/31/2020": {"Duration": "12/31/2020", "Total Revenue": "105,796", "Cost of Revenue": "39,246", "Gross Profit": "66,550", "Operating Expense": "39,897", "Operating Income": "26,653", "Net Non Operating Interest Income Expense": "-39", "Other Income Expense": "-53", "Pretax Income": "26,561", "Tax Provision": "6,594", "Net Income Common Stockholders": "19,910", "Diluted NI Available to Com Stockholders": "19,910", "Basic EPS": "-", "Diluted EPS": "-", "Basic Average Shares": "-", "Diluted Average Shares": "-", "Total Operating Income as Reported": "26,653", "Total Expenses": "79,143", "Interest Income": "-", "Interest Expense": "39", "Net Interest Income": "-39", "Net Income from Continuing & Discontinued Operation": "19,910", "Normalized Income": "19,910", "EBIT": "26,600", "EBITDA": "-", "Reconciled Cost of Revenue": "39,246", "Reconciled Depreciation": "870", "Net Income from Continuing Operation Net Minority Interest": "19,910", "Total Unusual Items Excluding Goodwill": "-", "Total Unusual Items": "-", "Normalized EBITDA": "27,470", "Tax Rate for Calcs": "0", "Tax Effect of Unusual Items": "0"}, "12/31/2019": {"Duration": "12/31/2019", "Total Revenue": "111,360", "Cost of Revenue": "40,873", "Gross Profit": "70,487", "Operating Expense": "48,565", "Operating Income": "21,922", "Net Non Operating Interest Income Expense": "876", "Other Income Expense": "56", "Pretax Income": "22,854", "Tax Provision": "5,429", "Net Income Common Stockholders": "17,286", "Diluted NI Available to Com Stockholders": "17,286", "Basic EPS": "1.71", "Diluted EPS": "1.71", "Basic Average Shares": "10,093", "Diluted Average Shares": "10,093", "Total Operating Income as Reported": "21,922", "Total Expenses": "89,438", "Interest Income": "876", "Interest Expense": "-", "Net Interest Income": "876", "Net Income from Continuing & Discontinued Operation": "17,286", "Normalized Income": "17,286", "EBIT": "21,922", "EBITDA": "-", "Reconciled Cost of Revenue": "40,873", "Reconciled Depreciation": "719", "Net Income from Continuing Operation Net Minority Interest": "17,286", "Total Unusual Items Excluding Goodwill": "-", "Total Unusual Items": "-", "Normalized EBITDA": "22,641", "Tax Rate for Calcs": "0", "Tax Effect of Unusual Items": "0"}, "12/31/2018": {"Duration": "12/31/2018", "Total Revenue": "108,313", "Cost of Revenue": "42,217", "Gross Profit": "66,096", "Operating Expense": "39,730", "Operating Income": "26,366", "Net Non Operating Interest Income Expense": "488", "Other Income Expense": "-126", "Pretax Income": "26,728", "Tax Provision": "6,451", "Net Income Common Stockholders": "20,139", "Diluted NI Available to Com Stockholders": "20,139", "Basic EPS": "2.00", "Diluted EPS": "2.00", "Basic Average Shares": "10,092", "Diluted Average Shares": "10,092", "Total Operating Income as Reported": "26,366", "Total Expenses": "81,947", "Interest Income": "488", "Interest Expense": "-", "Net Interest Income": "488", "Net Income from Continuing & Discontinued Operation": "20,139", "Normalized Income": "20,139", "EBIT": "26,366", "EBITDA": "-", "Reconciled Cost of Revenue": "42,217", "Reconciled Depreciation": "543", "Net Income from Continuing Operation Net Minority Interest": "20,139", "Total Unusual Items Excluding Goodwill": "-", "Total Unusual Items": "-", "Normalized EBITDA": "26,909", "Tax Rate for Calcs": "0", "Tax Effect of Unusual Items": "0"}}, "bs": {"12/31/2020": {"Duration": "12/31/2020", "Total Assets": "71,571", "Total Liabilities Net Minority Interest": "25,194", "Total Equity Gross Minority Interest": "46,377", "Total Capitalization": "46,117", "Common Stock Equity": "46,117", "Capital Lease Obligations": "499", "Net Tangible Assets": "42,591", "Working Capital": "35,486", "Invested Capital": "46,117", "Tangible Book Value": "42,591", "Total Debt": "499", "Share Issued": "10,154", "Ordinary Shares Number": "10,094", "Treasury Shares Number": "59.311"}, "12/31/2019": {"Duration": "12/31/2019", "Total Assets": "60,984", "Total Liabilities Net Minority Interest": "23,408", "Total Equity Gross Minority Interest": "37,576", "Total Capitalization": "37,382", "Common Stock Equity": "37,382", "Capital Lease Obligations": "787", "Net Tangible Assets": "33,856", "Working Capital": "25,836", "Invested Capital": "37,382", "Tangible Book Value": "33,856", "Total Debt": "787", "Share Issued": "10,154", "Ordinary Shares Number": "10,094", "Treasury Shares Number": "59.311"}, "12/31/2018": {"Duration": "12/31/2018", "Total Assets": "86,836", "Total Liabilities Net Minority Interest": "20,515", "Total Equity Gross Minority Interest": "66,321", "Total Capitalization": "66,069", "Common Stock Equity": "66,069", "Capital Lease Obligations": "-", "Net Tangible Assets": "62,543", "Working Capital": "55,217", "Invested Capital": "66,069", "Tangible Book Value": "62,543", "Total Debt": "-", "Share Issued": "10,154", "Ordinary Shares Number": "10,092", "Treasury Shares Number": "61.811"}}, "cf": {"TTM": {"Duration": "TTM", "Operating Cash Flow": "19,310", "Investing Cash Flow": "-564", "Financing Cash Flow": "-11,306", "End Cash Position": "23,633", "Income Tax Paid Supplemental Data": "6,436", "Interest Paid Supplemental Data": "112", "Capital Expenditure": "-564", "Free Cash Flow": "18,746"}, "12/31/2020": {"Duration": "12/31/2020", "Operating Cash Flow": "19,310", "Investing Cash Flow": "-564", "Financing Cash Flow": "-11,306", "End Cash Position": "23,633", "Income Tax Paid Supplemental Data": "6,436", "Interest Paid Supplemental Data": "112", "Capital Expenditure": "-564", "Free Cash Flow": "18,746"}, "12/31/2019": {"Duration": "12/31/2019", "Operating Cash Flow": "16,041", "Investing Cash Flow": "13,719", "Financing Cash Flow": "-46,028", "End Cash Position": "16,098", "Income Tax Paid Supplemental Data": "5,431", "Interest Paid Supplemental Data": "-", "Capital Expenditure": "-1,225", "Free Cash Flow": "14,816"}, "12/31/2018": {"Duration": "12/31/2018", "Operating Cash Flow": "21,058", "Investing Cash Flow": "-16,868", "Financing Cash Flow": "-9,775", "End Cash Position": "32,392", "Income Tax Paid Supplemental Data": "7,310", "Interest Paid Supplemental Data": "-", "Capital Expenditure": "-1,924", "Free Cash Flow": "19,134"}}}}, {"WTS": {"quote": {"05/12/2021": {"value": "136.53", "Market Cap": "4.597B", "Beta (5Y Monthly)": "0.87", "PE Ratio (TTM)": "37.42", "EPS (TTM)": "3.65", "Earnings Date": "Aug 02, 2021 - Aug 06, 2021", "Forward Dividend & Yield": "1.04 (0.76%)", "Ex-Dividend Date": "May 28, 2021", "1y Target Est": "114.80"}}, "fin": {"TTM": {"Duration": "TTM", "Total Revenue": "1,508,600", "Cost of Revenue": "883,200", "Gross Profit": "625,400", "Operating Expense": "432,400", "Operating Income": "193,000", "Net Non Operating Interest Income Expense": "-13,100", "Other Income Expense": "-12,900", "Pretax Income": "167,000", "Tax Provision": "52,700", "Net Income Common Stockholders": "114,300", "Diluted NI Available to Com Stockholders": "114,300", "Basic EPS": "-", "Diluted EPS": "-", "Basic Average Shares": "-", "Diluted Average Shares": "-", "Total Operating Income as Reported": "181,100", "Total Expenses": "1,315,600", "Interest Income": "200", "Interest Expense": "13,300", "Net Interest Income": "-13,100", "Net Income from Continuing & Discontinued Operation": "114,300", "Normalized Income": "122,440", "EBIT": "180,300", "EBITDA": "226,800", "Reconciled Cost of Revenue": "883,200", "Reconciled Depreciation": "46,500", "Net Income from Continuing Operation Net Minority Interest": "114,300", "Total Unusual Items Excluding Goodwill": "-11,900", "Total Unusual Items": "-11,900", "Normalized EBITDA": "238,700", "Tax Rate for Calcs": "0", "Tax Effect of Unusual Items": "-3,760"}, "12/31/2020": {"Duration": "12/31/2020", "Total Revenue": "1,508,600", "Cost of Revenue": "883,200", "Gross Profit": "625,400", "Operating Expense": "432,400", "Operating Income": "193,000", "Net Non Operating Interest Income Expense": "-13,100", "Other Income Expense": "-12,900", "Pretax Income": "167,000", "Tax Provision": "52,700", "Net Income Common Stockholders": "114,300", "Diluted NI Available to Com Stockholders": "114,300", "Basic EPS": "-", "Diluted EPS": "-", "Basic Average Shares": "-", "Diluted Average Shares": "-", "Total Operating Income as Reported": "181,100", "Total Expenses": "1,315,600", "Interest Income": "200", "Interest Expense": "13,300", "Net Interest Income": "-13,100", "Net Income from Continuing & Discontinued Operation": "114,300", "Normalized Income": "122,440", "EBIT": "180,300", "EBITDA": "-", "Reconciled Cost of Revenue": "883,200", "Reconciled Depreciation": "46,500", "Net Income from Continuing Operation Net Minority Interest": "114,300", "Total Unusual Items Excluding Goodwill": "-11,900", "Total Unusual Items": "-11,900", "Normalized EBITDA": "238,700", "Tax Rate for Calcs": "0", "Tax Effect of Unusual Items": "-3,760"}, "12/31/2019": {"Duration": "12/31/2019", "Total Revenue": "1,600,500", "Cost of Revenue": "923,000", "Gross Profit": "677,500", "Operating Expense": "476,100", "Operating Income": "201,400", "Net Non Operating Interest Income Expense": "-13,700", "Other Income Expense": "-3,800", "Pretax Income": "183,900", "Tax Provision": "52,400", "Net Income Common Stockholders": "131,500", "Diluted NI Available to Com Stockholders": "131,500", "Basic EPS": "3.86", "Diluted EPS": "3.85", "Basic Average Shares": "34,100", "Diluted Average Shares": "34,200", "Total Operating Income as Reported": "197,100", "Total Expenses": "1,399,100", "Interest Income": "400", "Interest Expense": "14,100", "Net Interest Income": "-13,700", "Net Income from Continuing & Discontinued Operation": "131,500", "Normalized Income": "134,575", "EBIT": "198,000", "EBITDA": "-", "Reconciled Cost of Revenue": "923,000", "Reconciled Depreciation": "46,600", "Net Income from Continuing Operation Net Minority Interest": "131,500", "Total Unusual Items Excluding Goodwill": "-4,300", "Total Unusual Items": "-4,300", "Normalized EBITDA": "248,900", "Tax Rate for Calcs": "0", "Tax Effect of Unusual Items": "-1,225"}, "12/31/2018": {"Duration": "12/31/2018", "Total Revenue": "1,564,900", "Cost of Revenue": "908,400", "Gross Profit": "656,500", "Operating Expense": "464,700", "Operating Income": "191,800", "Net Non Operating Interest Income Expense": "-15,500", "Other Income Expense": "-1,700", "Pretax Income": "174,600", "Tax Provision": "46,600", "Net Income Common Stockholders": "128,000", "Diluted NI Available to Com Stockholders": "128,000", "Basic EPS": "3.64", "Diluted EPS": "3.64", "Basic Average Shares": "34,300", "Diluted Average Shares": "34,300", "Total Operating Income as Reported": "188,400", "Total Expenses": "1,373,100", "Interest Income": "800", "Interest Expense": "16,300", "Net Interest Income": "-15,500", "Net Income from Continuing & Discontinued Operation": "128,000", "Normalized Income": "130,492", "EBIT": "190,900", "EBITDA": "-", "Reconciled Cost of Revenue": "908,400", "Reconciled Depreciation": "48,500", "Net Income from Continuing Operation Net Minority Interest": "128,000", "Total Unusual Items Excluding Goodwill": "-3,400", "Total Unusual Items": "-3,400", "Normalized EBITDA": "242,800", "Tax Rate for Calcs": "0", "Tax Effect of Unusual Items": "-907.8"}}, "bs": {"12/31/2020": {"Duration": "12/31/2020", "Total Assets": "1,738,200", "Total Liabilities Net Minority Interest": "668,400", "Total Equity Gross Minority Interest": "1,069,800", "Total Capitalization": "1,268,000", "Common Stock Equity": "1,069,800", "Net Tangible Assets": "325,600", "Working Capital": "396,700", "Invested Capital": "1,268,000", "Tangible Book Value": "325,600", "Total Debt": "198,200", "Net Debt": "-", "Share Issued": "33,623", "Ordinary Shares Number": "33,623"}, "12/31/2019": {"Duration": "12/31/2019", "Total Assets": "1,723,100", "Total Liabilities Net Minority Interest": "745,100", "Total Equity Gross Minority Interest": "978,000", "Total Capitalization": "1,182,200", "Common Stock Equity": "978,000", "Net Tangible Assets": "245,500", "Working Capital": "315,600", "Invested Capital": "1,287,200", "Tangible Book Value": "245,500", "Total Debt": "309,200", "Net Debt": "89,500", "Share Issued": "33,866", "Ordinary Shares Number": "33,866"}, "12/31/2018": {"Duration": "12/31/2018", "Total Assets": "1,653,700", "Total Liabilities Net Minority Interest": "762,400", "Total Equity Gross Minority Interest": "891,300", "Total Capitalization": "1,214,700", "Common Stock Equity": "891,300", "Net Tangible Assets": "181,300", "Working Capital": "372,600", "Invested Capital": "1,244,700", "Tangible Book Value": "181,300", "Total Debt": "353,400", "Net Debt": "149,300", "Share Issued": "33,976", "Ordinary Shares Number": "33,976"}}, "cf": {"TTM": {"Duration": "TTM", "Operating Cash Flow": "228,800", "Investing Cash Flow": "-54,800", "Financing Cash Flow": "-181,900", "End Cash Position": "218,900", "Income Tax Paid Supplemental Data": "45,600", "Interest Paid Supplemental Data": "12,200", "Capital Expenditure": "-43,800", "Issuance of Debt": "407,500", "Repayment of Debt": "-519,600", "Repurchase of Capital Stock": "-28,900", "Free Cash Flow": "185,000"}, "12/31/2020": {"Duration": "12/31/2020", "Operating Cash Flow": "228,800", "Investing Cash Flow": "-54,800", "Financing Cash Flow": "-181,900", "End Cash Position": "218,900", "Income Tax Paid Supplemental Data": "45,600", "Interest Paid Supplemental Data": "12,200", "Capital Expenditure": "-43,800", "Issuance of Debt": "407,500", "Repayment of Debt": "-519,600", "Repurchase of Capital Stock": "-28,900", "Free Cash Flow": "185,000"}, "12/31/2019": {"Duration": "12/31/2019", "Operating Cash Flow": "194,000", "Investing Cash Flow": "-71,800", "Financing Cash Flow": "-105,600", "End Cash Position": "219,700", "Income Tax Paid Supplemental Data": "50,800", "Interest Paid Supplemental Data": "17,100", "Capital Expenditure": "-29,200", "Issuance of Debt": "82,000", "Repayment of Debt": "-127,000", "Repurchase of Capital Stock": "-19,500", "Free Cash Flow": "164,800"}, "12/31/2018": {"Duration": "12/31/2018", "Operating Cash Flow": "169,400", "Investing Cash Flow": "-35,900", "Financing Cash Flow": "-202,900", "End Cash Position": "204,100", "Income Tax Paid Supplemental Data": "55,300", "Interest Paid Supplemental Data": "19,100", "Capital Expenditure": "-36,600", "Issuance of Debt": "50,000", "Repayment of Debt": "-201,100", "Repurchase of Capital Stock": "-26,000", "Free Cash Flow": "132,800"}}}}, {"PNR": {"quote": {"05/12/2021": {"value": "66.63", "Market Cap": "11.074B", "Beta (5Y Monthly)": "1.15", "PE Ratio (TTM)": "26.91", "EPS (TTM)": "2.48", "Earnings Date": "Jul 21, 2021 - Jul 26, 2021", "Forward Dividend & Yield": "0.80 (1.18%)", "Ex-Dividend Date": "Jul 22, 2021", "1y Target Est": "68.13"}}, "fin": {"TTM": {"Duration": "TTM", "Total Revenue": "3,173,700", "Cost of Revenue": "2,052,500", "Gross Profit": "1,121,200", "Operating Expense": "603,400", "Operating Income": "517,800", "Net Non Operating Interest Income Expense": "-22,100", "Other Income Expense": "-4,600", "Pretax Income": "491,100", "Tax Provision": "75,600", "Net Income Common Stockholders": "414,500", "Diluted NI Available to Com Stockholders": "414,500", "Basic EPS": "-", "Diluted EPS": "-", "Basic Average Shares": "-", "Diluted Average Shares": "-", "Total Operating Income as Reported": "517,800", "Total Expenses": "2,655,900", "Net Income from Continuing & Discontinued Operation": "414,500", "Normalized Income": "415,585", "Interest Income": "-", "Interest Expense": "22,100", "Net Interest Income": "-22,100", "EBIT": "513,200", "EBITDA": "588,900", "Reconciled Cost of Revenue": "2,052,500", "Reconciled Depreciation": "75,700", "Net Income from Continuing Operation Net Minority Interest": "415,500", "Total Unusual Items Excluding Goodwill": "-100", "Total Unusual Items": "-100", "Normalized EBITDA": "589,000", "Tax Rate for Calcs": "0", "Tax Effect of Unusual Items": "-15.394"}, "12/31/2020": {"Duration": "12/31/2020", "Total Revenue": "3,017,800", "Cost of Revenue": "1,960,200", "Gross Profit": "1,057,600", "Operating Expense": "596,200", "Operating Income": "461,400", "Net Non Operating Interest Income Expense": "-23,900", "Other Income Expense": "-5,400", "Pretax Income": "432,100", "Tax Provision": "75,000", "Net Income Common Stockholders": "358,600", "Diluted NI Available to Com Stockholders": "358,600", "Basic EPS": "-", "Diluted EPS": "-", "Basic Average Shares": "-", "Diluted Average Shares": "-", "Total Operating Income as Reported": "461,400", "Total Expenses": "2,556,400", "Net Income from Continuing & Discontinued Operation": "358,600", "Normalized Income": "357,183", "Interest Income": "-", "Interest Expense": "23,900", "Net Interest Income": "-23,900", "EBIT": "456,000", "EBITDA": "-", "Reconciled Cost of Revenue": "1,960,200", "Reconciled Depreciation": "75,100", "Net Income from Continuing Operation Net Minority Interest": "357,100", "Total Unusual Items Excluding Goodwill": "-100", "Total Unusual Items": "-100", "Normalized EBITDA": "531,200", "Tax Rate for Calcs": "0", "Tax Effect of Unusual Items": "-17.4"}, "12/31/2019": {"Duration": "12/31/2019", "Total Revenue": "2,957,200", "Cost of Revenue": "1,905,700", "Gross Profit": "1,051,500", "Operating Expense": "619,000", "Operating Income": "432,500", "Net Non Operating Interest Income Expense": "-30,100", "Other Income Expense": "5,100", "Pretax Income": "407,500", "Tax Provision": "45,800", "Net Income Common Stockholders": "355,700", "Diluted NI Available to Com Stockholders": "355,700", "Basic EPS": "2.10", "Diluted EPS": "2.09", "Basic Average Shares": "169,400", "Diluted Average Shares": "170,400", "Total Operating Income as Reported": "432,500", "Total Expenses": "2,524,700", "Net Income from Continuing & Discontinued Operation": "355,700", "Normalized Income": "359,746", "Interest Income": "-", "Interest Expense": "30,100", "Net Interest Income": "-30,100", "EBIT": "437,600", "EBITDA": "-", "Reconciled Cost of Revenue": "1,905,700", "Reconciled Depreciation": "80,000", "Net Income from Continuing Operation Net Minority Interest": "361,700", "Total Unusual Items Excluding Goodwill": "2,200", "Total Unusual Items": "2,200", "Normalized EBITDA": "515,400", "Tax Rate for Calcs": "0", "Tax Effect of Unusual Items": "246.4"}, "12/31/2018": {"Duration": "12/31/2018", "Total Revenue": "2,965,100", "Cost of Revenue": "1,917,400", "Gross Profit": "1,047,700", "Operating Expense": "611,000", "Operating Income": "436,700", "Net Non Operating Interest Income Expense": "-32,600", "Other Income Expense": "-24,300", "Pretax Income": "379,800", "Tax Provision": "58,100", "Net Income Common Stockholders": "347,400", "Diluted NI Available to Com Stockholders": "347,400", "Basic EPS": "1.98", "Diluted EPS": "1.96", "Basic Average Shares": "175,800", "Diluted Average Shares": "177,300", "Total Operating Income as Reported": "436,700", "Total Expenses": "2,528,400", "Net Income from Continuing & Discontinued Operation": "347,400", "Normalized Income": "342,367", "Interest Income": "-", "Interest Expense": "32,600", "Net Interest Income": "-32,600", "EBIT": "412,400", "EBITDA": "-", "Reconciled Cost of Revenue": "1,917,400", "Reconciled Depreciation": "84,600", "Net Income from Continuing Operation Net Minority Interest": "321,700", "Total Unusual Items Excluding Goodwill": "-24,400", "Total Unusual Items": "-24,400", "Normalized EBITDA": "521,400", "Tax Rate for Calcs": "0", "Tax Effect of Unusual Items": "-3,733"}}, "bs": {"12/31/2020": {"Duration": "12/31/2020", "Total Assets": "4,197,200", "Total Liabilities Net Minority Interest": "2,090,900", "Total Equity Gross Minority Interest": "2,106,300", "Total Capitalization": "2,945,900", "Common Stock Equity": "2,106,300", "Capital Lease Obligations": "87,200", "Net Tangible Assets": "-611,800", "Working Capital": "202,600", "Invested Capital": "2,945,900", "Tangible Book Value": "-611,800", "Total Debt": "926,800", "Net Debt": "757,500", "Share Issued": "166,064", "Ordinary Shares Number": "166,064"}, "12/31/2019": {"Duration": "12/31/2019", "Total Assets": "4,139,500", "Total Liabilities Net Minority Interest": "2,185,600", "Total Equity Gross Minority Interest": "1,953,900", "Total Capitalization": "2,983,000", "Common Stock Equity": "1,953,900", "Capital Lease Obligations": "80,100", "Net Tangible Assets": "-643,600", "Working Capital": "312,900", "Invested Capital": "2,983,000", "Tangible Book Value": "-643,600", "Total Debt": "1,109,200", "Net Debt": "946,600", "Share Issued": "168,293", "Ordinary Shares Number": "168,293"}, "12/31/2018": {"Duration": "12/31/2018", "Total Assets": "3,806,500", "Total Liabilities Net Minority Interest": "1,970,400", "Total Equity Gross Minority Interest": "1,836,100", "Total Capitalization": "2,623,700", "Common Stock Equity": "1,836,100", "Capital Lease Obligations": "-", "Net Tangible Assets": "-512,900", "Working Capital": "220,700", "Invested Capital": "2,623,700", "Tangible Book Value": "-512,900", "Total Debt": "787,600", "Net Debt": "713,300", "Share Issued": "171,364", "Ordinary Shares Number": "171,364"}}, "cf": {"TTM": {"Duration": "TTM", "Operating Cash Flow": "717,000", "Investing Cash Flow": "-101,900", "Financing Cash Flow": "-680,100", "End Cash Position": "104,300", "Income Tax Paid Supplemental Data": "-", "Interest Paid Supplemental Data": "-", "Capital Expenditure": "-56,700", "Issuance of Capital Stock": "-", "Issuance of Debt": "-", "Repayment of Debt": "-", "Repurchase of Capital Stock": "-44,600", "Free Cash Flow": "660,300"}, "12/31/2020": {"Duration": "12/31/2020", "Operating Cash Flow": "573,600", "Investing Cash Flow": "-117,900", "Financing Cash Flow": "-435,900", "End Cash Position": "82,100", "Income Tax Paid Supplemental Data": "67,700", "Interest Paid Supplemental Data": "41,000", "Capital Expenditure": "-62,200", "Issuance of Capital Stock": "32,900", "Issuance of Debt": "0", "Repayment of Debt": "-191,500", "Repurchase of Capital Stock": "-150,200", "Free Cash Flow": "511,400"}, "12/31/2019": {"Duration": "12/31/2019", "Operating Cash Flow": "353,000", "Investing Cash Flow": "-331,900", "Financing Cash Flow": "-17,100", "End Cash Position": "82,500", "Income Tax Paid Supplemental Data": "59,000", "Interest Paid Supplemental Data": "33,700", "Capital Expenditure": "-58,500", "Issuance of Capital Stock": "-", "Issuance of Debt": "651,500", "Repayment of Debt": "-401,500", "Repurchase of Capital Stock": "-150,000", "Free Cash Flow": "294,500"}, "12/31/2018": {"Duration": "12/31/2018", "Operating Cash Flow": "439,100", "Investing Cash Flow": "-68,800", "Financing Cash Flow": "-407,900", "End Cash Position": "74,300", "Income Tax Paid Supplemental Data": "92,900", "Interest Paid Supplemental Data": "43,700", "Capital Expenditure": "-48,200", "Issuance of Capital Stock": "-", "Issuance of Debt": "39,700", "Repayment of Debt": "-675,100", "Repurchase of Capital Stock": "-500,000", "Free Cash Flow": "390,900"}}}}, {"BHTG": {"quote": {"05/12/2021": {"value": "1.2000", "Market Cap": "33.669M", "Beta (5Y Monthly)": "1.25", "PE Ratio (TTM)": "N/A", "EPS (TTM)": "-0.6190", "Earnings Date": "Apr 20, 2021", "Forward Dividend & Yield": "N/A (N/A)", "Ex-Dividend Date": "N/A", "1y Target Est": "5.25"}}, "fin": {"TTM": {"Duration": "TTM", "Total Revenue": "5,879", "Cost of Revenue": "5,652", "Gross Profit": "226.403", "Operating Expense": "10,927", "Operating Income": "-10,701", "Net Non Operating Interest Income Expense": "-4,066", "Other Income Expense": "-975.42", "Pretax Income": "-15,742", "Net Income Common Stockholders": "-12,344", "Diluted NI Available to Com Stockholders": "-12,344", "Basic EPS": "-", "Diluted EPS": "-", "Basic Average Shares": "-", "Diluted Average Shares": "-", "Total Operating Income as Reported": "-11,676", "Rent Expense Supplemental": "856.751", "Total Expenses": "16,579", "Net Income from Continuing & Discontinued Operation": "-11,537", "Normalized Income": "-10,562", "Interest Income": "17.848", "Interest Expense": "4,084", "Net Interest Income": "-4,066", "EBIT": "-11,658", "EBITDA": "-9,260", "Reconciled Cost of Revenue": "5,561", "Reconciled Depreciation": "2,398", "Net Income from Continuing Operation Net Minority Interest": "-11,537", "Total Unusual Items Excluding Goodwill": "-975.42", "Total Unusual Items": "-975.42", "Normalized EBITDA": "-8,285", "Tax Rate for Calcs": "0", "Tax Effect of Unusual Items": "0"}, "12/31/2020": {"Duration": "12/31/2020", "Total Revenue": "5,879", "Cost of Revenue": "5,652", "Gross Profit": "226.403", "Operating Expense": "10,927", "Operating Income": "-10,701", "Net Non Operating Interest Income Expense": "-4,066", "Other Income Expense": "-975.42", "Pretax Income": "-15,742", "Net Income Common Stockholders": "-12,344", "Diluted NI Available to Com Stockholders": "-12,344", "Basic EPS": "-", "Diluted EPS": "-", "Basic Average Shares": "-", "Diluted Average Shares": "-", "Total Operating Income as Reported": "-11,676", "Rent Expense Supplemental": "856.751", "Total Expenses": "16,579", "Net Income from Continuing & Discontinued Operation": "-11,537", "Normalized Income": "-10,562", "Interest Income": "17.848", "Interest Expense": "4,084", "Net Interest Income": "-4,066", "EBIT": "-11,658", "EBITDA": "-", "Reconciled Cost of Revenue": "5,561", "Reconciled Depreciation": "2,398", "Net Income from Continuing Operation Net Minority Interest": "-11,537", "Total Unusual Items Excluding Goodwill": "-975.42", "Total Unusual Items": "-975.42", "Normalized EBITDA": "-8,285", "Tax Rate for Calcs": "0", "Tax Effect of Unusual Items": "0"}, "12/31/2019": {"Duration": "12/31/2019", "Total Revenue": "4,219", "Cost of Revenue": "2,961", "Gross Profit": "1,258", "Operating Expense": "8,793", "Operating Income": "-7,535", "Net Non Operating Interest Income Expense": "-3,307", "Other Income Expense": "562.617", "Pretax Income": "-10,280", "Net Income Common Stockholders": "-8,750", "Diluted NI Available to Com Stockholders": "-8,750", "Basic EPS": "-0.56", "Diluted EPS": "-0.56", "Basic Average Shares": "15,669", "Diluted Average Shares": "15,669", "Total Operating Income as Reported": "-7,535", "Rent Expense Supplemental": "784.291", "Total Expenses": "11,755", "Net Income from Continuing & Discontinued Operation": "-7,623", "Normalized Income": "-8,186", "Interest Income": "69.93", "Interest Expense": "3,377", "Net Interest Income": "-3,307", "EBIT": "-6,903", "EBITDA": "-", "Reconciled Cost of Revenue": "2,961", "Reconciled Depreciation": "1,729", "Net Income from Continuing Operation Net Minority Interest": "-7,623", "Total Unusual Items Excluding Goodwill": "562.617", "Total Unusual Items": "562.617", "Normalized EBITDA": "-5,736", "Tax Rate for Calcs": "0", "Tax Effect of Unusual Items": "0"}, "12/31/2018": {"Duration": "12/31/2018", "Total Revenue": "3,359", "Cost of Revenue": "1,640", "Gross Profit": "1,719", "Operating Expense": "6,857", "Operating Income": "-5,137", "Net Non Operating Interest Income Expense": "-9,008", "Other Income Expense": "-601.927", "Pretax Income": "-14,747", "Net Income Common Stockholders": "-14,670", "Diluted NI Available to Com Stockholders": "-14,670", "Basic EPS": "-1.11", "Diluted EPS": "-1.11", "Basic Average Shares": "13,616", "Diluted Average Shares": "13,616", "Total Operating Income as Reported": "-5,137", "Rent Expense Supplemental": "1,238", "Total Expenses": "8,497", "Net Income from Continuing & Discontinued Operation": "-14,670", "Normalized Income": "-14,670", "Interest Income": "-", "Interest Expense": "9,008", "Net Interest Income": "-9,008", "EBIT": "-5,739", "EBITDA": "-", "Reconciled Cost of Revenue": "1,287", "Reconciled Depreciation": "468.228", "Net Income from Continuing Operation Net Minority Interest": "-14,670", "Total Unusual Items Excluding Goodwill": "-", "Total Unusual Items": "-", "Normalized EBITDA": "-5,271", "Tax Rate for Calcs": "0", "Tax Effect of Unusual Items": "0"}}, "bs": {"12/31/2020": {"Duration": "12/31/2020", "Total Assets": "56,686", "Total Liabilities Net Minority Interest": "53,232", "Total Equity Gross Minority Interest": "3,455", "Total Capitalization": "31,959", "Preferred Stock Equity": "6,622", "Common Stock Equity": "-4,308", "Capital Lease Obligations": "1,217", "Net Tangible Assets": "-5,759", "Working Capital": "-11,608", "Invested Capital": "34,523", "Tangible Book Value": "-12,380", "Total Debt": "40,048", "Net Debt": "36,427", "Share Issued": "23,354", "Ordinary Shares Number": "23,354"}, "12/31/2019": {"Duration": "12/31/2019", "Total Assets": "56,540", "Total Liabilities Net Minority Interest": "49,170", "Total Equity Gross Minority Interest": "7,370", "Total Capitalization": "36,960", "Preferred Stock Equity": "5,254", "Common Stock Equity": "-3,230", "Capital Lease Obligations": "915.17", "Net Tangible Assets": "-6,084", "Working Capital": "-5,352", "Invested Capital": "34,680", "Tangible Book Value": "-11,338", "Total Debt": "38,825", "Net Debt": "36,062", "Share Issued": "17,301", "Ordinary Shares Number": "17,301"}, "12/31/2018": {"Duration": "12/31/2018", "Total Assets": "55,316", "Total Liabilities Net Minority Interest": "45,308", "Total Equity Gross Minority Interest": "10,008", "Total Capitalization": "39,382", "Preferred Stock Equity": "4,540", "Common Stock Equity": "-1,135", "Capital Lease Obligations": "-", "Net Tangible Assets": "-5,212", "Working Capital": "365.605", "Invested Capital": "36,320", "Tangible Book Value": "-9,752", "Total Debt": "37,455", "Net Debt": "35,044", "Share Issued": "14,803", "Ordinary Shares Number": "14,803"}}, "cf": {"TTM": {"Duration": "TTM", "Operating Cash Flow": "-8,758", "Investing Cash Flow": "-1,017", "Financing Cash Flow": "11,140", "End Cash Position": "6,896", "Income Tax Paid Supplemental Data": "0", "Interest Paid Supplemental Data": "3,001", "Capital Expenditure": "-223.583", "Issuance of Capital Stock": "9,998", "Issuance of Debt": "421.3", "Repayment of Debt": "-4.605", "Repurchase of Capital Stock": "-", "Free Cash Flow": "-8,982"}, "12/31/2020": {"Duration": "12/31/2020", "Operating Cash Flow": "-8,758", "Investing Cash Flow": "-1,017", "Financing Cash Flow": "11,140", "End Cash Position": "6,896", "Income Tax Paid Supplemental Data": "0", "Interest Paid Supplemental Data": "3,001", "Capital Expenditure": "-223.583", "Issuance of Capital Stock": "9,998", "Issuance of Debt": "421.3", "Repayment of Debt": "-4.605", "Repurchase of Capital Stock": "-", "Free Cash Flow": "-8,982"}, "12/31/2019": {"Duration": "12/31/2019", "Operating Cash Flow": "-7,135", "Investing Cash Flow": "-2,879", "Financing Cash Flow": "6,347", "End Cash Position": "5,537", "Income Tax Paid Supplemental Data": "0", "Interest Paid Supplemental Data": "2,776", "Capital Expenditure": "-5,111", "Issuance of Capital Stock": "4,808", "Issuance of Debt": "0", "Repayment of Debt": "-9.165", "Repurchase of Capital Stock": "0", "Free Cash Flow": "-12,246"}, "12/31/2018": {"Duration": "12/31/2018", "Operating Cash Flow": "-6,044", "Investing Cash Flow": "6,082", "Financing Cash Flow": "8,151", "End Cash Position": "9,126", "Income Tax Paid Supplemental Data": "0", "Interest Paid Supplemental Data": "484.259", "Capital Expenditure": "-329.575", "Issuance of Capital Stock": "1,125", "Issuance of Debt": "6,500", "Repayment of Debt": "-2,473", "Repurchase of Capital Stock": "-317", "Free Cash Flow": "-6,374"}}}}, {"CETX": {"quote": {"05/12/2021": {"value": "1.3250", "Market Cap": "23.808M", "Beta (5Y Monthly)": "2.13", "PE Ratio (TTM)": "N/A", "EPS (TTM)": "-1.3650", "Earnings Date": "Jan 05, 2021", "Forward Dividend & Yield": "N/A (N/A)", "Ex-Dividend Date": "Mar 29, 2017", "1y Target Est": "2.75"}}, "fin": {"TTM": {"Duration": "TTM", "Total Revenue": "43,518", "Cost of Revenue": "24,154", "Gross Profit": "19,364", "Operating Expense": "23,398", "Operating Income": "-4,034", "Net Non Operating Interest Income Expense": "-4,607", "Other Income Expense": "1,821", "Pretax Income": "-6,820", "Tax Provision": "2,074", "Earnings from Equity Interest Net of Tax": "-", "Net Income Common Stockholders": "-13,105", "Diluted NI Available to Com Stockholders": "-13,105", "Basic EPS": "-", "Diluted EPS": "-", "Basic Average Shares": "-", "Diluted Average Shares": "-", "Total Operating Income as Reported": "-4,034", "Total Expenses": "47,552", "Net Income from Continuing & Discontinued Operation": "-9,934", "Normalized Income": "-9,121", "Interest Expense": "4,607", "Net Interest Income": "-4,607", "EBIT": "-2,212", "EBITDA": "1,502", "Reconciled Cost of Revenue": "24,154", "Reconciled Depreciation": "3,715", "Net Income from Continuing Operation Net Minority Interest": "-9,121", "Normalized EBITDA": "1,502", "Tax Rate for Calcs": "0", "Tax Effect of Unusual Items": "0"}, "9/30/2020": {"Duration": "9/30/2020", "Total Revenue": "43,518", "Cost of Revenue": "24,154", "Gross Profit": "19,364", "Operating Expense": "23,398", "Operating Income": "-4,034", "Net Non Operating Interest Income Expense": "-4,607", "Other Income Expense": "1,821", "Pretax Income": "-6,820", "Tax Provision": "2,074", "Earnings from Equity Interest Net of Tax": "-", "Net Income Common Stockholders": "-13,105", "Diluted NI Available to Com Stockholders": "-13,105", "Basic EPS": "-", "Diluted EPS": "-", "Basic Average Shares": "-", "Diluted Average Shares": "-", "Total Operating Income as Reported": "-4,034", "Total Expenses": "47,552", "Net Income from Continuing & Discontinued Operation": "-9,934", "Normalized Income": "-9,121", "Interest Expense": "4,607", "Net Interest Income": "-4,607", "EBIT": "-2,212", "EBITDA": "-", "Reconciled Cost of Revenue": "24,154", "Reconciled Depreciation": "3,715", "Net Income from Continuing Operation Net Minority Interest": "-9,121", "Normalized EBITDA": "1,502", "Tax Rate for Calcs": "0", "Tax Effect of Unusual Items": "0"}, "9/30/2019": {"Duration": "9/30/2019", "Total Revenue": "39,265", "Cost of Revenue": "23,702", "Gross Profit": "15,563", "Operating Expense": "23,010", "Operating Income": "-7,447", "Net Non Operating Interest Income Expense": "-4,786", "Other Income Expense": "-405.481", "Pretax Income": "-12,638", "Tax Provision": "-1,336", "Earnings from Equity Interest Net of Tax": "-", "Net Income Common Stockholders": "-24,330", "Diluted NI Available to Com Stockholders": "-24,330", "Basic EPS": "-10.51", "Diluted EPS": "-10.51", "Basic Average Shares": "2,268", "Diluted Average Shares": "2,268", "Total Operating Income as Reported": "-7,447", "Total Expenses": "46,712", "Net Income from Continuing & Discontinued Operation": "-22,365", "Normalized Income": "-11,805", "Interest Expense": "4,786", "Net Interest Income": "-4,786", "EBIT": "-7,853", "EBITDA": "-", "Reconciled Cost of Revenue": "23,702", "Reconciled Depreciation": "3,014", "Net Income from Continuing Operation Net Minority Interest": "-11,805", "Normalized EBITDA": "-4,839", "Tax Rate for Calcs": "0", "Tax Effect of Unusual Items": "0"}, "9/30/2018": {"Duration": "9/30/2018", "Total Revenue": "89,937", "Cost of Revenue": "58,551", "Gross Profit": "31,385", "Operating Expense": "42,286", "Operating Income": "-10,901", "Net Non Operating Interest Income Expense": "-1,248", "Other Income Expense": "1,523", "Pretax Income": "-10,626", "Tax Provision": "-2,600", "Earnings from Equity Interest Net of Tax": "-1,215", "Net Income Common Stockholders": "-10,155", "Diluted NI Available to Com Stockholders": "-10,155", "Basic EPS": "-7.13", "Diluted EPS": "-7.13", "Basic Average Shares": "1,418", "Diluted Average Shares": "1,418", "Total Operating Income as Reported": "-10,901", "Total Expenses": "100,837", "Net Income from Continuing & Discontinued Operation": "-9,240", "Normalized Income": "-9,240", "Interest Expense": "1,248", "Net Interest Income": "-1,248", "EBIT": "-9,377", "EBITDA": "-", "Reconciled Cost of Revenue": "58,551", "Reconciled Depreciation": "4,181", "Net Income from Continuing Operation Net Minority Interest": "-9,240", "Normalized EBITDA": "-5,196", "Tax Rate for Calcs": "0", "Tax Effect of Unusual Items": "0"}}, "bs": {"9/30/2020": {"Duration": "9/30/2020", "Total Assets": "63,787", "Total Liabilities Net Minority Interest": "31,843", "Total Equity Gross Minority Interest": "31,945", "Total Capitalization": "43,293", "Preferred Stock Equity": "3.257", "Common Stock Equity": "30,864", "Capital Lease Obligations": "2,748", "Net Tangible Assets": "26,496", "Working Capital": "23,285", "Invested Capital": "43,290", "Tangible Book Value": "26,493", "Total Debt": "15,175", "Net Debt": "-", "Share Issued": "17,623", "Ordinary Shares Number": "17,623", "Preferred Shares Number": "2,265"}, "9/30/2019": {"Duration": "9/30/2019", "Total Assets": "44,393", "Total Liabilities Net Minority Interest": "22,427", "Total Equity Gross Minority Interest": "21,966", "Total Capitalization": "26,138", "Preferred Stock Equity": "3.111", "Common Stock Equity": "21,077", "Capital Lease Obligations": "20.061", "Net Tangible Assets": "16,709", "Working Capital": "3,240", "Invested Capital": "26,135", "Tangible Book Value": "16,706", "Total Debt": "5,078", "Net Debt": "3,288", "Share Issued": "3,963", "Ordinary Shares Number": "3,963", "Preferred Shares Number": "2,216"}, "9/30/2018": {"Duration": "9/30/2018", "Total Assets": "67,331", "Total Liabilities Net Minority Interest": "32,050", "Total Equity Gross Minority Interest": "35,281", "Total Capitalization": "43,332", "Preferred Stock Equity": "2.914", "Common Stock Equity": "35,278", "Capital Lease Obligations": "44.081", "Net Tangible Assets": "31,958", "Working Capital": "10,012", "Invested Capital": "43,329", "Tangible Book Value": "31,955", "Total Debt": "8,096", "Net Debt": "7,078", "Share Issued": "1,637", "Ordinary Shares Number": "1,637", "Preferred Shares Number": "2,565"}}, "cf": {"TTM": {"Duration": "TTM", "Operating Cash Flow": "-4,093", "Investing Cash Flow": "764.552", "Financing Cash Flow": "21,521", "End Cash Position": "21,073", "Income Tax Paid Supplemental Data": "32.345", "Interest Paid Supplemental Data": "1,591", "Capital Expenditure": "-1,566", "Issuance of Capital Stock": "12,463", "Issuance of Debt": "12,316", "Repayment of Debt": "-1,652", "Repurchase of Capital Stock": "-338.775", "Free Cash Flow": "-5,659"}, "9/30/2020": {"Duration": "9/30/2020", "Operating Cash Flow": "-4,093", "Investing Cash Flow": "764.552", "Financing Cash Flow": "21,521", "End Cash Position": "21,073", "Income Tax Paid Supplemental Data": "32.345", "Interest Paid Supplemental Data": "1,591", "Capital Expenditure": "-1,566", "Issuance of Capital Stock": "12,463", "Issuance of Debt": "12,316", "Repayment of Debt": "-1,652", "Repurchase of Capital Stock": "-338.775", "Free Cash Flow": "-5,659"}, "9/30/2019": {"Duration": "9/30/2019", "Operating Cash Flow": "3,935", "Investing Cash Flow": "6,840", "Financing Cash Flow": "-11,857", "End Cash Position": "2,858", "Income Tax Paid Supplemental Data": "162.871", "Interest Paid Supplemental Data": "672.637", "Capital Expenditure": "-1,659", "Issuance of Capital Stock": "1,433", "Issuance of Debt": "2,595", "Repayment of Debt": "-1,880", "Repurchase of Capital Stock": "-273.092", "Free Cash Flow": "2,276"}, "9/30/2018": {"Duration": "9/30/2018", "Operating Cash Flow": "-2,802", "Investing Cash Flow": "-12,207", "Financing Cash Flow": "5,351", "End Cash Position": "2,316", "Income Tax Paid Supplemental Data": "827.305", "Interest Paid Supplemental Data": "259.317", "Capital Expenditure": "-12,207", "Issuance of Capital Stock": "-", "Issuance of Debt": "7,705", "Repayment of Debt": "-2,030", "Repurchase of Capital Stock": "0", "Free Cash Flow": "-15,010"}}}}, {"SNHY": {"fin": {}, "bs": {}, "cf": {}}}, {"HEAT": {"fin": {}, "bs": {}, "cf": {}}}]