[{"AIT": {"quote": {"04/25/2021": {"value": "96.05", "Market Cap": "3.689B", "Beta (5Y Monthly)": "1.50", "PE Ratio (TTM)": "N/A", "EPS (TTM)": "-0.60", "Earnings Date": "Apr 29, 2021", "Forward Dividend & Yield": "1.32 (1.39%)", "Ex-Dividend Date": "Feb 12, 2021", "1y Target Est": "99.00"}}, "fin": {"TTM": {"Duration": "TTM", "Total Revenue": "3,054,967", "Cost of Revenue": "2,184,610", "Gross Profit": "870,357", "Operating Expense": "670,880", "Operating Income": "199,477", "Net Non Operating Interest Income Expense": "-32,204", "Other Income Expense": "-177,857", "Pretax Income": "-10,584", "Tax Provision": "12,754", "Net Income Common Stockholders": "-23,338", "Diluted NI Available to Com Stockholders": "-23,338", "Basic EPS": "-", "Diluted EPS": "-", "Basic Average Shares": "-", "Diluted Average Shares": "-", "Total Operating Income as Reported": "18,964", "Total Expenses": "2,855,490", "Net Income from Continuing & Discontinued Operation": "-23,338", "Normalized Income": "106,495", "Interest Income": "-", "Interest Expense": "34,858", "Net Interest Income": "-32,204", "EBIT": "72,221", "EBITDA": "132,347", "Reconciled Cost of Revenue": "2,184,610", "Reconciled Depreciation": "60,126", "Net Income from Continuing Operation Net Minority Interest": "-23,338", "Total Unusual Items Excluding Goodwill": "-177,853", "Total Unusual Items": "-177,853", "Normalized EBITDA": "310,200", "Tax Rate for Calcs": "0", "Tax Effect of Unusual Items": "-48,020"}, "6/30/2020": {"Duration": "6/30/2020", "Total Revenue": "3,245,652", "Cost of Revenue": "2,307,916", "Gross Profit": "937,736", "Operating Expense": "717,980", "Operating Income": "219,756", "Net Non Operating Interest Income Expense": "-36,535", "Other Income Expense": "-127,985", "Pretax Income": "55,236", "Tax Provision": "31,194", "Net Income Common Stockholders": "24,042", "Diluted NI Available to Com Stockholders": "24,042", "Basic EPS": "0.62", "Diluted EPS": "0.62", "Basic Average Shares": "38,658", "Diluted Average Shares": "38,999", "Total Operating Income as Reported": "88,989", "Total Expenses": "3,025,896", "Net Income from Continuing & Discontinued Operation": "24,042", "Normalized Income": "117,540", "Interest Income": "729", "Interest Expense": "37,264", "Net Interest Income": "-36,535", "EBIT": "92,500", "EBITDA": "-", "Reconciled Cost of Revenue": "2,307,916", "Reconciled Depreciation": "62,749", "Net Income from Continuing Operation Net Minority Interest": "24,042", "Total Unusual Items Excluding Goodwill": "-128,079", "Total Unusual Items": "-128,079", "Normalized EBITDA": "283,328", "Tax Rate for Calcs": "0", "Tax Effect of Unusual Items": "-34,581"}, "6/30/2019": {"Duration": "6/30/2019", "Total Revenue": "3,472,739", "Cost of Revenue": "2,465,116", "Gross Profit": "1,007,623", "Operating Expense": "742,241", "Operating Income": "265,382", "Net Non Operating Interest Income Expense": "-40,188", "Other Income Expense": "-30,713", "Pretax Income": "194,481", "Tax Provision": "50,488", "Net Income Common Stockholders": "143,993", "Diluted NI Available to Com Stockholders": "143,993", "Basic EPS": "3.72", "Diluted EPS": "3.68", "Basic Average Shares": "38,670", "Diluted Average Shares": "39,160", "Total Operating Income as Reported": "233,788", "Total Expenses": "3,207,357", "Net Income from Continuing & Discontinued Operation": "143,993", "Normalized Income": "167,110", "Interest Income": "600", "Interest Expense": "40,788", "Net Interest Income": "-40,188", "EBIT": "235,269", "EBITDA": "-", "Reconciled Cost of Revenue": "2,465,116", "Reconciled Depreciation": "62,119", "Net Income from Continuing Operation Net Minority Interest": "143,993", "Total Unusual Items Excluding Goodwill": "-31,239", "Total Unusual Items": "-31,239", "Normalized EBITDA": "328,627", "Tax Rate for Calcs": "0", "Tax Effect of Unusual Items": "-8,122"}, "6/30/2018": {"Duration": "6/30/2018", "Total Revenue": "3,073,274", "Cost of Revenue": "2,189,279", "Gross Profit": "883,995", "Operating Expense": "658,168", "Operating Income": "225,827", "Net Non Operating Interest Income Expense": "-23,485", "Other Income Expense": "2,376", "Pretax Income": "204,718", "Tax Provision": "63,093", "Net Income Common Stockholders": "141,625", "Diluted NI Available to Com Stockholders": "141,625", "Basic EPS": "3.65", "Diluted EPS": "3.61", "Basic Average Shares": "38,752", "Diluted Average Shares": "39,281", "Total Operating Income as Reported": "225,827", "Total Expenses": "2,847,447", "Net Income from Continuing & Discontinued Operation": "141,625", "Normalized Income": "140,936", "Interest Income": "657", "Interest Expense": "24,142", "Net Interest Income": "-23,485", "EBIT": "228,860", "EBITDA": "-", "Reconciled Cost of Revenue": "2,189,279", "Reconciled Depreciation": "49,863", "Net Income from Continuing Operation Net Minority Interest": "141,625", "Total Unusual Items Excluding Goodwill": "995", "Total Unusual Items": "995", "Normalized EBITDA": "277,728", "Tax Rate for Calcs": "0", "Tax Effect of Unusual Items": "306.46"}}, "bs": {"6/30/2020": {"Duration": "6/30/2020", "Total Assets": "2,283,551", "Total Liabilities Net Minority Interest": "1,440,009", "Total Equity Gross Minority Interest": "843,542", "Total Capitalization": "1,698,685", "Common Stock Equity": "843,542", "Net Tangible Assets": "-40,267", "Working Capital": "733,686", "Invested Capital": "1,777,331", "Tangible Book Value": "-40,267", "Total Debt": "933,789", "Net Debt": "665,238", "Share Issued": "54,213", "Ordinary Shares Number": "38,710", "Treasury Shares Number": "15,503"}, "6/30/2019": {"Duration": "6/30/2019", "Total Assets": "2,331,697", "Total Liabilities Net Minority Interest": "1,434,663", "Total Equity Gross Minority Interest": "897,034", "Total Capitalization": "1,805,884", "Common Stock Equity": "897,034", "Net Tangible Assets": "-133,823", "Working Capital": "724,344", "Invested Capital": "1,854,920", "Tangible Book Value": "-133,823", "Total Debt": "957,886", "Net Debt": "849,667", "Share Issued": "54,213", "Ordinary Shares Number": "38,597", "Treasury Shares Number": "15,616"}, "6/30/2018": {"Duration": "6/30/2018", "Total Assets": "2,285,741", "Total Liabilities Net Minority Interest": "1,470,778", "Total Equity Gross Minority Interest": "814,963", "Total Capitalization": "1,759,485", "Common Stock Equity": "814,963", "Net Tangible Assets": "-267,627", "Working Capital": "625,469", "Invested Capital": "1,778,668", "Tangible Book Value": "-267,627", "Total Debt": "963,705", "Net Debt": "909,555", "Share Issued": "54,213", "Ordinary Shares Number": "38,703", "Treasury Shares Number": "15,510"}}, "cf": {"TTM": {"Duration": "TTM", "Operating Cash Flow": "351,171", "Investing Cash Flow": "-46,609", "Financing Cash Flow": "-146,171", "End Cash Position": "286,540", "Income Tax Paid Supplemental Data": "-", "Interest Paid Supplemental Data": "-", "Capital Expenditure": "-16,599", "Issuance of Debt": "0", "Repayment of Debt": "-86,945", "Repurchase of Capital Stock": "-", "Free Cash Flow": "334,572"}, "6/30/2020": {"Duration": "6/30/2020", "Operating Cash Flow": "296,714", "Investing Cash Flow": "-55,404", "Financing Cash Flow": "-78,238", "End Cash Position": "268,551", "Income Tax Paid Supplemental Data": "41,162", "Interest Paid Supplemental Data": "36,648", "Capital Expenditure": "-20,115", "Issuance of Debt": "25,000", "Repayment of Debt": "-49,553", "Repurchase of Capital Stock": "0", "Free Cash Flow": "276,599"}, "6/30/2019": {"Duration": "6/30/2019", "Operating Cash Flow": "180,601", "Investing Cash Flow": "-55,102", "Financing Cash Flow": "-71,539", "End Cash Position": "108,219", "Income Tax Paid Supplemental Data": "54,294", "Interest Paid Supplemental Data": "40,142", "Capital Expenditure": "-18,970", "Issuance of Debt": "175,000", "Repayment of Debt": "-161,738", "Repurchase of Capital Stock": "-11,158", "Free Cash Flow": "161,631"}, "6/30/2018": {"Duration": "6/30/2018", "Operating Cash Flow": "147,304", "Investing Cash Flow": "-797,906", "Financing Cash Flow": "600,284", "End Cash Position": "54,150", "Income Tax Paid Supplemental Data": "41,724", "Interest Paid Supplemental Data": "25,560", "Capital Expenditure": "-23,230", "Issuance of Debt": "799,500", "Repayment of Debt": "-125,420", "Repurchase of Capital Stock": "-22,778", "Free Cash Flow": "124,074"}}}}, {"FAST": {"quote": {"04/25/2021": {"value": "52.18", "Market Cap": "29.906B", "Beta (5Y Monthly)": "1.26", "PE Ratio (TTM)": "34.56", "EPS (TTM)": "1.51", "Earnings Date": "Jul 13, 2021", "Forward Dividend & Yield": "1.12 (2.15%)", "Ex-Dividend Date": "Apr 23, 2021", "1y Target Est": "51.75"}}, "fin": {"TTM": {"Duration": "TTM", "Total Revenue": "5,697,300", "Cost of Revenue": "3,122,900", "Gross Profit": "2,574,400", "Operating Expense": "1,425,000", "Operating Income": "1,149,400", "Net Non Operating Interest Income Expense": "-9,400", "Other Income Expense": "-", "Pretax Income": "1,141,400", "Tax Provision": "274,300", "Net Income Common Stockholders": "867,100", "Diluted NI Available to Com Stockholders": "867,100", "Basic EPS": "-", "Diluted EPS": "-", "Basic Average Shares": "-", "Diluted Average Shares": "-", "Total Operating Income as Reported": "1,150,800", "Total Expenses": "4,547,900", "Net Income from Continuing & Discontinued Operation": "867,100", "Normalized Income": "866,036", "Interest Income": "500", "Interest Expense": "9,900", "Net Interest Income": "-9,400", "EBIT": "1,151,300", "EBITDA": "1,317,100", "Reconciled Cost of Revenue": "3,122,900", "Reconciled Depreciation": "165,800", "Net Income from Continuing Operation Net Minority Interest": "867,100", "Total Unusual Items Excluding Goodwill": "1,400", "Total Unusual Items": "1,400", "Normalized EBITDA": "1,315,700", "Tax Rate for Calcs": "0", "Tax Effect of Unusual Items": "336.4465"}, "12/31/2020": {"Duration": "12/31/2020", "Total Revenue": "5,647,300", "Cost of Revenue": "3,079,500", "Gross Profit": "2,567,800", "Operating Expense": "1,427,400", "Operating Income": "1,140,400", "Net Non Operating Interest Income Expense": "-9,100", "Other Income Expense": "1,400", "Pretax Income": "1,132,700", "Tax Provision": "273,600", "Net Income Common Stockholders": "859,100", "Diluted NI Available to Com Stockholders": "859,100", "Basic EPS": "1.50", "Diluted EPS": "1.49", "Basic Average Shares": "573,800", "Diluted Average Shares": "575,700", "Total Operating Income as Reported": "1,141,800", "Total Expenses": "4,506,900", "Net Income from Continuing & Discontinued Operation": "859,100", "Normalized Income": "858,039", "Interest Income": "600", "Interest Expense": "9,700", "Net Interest Income": "-9,100", "EBIT": "1,142,400", "EBITDA": "-", "Reconciled Cost of Revenue": "3,079,500", "Reconciled Depreciation": "162,400", "Net Income from Continuing Operation Net Minority Interest": "859,100", "Total Unusual Items Excluding Goodwill": "1,400", "Total Unusual Items": "1,400", "Normalized EBITDA": "1,303,400", "Tax Rate for Calcs": "0", "Tax Effect of Unusual Items": "338.8"}, "12/31/2019": {"Duration": "12/31/2019", "Total Revenue": "5,333,700", "Cost of Revenue": "2,818,300", "Gross Profit": "2,515,400", "Operating Expense": "1,459,400", "Operating Income": "1,056,000", "Net Non Operating Interest Income Expense": "-13,500", "Other Income Expense": "1,200", "Pretax Income": "1,043,700", "Tax Provision": "252,800", "Net Income Common Stockholders": "790,900", "Diluted NI Available to Com Stockholders": "790,900", "Basic EPS": "1.38", "Diluted EPS": "1.38", "Basic Average Shares": "573,200", "Diluted Average Shares": "574,400", "Total Operating Income as Reported": "1,057,200", "Total Expenses": "4,277,700", "Net Income from Continuing & Discontinued Operation": "790,900", "Normalized Income": "789,990", "Interest Income": "400", "Interest Expense": "13,900", "Net Interest Income": "-13,500", "EBIT": "1,057,600", "EBITDA": "-", "Reconciled Cost of Revenue": "2,818,300", "Reconciled Depreciation": "148,700", "Net Income from Continuing Operation Net Minority Interest": "790,900", "Total Unusual Items Excluding Goodwill": "1,200", "Total Unusual Items": "1,200", "Normalized EBITDA": "1,205,100", "Tax Rate for Calcs": "0", "Tax Effect of Unusual Items": "290.4"}, "12/31/2018": {"Duration": "12/31/2018", "Total Revenue": "4,965,100", "Cost of Revenue": "2,566,200", "Gross Profit": "2,398,900", "Operating Expense": "1,400,200", "Operating Income": "998,700", "Net Non Operating Interest Income Expense": "-12,200", "Other Income Expense": "500", "Pretax Income": "987,000", "Tax Provision": "235,100", "Net Income Common Stockholders": "751,900", "Diluted NI Available to Com Stockholders": "751,900", "Basic EPS": "1.31", "Diluted EPS": "1.31", "Basic Average Shares": "574,000", "Diluted Average Shares": "574,400", "Total Operating Income as Reported": "999,200", "Total Expenses": "3,966,400", "Net Income from Continuing & Discontinued Operation": "751,900", "Normalized Income": "751,519", "Interest Income": "400", "Interest Expense": "12,600", "Net Interest Income": "-12,200", "EBIT": "999,600", "EBITDA": "-", "Reconciled Cost of Revenue": "2,566,200", "Reconciled Depreciation": "138,200", "Net Income from Continuing Operation Net Minority Interest": "751,900", "Total Unusual Items Excluding Goodwill": "500", "Total Unusual Items": "500", "Normalized EBITDA": "1,137,300", "Tax Rate for Calcs": "0", "Tax Effect of Unusual Items": "119"}}, "bs": {"12/31/2020": {"Duration": "12/31/2020", "Total Assets": "3,964,700", "Total Liabilities Net Minority Interest": "1,231,500", "Total Equity Gross Minority Interest": "2,733,200", "Total Capitalization": "3,098,200", "Common Stock Equity": "2,733,200", "Capital Lease Obligations": "245,100", "Net Tangible Assets": "2,733,200", "Working Capital": "1,886,900", "Invested Capital": "3,138,200", "Tangible Book Value": "2,733,200", "Total Debt": "650,100", "Net Debt": "159,300", "Share Issued": "574,160", "Ordinary Shares Number": "574,160"}, "12/31/2019": {"Duration": "12/31/2019", "Total Assets": "3,799,900", "Total Liabilities Net Minority Interest": "1,134,300", "Total Equity Gross Minority Interest": "2,665,600", "Total Capitalization": "3,007,600", "Common Stock Equity": "2,665,600", "Capital Lease Obligations": "245,600", "Net Tangible Assets": "2,665,600", "Working Capital": "1,912,500", "Invested Capital": "3,010,600", "Tangible Book Value": "2,665,600", "Total Debt": "590,600", "Net Debt": "170,100", "Share Issued": "574,129", "Ordinary Shares Number": "574,129"}, "12/31/2018": {"Duration": "12/31/2018", "Total Assets": "3,321,500", "Total Liabilities Net Minority Interest": "1,018,800", "Total Equity Gross Minority Interest": "2,302,700", "Total Capitalization": "2,799,700", "Common Stock Equity": "2,302,700", "Capital Lease Obligations": "-", "Net Tangible Assets": "2,302,700", "Working Capital": "1,878,800", "Invested Capital": "2,802,700", "Tangible Book Value": "2,302,700", "Total Debt": "500,000", "Net Debt": "332,800", "Share Issued": "571,804", "Ordinary Shares Number": "571,804"}}, "cf": {"TTM": {"Duration": "TTM", "Operating Cash Flow": "1,135,500", "Investing Cash Flow": "-139,900", "Financing Cash Flow": "-830,400", "End Cash Position": "325,900", "Income Tax Paid Supplemental Data": "262,300", "Interest Paid Supplemental Data": "8,600", "Capital Expenditure": "-152,000", "Issuance of Debt": "785,000", "Repayment of Debt": "-835,000", "Repurchase of Capital Stock": "0", "Free Cash Flow": "983,500"}, "12/31/2020": {"Duration": "12/31/2020", "Operating Cash Flow": "1,101,800", "Investing Cash Flow": "-281,700", "Financing Cash Flow": "-754,400", "End Cash Position": "245,700", "Income Tax Paid Supplemental Data": "260,100", "Interest Paid Supplemental Data": "8,400", "Capital Expenditure": "-168,100", "Issuance of Debt": "1,000,000", "Repayment of Debt": "-940,000", "Repurchase of Capital Stock": "-52,000", "Free Cash Flow": "933,700"}, "12/31/2019": {"Duration": "12/31/2019", "Operating Cash Flow": "842,700", "Investing Cash Flow": "-239,700", "Financing Cash Flow": "-595,100", "End Cash Position": "174,900", "Income Tax Paid Supplemental Data": "242,700", "Interest Paid Supplemental Data": "13,900", "Capital Expenditure": "-246,400", "Issuance of Debt": "910,000", "Repayment of Debt": "-1,065,000", "Repurchase of Capital Stock": "0", "Free Cash Flow": "596,300"}, "12/31/2018": {"Duration": "12/31/2018", "Operating Cash Flow": "674,200", "Investing Cash Flow": "-173,900", "Financing Cash Flow": "-446,500", "End Cash Position": "167,200", "Income Tax Paid Supplemental Data": "215,300", "Interest Paid Supplemental Data": "12,600", "Capital Expenditure": "-176,300", "Issuance of Debt": "980,000", "Repayment of Debt": "-895,000", "Repurchase of Capital Stock": "-103,000", "Free Cash Flow": "497,900"}}}}, {"MSM": {"quote": {"04/25/2021": {"value": "90.36", "Market Cap": "5.046B", "Beta (5Y Monthly)": "1.05", "PE Ratio (TTM)": "27.09", "EPS (TTM)": "3.34", "Earnings Date": "Jul 06, 2021 - Jul 12, 2021", "Forward Dividend & Yield": "3.00 (3.32%)", "Ex-Dividend Date": "Apr 12, 2021", "1y Target Est": "94.43"}}, "fin": {"TTM": {"Duration": "TTM", "Total Revenue": "3,128,603", "Cost of Revenue": "1,845,460", "Gross Profit": "1,283,143", "Operating Expense": "970,634", "Operating Income": "312,509", "Net Non Operating Interest Income Expense": "-16,651", "Other Income Expense": "-47,416", "Pretax Income": "248,442", "Tax Provision": "60,567", "Net Income Common Stockholders": "186,762", "Average Dilution Earnings": "-", "Diluted NI Available to Com Stockholders": "186,762", "Basic EPS": "-", "Diluted EPS": "-", "Basic Average Shares": "-", "Diluted Average Shares": "-", "Total Operating Income as Reported": "264,701", "Total Expenses": "2,816,094", "Net Income from Continuing & Discontinued Operation": "186,738", "Normalized Income": "186,738", "Interest Income": "292", "Interest Expense": "16,943", "Net Interest Income": "-16,651", "EBIT": "265,385", "EBITDA": "334,722", "Reconciled Cost of Revenue": "1,845,460", "Reconciled Depreciation": "69,337", "Net Income from Continuing Operation Net Minority Interest": "186,738", "Normalized EBITDA": "334,722", "Tax Rate for Calcs": "0", "Tax Effect of Unusual Items": "0"}, "8/31/2020": {"Duration": "8/31/2020", "Total Revenue": "3,192,399", "Cost of Revenue": "1,849,077", "Gross Profit": "1,343,322", "Operating Expense": "992,582", "Operating Income": "350,740", "Net Non Operating Interest Income Expense": "-16,340", "Other Income Expense": "-150", "Pretax Income": "334,250", "Tax Provision": "82,492", "Net Income Common Stockholders": "251,117", "Average Dilution Earnings": "0", "Diluted NI Available to Com Stockholders": "251,117", "Basic EPS": "4.53", "Diluted EPS": "4.51", "Basic Average Shares": "55,472", "Diluted Average Shares": "55,643", "Total Operating Income as Reported": "350,740", "Total Expenses": "2,841,659", "Net Income from Continuing & Discontinued Operation": "251,117", "Normalized Income": "251,117", "Interest Income": "333", "Interest Expense": "16,673", "Net Interest Income": "-16,340", "EBIT": "350,923", "EBITDA": "-", "Reconciled Cost of Revenue": "1,849,077", "Reconciled Depreciation": "69,079", "Net Income from Continuing Operation Net Minority Interest": "251,117", "Normalized EBITDA": "420,002", "Tax Rate for Calcs": "0", "Tax Effect of Unusual Items": "0"}, "8/31/2019": {"Duration": "8/31/2019", "Total Revenue": "3,363,817", "Cost of Revenue": "1,931,774", "Gross Profit": "1,432,043", "Operating Expense": "1,032,047", "Operating Income": "399,996", "Net Non Operating Interest Income Expense": "-16,372", "Other Income Expense": "-495", "Pretax Income": "383,129", "Tax Provision": "94,332", "Net Income Common Stockholders": "288,745", "Average Dilution Earnings": "0", "Diluted NI Available to Com Stockholders": "288,745", "Basic EPS": "5.23", "Diluted EPS": "5.20", "Basic Average Shares": "55,245", "Diluted Average Shares": "55,508", "Total Operating Income as Reported": "399,996", "Total Expenses": "2,963,821", "Net Income from Continuing & Discontinued Operation": "288,865", "Normalized Income": "288,865", "Interest Income": "518", "Interest Expense": "16,890", "Net Interest Income": "-16,372", "EBIT": "400,019", "EBITDA": "-", "Reconciled Cost of Revenue": "1,931,774", "Reconciled Depreciation": "65,377", "Net Income from Continuing Operation Net Minority Interest": "288,865", "Normalized EBITDA": "465,396", "Tax Rate for Calcs": "0", "Tax Effect of Unusual Items": "0"}, "8/31/2018": {"Duration": "8/31/2018", "Total Revenue": "3,203,878", "Cost of Revenue": "1,810,917", "Gross Profit": "1,392,961", "Operating Expense": "972,408", "Operating Income": "420,553", "Net Non Operating Interest Income Expense": "-13,816", "Other Income Expense": "-548", "Pretax Income": "406,189", "Tax Provision": "76,966", "Net Income Common Stockholders": "328,843", "Average Dilution Earnings": "1", "Diluted NI Available to Com Stockholders": "328,844", "Basic EPS": "5.84", "Diluted EPS": "5.80", "Basic Average Shares": "56,355", "Diluted Average Shares": "56,707", "Total Operating Income as Reported": "420,553", "Total Expenses": "2,783,325", "Net Income from Continuing & Discontinued Operation": "329,223", "Normalized Income": "329,223", "Interest Income": "647", "Interest Expense": "14,463", "Net Interest Income": "-13,816", "EBIT": "420,652", "EBITDA": "-", "Reconciled Cost of Revenue": "1,810,917", "Reconciled Depreciation": "63,154", "Net Income from Continuing Operation Net Minority Interest": "329,223", "Normalized EBITDA": "483,806", "Tax Rate for Calcs": "0", "Tax Effect of Unusual Items": "0"}}, "bs": {"8/31/2020": {"Duration": "8/31/2020", "Total Assets": "2,382,430", "Total Liabilities Net Minority Interest": "1,061,857", "Total Equity Gross Minority Interest": "1,320,573", "Total Capitalization": "1,811,963", "Common Stock Equity": "1,314,945", "Capital Lease Obligations": "56,194", "Net Tangible Assets": "532,493", "Working Capital": "829,037", "Invested Capital": "1,934,211", "Tangible Book Value": "532,493", "Total Debt": "675,460", "Net Debt": "494,055", "Share Issued": "56,835", "Ordinary Shares Number": "55,607", "Treasury Shares Number": "1,227"}, "8/31/2019": {"Duration": "8/31/2019", "Total Assets": "2,311,237", "Total Liabilities Net Minority Interest": "827,358", "Total Equity Gross Minority Interest": "1,483,879", "Total Capitalization": "1,744,981", "Common Stock Equity": "1,478,550", "Capital Lease Obligations": "-", "Net Tangible Assets": "684,616", "Working Capital": "752,696", "Invested Capital": "1,920,434", "Tangible Book Value": "684,616", "Total Debt": "441,884", "Net Debt": "409,598", "Share Issued": "56,471", "Ordinary Shares Number": "55,222", "Treasury Shares Number": "1,249"}, "8/31/2018": {"Duration": "8/31/2018", "Total Assets": "2,288,727", "Total Liabilities Net Minority Interest": "901,473", "Total Equity Gross Minority Interest": "1,387,254", "Total Capitalization": "1,698,490", "Common Stock Equity": "1,387,254", "Capital Lease Obligations": "-", "Net Tangible Assets": "589,532", "Working Capital": "656,984", "Invested Capital": "1,922,587", "Tangible Book Value": "589,532", "Total Debt": "535,333", "Net Debt": "489,116", "Share Issued": "65,104", "Ordinary Shares Number": "55,896", "Treasury Shares Number": "9,208"}}, "cf": {"TTM": {"Duration": "TTM", "Operating Cash Flow": "359,858", "Investing Cash Flow": "-41,208", "Financing Cash Flow": "-344,000", "End Cash Position": "19,517", "Income Tax Paid Supplemental Data": "72,908", "Interest Paid Supplemental Data": "15,943", "Capital Expenditure": "-41,208", "Issuance of Capital Stock": "-", "Issuance of Debt": "1,138,869", "Repayment of Debt": "-1,132,189", "Repurchase of Capital Stock": "-3,755", "Free Cash Flow": "318,650"}, "8/31/2020": {"Duration": "8/31/2020", "Operating Cash Flow": "396,739", "Investing Cash Flow": "-49,277", "Financing Cash Flow": "-254,618", "End Cash Position": "125,211", "Income Tax Paid Supplemental Data": "68,929", "Interest Paid Supplemental Data": "14,973", "Capital Expenditure": "-46,991", "Issuance of Capital Stock": "-", "Issuance of Debt": "1,112,200", "Repayment of Debt": "-938,189", "Repurchase of Capital Stock": "-3,444", "Free Cash Flow": "349,748"}, "8/31/2019": {"Duration": "8/31/2019", "Operating Cash Flow": "328,426", "Investing Cash Flow": "-36,373", "Financing Cash Flow": "-305,629", "End Cash Position": "32,286", "Income Tax Paid Supplemental Data": "79,334", "Interest Paid Supplemental Data": "16,648", "Capital Expenditure": "-51,773", "Issuance of Capital Stock": "4,600", "Issuance of Debt": "382,000", "Repayment of Debt": "-479,370", "Repurchase of Capital Stock": "-84,611", "Free Cash Flow": "276,653"}, "8/31/2018": {"Duration": "8/31/2018", "Operating Cash Flow": "339,658", "Investing Cash Flow": "-131,919", "Financing Cash Flow": "-177,586", "End Cash Position": "46,217", "Income Tax Paid Supplemental Data": "100,504", "Interest Paid Supplemental Data": "13,448", "Capital Expenditure": "-44,919", "Issuance of Capital Stock": "4,461", "Issuance of Debt": "352,000", "Repayment of Debt": "-350,000", "Repurchase of Capital Stock": "-82,369", "Free Cash Flow": "294,739"}}}}, {"HWCC": {"quote": {"04/25/2021": {"value": "5.31", "Market Cap": "89.985M", "Beta (5Y Monthly)": "1.36", "PE Ratio (TTM)": "N/A", "EPS (TTM)": "-0.76", "Earnings Date": "May 05, 2021 - May 10, 2021", "Forward Dividend & Yield": "N/A (N/A)", "Ex-Dividend Date": "Aug 17, 2016", "1y Target Est": "N/A"}}, "fin": {"TTM": {"Duration": "TTM", "Total Revenue": "286,017", "Cost of Revenue": "222,968", "Gross Profit": "63,049", "Operating Expense": "65,280", "Operating Income": "-2,231", "Net Non Operating Interest Income Expense": "-1,887", "Other Income Expense": "-9,100", "Pretax Income": "-13,218", "Tax Provision": "-636", "Net Income Common Stockholders": "-12,582", "Diluted NI Available to Com Stockholders": "-12,582", "Basic EPS": "-", "Diluted EPS": "-", "Basic Average Shares": "-", "Diluted Average Shares": "-", "Total Operating Income as Reported": "-11,331", "Total Expenses": "288,248", "Net Income from Continuing & Discontinued Operation": "-12,582", "Normalized Income": "-3,919", "Interest Expense": "1,887", "Net Interest Income": "-1,887", "EBIT": "-11,331", "EBITDA": "-7,954", "Reconciled Cost of Revenue": "222,968", "Reconciled Depreciation": "3,377", "Net Income from Continuing Operation Net Minority Interest": "-12,582", "Total Unusual Items Excluding Goodwill": "-9,100", "Total Unusual Items": "-9,100", "Normalized EBITDA": "1,146", "Tax Rate for Calcs": "0", "Tax Effect of Unusual Items": "-436.8"}, "12/31/2020": {"Duration": "12/31/2020", "Total Revenue": "286,017", "Cost of Revenue": "222,968", "Gross Profit": "63,049", "Operating Expense": "65,280", "Operating Income": "-2,231", "Net Non Operating Interest Income Expense": "-1,887", "Other Income Expense": "-9,100", "Pretax Income": "-13,218", "Tax Provision": "-636", "Net Income Common Stockholders": "-12,582", "Diluted NI Available to Com Stockholders": "-12,582", "Basic EPS": "-", "Diluted EPS": "-", "Basic Average Shares": "-", "Diluted Average Shares": "-", "Total Operating Income as Reported": "-11,331", "Total Expenses": "288,248", "Net Income from Continuing & Discontinued Operation": "-12,582", "Normalized Income": "-3,919", "Interest Expense": "1,887", "Net Interest Income": "-1,887", "EBIT": "-11,331", "EBITDA": "-", "Reconciled Cost of Revenue": "222,968", "Reconciled Depreciation": "3,377", "Net Income from Continuing Operation Net Minority Interest": "-12,582", "Total Unusual Items Excluding Goodwill": "-9,100", "Total Unusual Items": "-9,100", "Normalized EBITDA": "1,146", "Tax Rate for Calcs": "0", "Tax Effect of Unusual Items": "-436.8"}, "12/31/2019": {"Duration": "12/31/2019", "Total Revenue": "338,286", "Cost of Revenue": "258,364", "Gross Profit": "79,922", "Operating Expense": "72,920", "Operating Income": "7,002", "Net Non Operating Interest Income Expense": "-3,057", "Other Income Expense": "-120", "Pretax Income": "3,825", "Tax Provision": "1,275", "Net Income Common Stockholders": "2,550", "Diluted NI Available to Com Stockholders": "2,550", "Basic EPS": "0.16", "Diluted EPS": "0.15", "Basic Average Shares": "16,434", "Diluted Average Shares": "16,553", "Total Operating Income as Reported": "6,882", "Total Expenses": "331,284", "Net Income from Continuing & Discontinued Operation": "2,550", "Normalized Income": "2,630", "Interest Expense": "3,057", "Net Interest Income": "-3,057", "EBIT": "6,882", "EBITDA": "-", "Reconciled Cost of Revenue": "258,364", "Reconciled Depreciation": "2,502", "Net Income from Continuing Operation Net Minority Interest": "2,550", "Total Unusual Items Excluding Goodwill": "-120", "Total Unusual Items": "-120", "Normalized EBITDA": "9,504", "Tax Rate for Calcs": "0", "Tax Effect of Unusual Items": "-39.96"}, "12/31/2018": {"Duration": "12/31/2018", "Total Revenue": "356,858", "Cost of Revenue": "271,650", "Gross Profit": "85,208", "Operating Expense": "71,250", "Operating Income": "13,958", "Net Non Operating Interest Income Expense": "-2,907", "Other Income Expense": "-60", "Pretax Income": "10,991", "Tax Provision": "2,355", "Net Income Common Stockholders": "8,636", "Diluted NI Available to Com Stockholders": "8,636", "Basic EPS": "0.53", "Diluted EPS": "0.52", "Basic Average Shares": "16,390", "Diluted Average Shares": "16,524", "Total Operating Income as Reported": "13,898", "Total Expenses": "342,900", "Net Income from Continuing & Discontinued Operation": "8,636", "Normalized Income": "8,683", "Interest Expense": "2,907", "Net Interest Income": "-2,907", "EBIT": "13,898", "EBITDA": "-", "Reconciled Cost of Revenue": "271,650", "Reconciled Depreciation": "2,178", "Net Income from Continuing Operation Net Minority Interest": "8,636", "Total Unusual Items Excluding Goodwill": "-60", "Total Unusual Items": "-60", "Normalized EBITDA": "16,136", "Tax Rate for Calcs": "0", "Tax Effect of Unusual Items": "-12.84"}}, "bs": {"12/31/2020": {"Duration": "12/31/2020", "Total Assets": "157,712", "Total Liabilities Net Minority Interest": "65,818", "Total Equity Gross Minority Interest": "91,894", "Total Capitalization": "120,659", "Common Stock Equity": "91,894", "Capital Lease Obligations": "12,289", "Net Tangible Assets": "74,655", "Working Capital": "91,886", "Invested Capital": "122,321", "Tangible Book Value": "74,655", "Total Debt": "42,716", "Net Debt": "30,427", "Share Issued": "20,989", "Ordinary Shares Number": "16,870", "Treasury Shares Number": "4,119"}, "12/31/2019": {"Duration": "12/31/2019", "Total Assets": "240,148", "Total Liabilities Net Minority Interest": "136,520", "Total Equity Gross Minority Interest": "103,628", "Total Capitalization": "187,128", "Common Stock Equity": "103,628", "Capital Lease Obligations": "14,517", "Net Tangible Assets": "70,993", "Working Capital": "138,455", "Invested Capital": "187,128", "Tangible Book Value": "70,993", "Total Debt": "98,017", "Net Debt": "79,404", "Share Issued": "20,989", "Ordinary Shares Number": "16,557", "Treasury Shares Number": "4,432"}, "12/31/2018": {"Duration": "12/31/2018", "Total Assets": "203,057", "Total Liabilities Net Minority Interest": "102,379", "Total Equity Gross Minority Interest": "100,678", "Total Capitalization": "171,994", "Common Stock Equity": "100,678", "Capital Lease Obligations": "-", "Net Tangible Assets": "67,146", "Working Capital": "126,198", "Invested Capital": "171,994", "Tangible Book Value": "67,146", "Total Debt": "71,316", "Net Debt": "69,923", "Share Issued": "20,989", "Ordinary Shares Number": "16,612", "Treasury Shares Number": "4,377"}}, "cf": {"TTM": {"Duration": "TTM", "Operating Cash Flow": "36,876", "Investing Cash Flow": "14,667", "Financing Cash Flow": "-55,639", "End Cash Position": "0", "Income Tax Paid Supplemental Data": "233", "Interest Paid Supplemental Data": "2,017", "Capital Expenditure": "-2,866", "Issuance of Debt": "291,356", "Repayment of Debt": "-353,113", "Repurchase of Capital Stock": "-64", "Free Cash Flow": "34,010"}, "12/31/2020": {"Duration": "12/31/2020", "Operating Cash Flow": "36,876", "Investing Cash Flow": "14,667", "Financing Cash Flow": "-55,639", "End Cash Position": "0", "Income Tax Paid Supplemental Data": "233", "Interest Paid Supplemental Data": "2,017", "Capital Expenditure": "-2,866", "Issuance of Debt": "291,356", "Repayment of Debt": "-353,113", "Repurchase of Capital Stock": "-64", "Free Cash Flow": "34,010"}, "12/31/2019": {"Duration": "12/31/2019", "Operating Cash Flow": "-5,606", "Investing Cash Flow": "-2,374", "Financing Cash Flow": "10,683", "End Cash Position": "4,096", "Income Tax Paid Supplemental Data": "1,762", "Interest Paid Supplemental Data": "3,011", "Capital Expenditure": "-2,379", "Issuance of Debt": "364,671", "Repayment of Debt": "-352,780", "Repurchase of Capital Stock": "-1,172", "Free Cash Flow": "-7,985"}, "12/31/2018": {"Duration": "12/31/2018", "Operating Cash Flow": "5,338", "Investing Cash Flow": "-1,483", "Financing Cash Flow": "-2,462", "End Cash Position": "1,393", "Income Tax Paid Supplemental Data": "3,696", "Interest Paid Supplemental Data": "2,811", "Capital Expenditure": "-1,503", "Issuance of Debt": "367,513", "Repayment of Debt": "-369,752", "Repurchase of Capital Stock": "-175", "Free Cash Flow": "3,835"}}}}, {"PKOH": {"quote": {"04/25/2021": {"value": "34.75", "Market Cap": "439.282M", "Beta (5Y Monthly)": "1.38", "PE Ratio (TTM)": "N/A", "EPS (TTM)": "-0.37", "Earnings Date": "Mar 03, 2021", "Forward Dividend & Yield": "0.50 (1.45%)", "Ex-Dividend Date": "Feb 11, 2021", "1y Target Est": "40.25"}}, "fin": {"TTM": {"Duration": "TTM", "Total Revenue": "1,295,200", "Cost of Revenue": "1,126,600", "Gross Profit": "168,600", "Operating Expense": "152,900", "Operating Income": "15,700", "Net Non Operating Interest Income Expense": "-30,300", "Other Income Expense": "7,300", "Pretax Income": "-7,300", "Tax Provision": "-2,500", "Net Income Common Stockholders": "-4,500", "Diluted NI Available to Com Stockholders": "-4,500", "Basic EPS": "-", "Diluted EPS": "-", "Basic Average Shares": "-", "Diluted Average Shares": "-", "Total Operating Income as Reported": "15,700", "Total Expenses": "1,279,500", "Net Income from Continuing & Discontinued Operation": "-4,500", "Normalized Income": "-4,500", "Interest Expense": "30,300", "Net Interest Income": "-30,300", "EBIT": "23,000", "EBITDA": "58,800", "Reconciled Cost of Revenue": "1,126,600", "Reconciled Depreciation": "35,800", "Net Income from Continuing Operation Net Minority Interest": "-4,500", "Total Unusual Items Excluding Goodwill": "0", "Total Unusual Items": "0", "Normalized EBITDA": "58,800", "Tax Rate for Calcs": "0", "Tax Effect of Unusual Items": "0"}, "12/31/2020": {"Duration": "12/31/2020", "Total Revenue": "1,295,200", "Cost of Revenue": "1,126,600", "Gross Profit": "168,600", "Operating Expense": "152,900", "Operating Income": "15,700", "Net Non Operating Interest Income Expense": "-30,300", "Other Income Expense": "7,300", "Pretax Income": "-7,300", "Tax Provision": "-2,500", "Net Income Common Stockholders": "-4,500", "Diluted NI Available to Com Stockholders": "-4,500", "Basic EPS": "-", "Diluted EPS": "-", "Basic Average Shares": "-", "Diluted Average Shares": "-", "Total Operating Income as Reported": "15,700", "Total Expenses": "1,279,500", "Net Income from Continuing & Discontinued Operation": "-4,500", "Normalized Income": "-4,500", "Interest Expense": "30,300", "Net Interest Income": "-30,300", "EBIT": "23,000", "EBITDA": "-", "Reconciled Cost of Revenue": "1,126,600", "Reconciled Depreciation": "35,800", "Net Income from Continuing Operation Net Minority Interest": "-4,500", "Total Unusual Items Excluding Goodwill": "0", "Total Unusual Items": "0", "Normalized EBITDA": "58,800", "Tax Rate for Calcs": "0", "Tax Effect of Unusual Items": "0"}, "12/31/2019": {"Duration": "12/31/2019", "Total Revenue": "1,618,300", "Cost of Revenue": "1,358,000", "Gross Profit": "260,300", "Operating Expense": "177,200", "Operating Income": "83,100", "Net Non Operating Interest Income Expense": "-33,800", "Other Income Expense": "5,600", "Pretax Income": "54,900", "Tax Provision": "15,200", "Net Income Common Stockholders": "38,600", "Diluted NI Available to Com Stockholders": "38,600", "Basic EPS": "3.16", "Diluted EPS": "3.12", "Basic Average Shares": "12,200", "Diluted Average Shares": "12,400", "Total Operating Income as Reported": "83,100", "Total Expenses": "1,535,200", "Net Income from Continuing & Discontinued Operation": "38,600", "Normalized Income": "38,600", "Interest Expense": "33,800", "Net Interest Income": "-33,800", "EBIT": "88,700", "EBITDA": "-", "Reconciled Cost of Revenue": "1,358,000", "Reconciled Depreciation": "34,200", "Net Income from Continuing Operation Net Minority Interest": "38,600", "Total Unusual Items Excluding Goodwill": "0", "Total Unusual Items": "0", "Normalized EBITDA": "122,900", "Tax Rate for Calcs": "0", "Tax Effect of Unusual Items": "0"}, "12/31/2018": {"Duration": "12/31/2018", "Total Revenue": "1,658,100", "Cost of Revenue": "1,386,600", "Gross Profit": "271,500", "Operating Expense": "176,100", "Operating Income": "95,400", "Net Non Operating Interest Income Expense": "-34,300", "Other Income Expense": "10,700", "Pretax Income": "71,800", "Tax Provision": "16,600", "Net Income Common Stockholders": "53,600", "Diluted NI Available to Com Stockholders": "53,600", "Basic EPS": "4.37", "Diluted EPS": "4.28", "Basic Average Shares": "12,300", "Diluted Average Shares": "12,500", "Total Operating Income as Reported": "97,300", "Total Expenses": "1,562,700", "Net Income from Continuing & Discontinued Operation": "53,600", "Normalized Income": "52,139", "Interest Expense": "34,300", "Net Interest Income": "-34,300", "EBIT": "106,100", "EBITDA": "-", "Reconciled Cost of Revenue": "1,386,600", "Reconciled Depreciation": "36,300", "Net Income from Continuing Operation Net Minority Interest": "53,600", "Total Unusual Items Excluding Goodwill": "1,900", "Total Unusual Items": "1,900", "Normalized EBITDA": "140,500", "Tax Rate for Calcs": "0", "Tax Effect of Unusual Items": "439.2758"}}, "bs": {"12/31/2020": {"Duration": "12/31/2020", "Total Assets": "1,300,500", "Total Liabilities Net Minority Interest": "942,600", "Total Equity Gross Minority Interest": "357,900", "Total Capitalization": "850,400", "Common Stock Equity": "344,200", "Capital Lease Obligations": "88,300", "Net Tangible Assets": "146,500", "Working Capital": "399,300", "Invested Capital": "854,900", "Tangible Book Value": "146,500", "Total Debt": "599,000", "Net Debt": "455,700", "Share Issued": "16,149", "Ordinary Shares Number": "12,589", "Treasury Shares Number": "3,560"}, "12/31/2019": {"Duration": "12/31/2019", "Total Assets": "1,310,400", "Total Liabilities Net Minority Interest": "960,800", "Total Equity Gross Minority Interest": "349,600", "Total Capitalization": "880,800", "Common Stock Equity": "335,600", "Capital Lease Obligations": "65,500", "Net Tangible Assets": "136,600", "Working Capital": "420,700", "Invested Capital": "897,600", "Tangible Book Value": "136,600", "Total Debt": "627,500", "Net Debt": "506,000", "Share Issued": "15,706", "Ordinary Shares Number": "12,666", "Treasury Shares Number": "3,041"}, "12/31/2018": {"Duration": "12/31/2018", "Total Assets": "1,208,500", "Total Liabilities Net Minority Interest": "895,900", "Total Equity Gross Minority Interest": "312,600", "Total Capitalization": "846,500", "Common Stock Equity": "299,000", "Capital Lease Obligations": "-", "Net Tangible Assets": "100,300", "Working Capital": "421,700", "Invested Capital": "864,400", "Tangible Book Value": "100,300", "Total Debt": "565,400", "Net Debt": "509,700", "Share Issued": "15,555", "Ordinary Shares Number": "12,626", "Treasury Shares Number": "2,929"}}, "cf": {"TTM": {"Duration": "TTM", "Operating Cash Flow": "69,300", "Investing Cash Flow": "-24,900", "Financing Cash Flow": "-47,300", "End Cash Position": "55,000", "Income Tax Paid Supplemental Data": "5,500", "Interest Paid Supplemental Data": "28,300", "Capital Expenditure": "-26,300", "Issuance of Debt": "5,500", "Repayment of Debt": "-42,300", "Repurchase of Capital Stock": "-7,500", "Free Cash Flow": "43,000"}, "12/31/2020": {"Duration": "12/31/2020", "Operating Cash Flow": "69,300", "Investing Cash Flow": "-24,900", "Financing Cash Flow": "-47,300", "End Cash Position": "55,000", "Income Tax Paid Supplemental Data": "5,500", "Interest Paid Supplemental Data": "28,300", "Capital Expenditure": "-26,300", "Issuance of Debt": "5,500", "Repayment of Debt": "-42,300", "Repurchase of Capital Stock": "-7,500", "Free Cash Flow": "43,000"}, "12/31/2019": {"Duration": "12/31/2019", "Operating Cash Flow": "63,700", "Investing Cash Flow": "-48,200", "Financing Cash Flow": "-15,300", "End Cash Position": "56,000", "Income Tax Paid Supplemental Data": "12,300", "Interest Paid Supplemental Data": "31,500", "Capital Expenditure": "-40,100", "Issuance of Debt": "9,200", "Repayment of Debt": "-10,300", "Repurchase of Capital Stock": "-900", "Free Cash Flow": "23,600"}, "12/31/2018": {"Duration": "12/31/2018", "Operating Cash Flow": "54,800", "Investing Cash Flow": "-89,200", "Financing Cash Flow": "9,400", "End Cash Position": "55,700", "Income Tax Paid Supplemental Data": "21,000", "Interest Paid Supplemental Data": "33,000", "Capital Expenditure": "-45,100", "Issuance of Debt": "44,300", "Repayment of Debt": "-15,500", "Repurchase of Capital Stock": "-9,000", "Free Cash Flow": "9,700"}}}}, {"DXPE": {"quote": {"04/25/2021": {"value": "29.40", "Market Cap": "561.819M", "Beta (5Y Monthly)": "2.61", "PE Ratio (TTM)": "N/A", "EPS (TTM)": "-1.62", "Earnings Date": "Mar 09, 2021", "Forward Dividend & Yield": "N/A (N/A)", "Ex-Dividend Date": "N/A", "1y Target Est": "40.00"}}, "fin": {"TTM": {"Duration": "TTM", "Total Revenue": "1,005,266", "Cost of Revenue": "725,997", "Gross Profit": "279,269", "Operating Expense": "246,256", "Operating Income": "33,013", "Net Non Operating Interest Income Expense": "-20,571", "Other Income Expense": "-59,957", "Pretax Income": "-47,515", "Tax Provision": "-18,441", "Net Income Common Stockholders": "-28,816", "Average Dilution Earnings": "90", "Diluted NI Available to Com Stockholders": "-28,726", "Basic EPS": "-", "Diluted EPS": "-", "Basic Average Shares": "-", "Diluted Average Shares": "-", "Total Operating Income as Reported": "-26,870", "Total Expenses": "972,253", "Net Income from Continuing & Discontinued Operation": "-28,726", "Normalized Income": "7,922", "Interest Expense": "20,571", "Net Interest Income": "-20,571", "EBIT": "-26,944", "EBITDA": "-4,261", "Reconciled Cost of Revenue": "725,997", "Reconciled Depreciation": "22,683", "Net Income from Continuing Operation Net Minority Interest": "-28,726", "Total Unusual Items Excluding Goodwill": "-59,883", "Total Unusual Items": "-59,883", "Normalized EBITDA": "55,622", "Tax Rate for Calcs": "0", "Tax Effect of Unusual Items": "-23,235"}, "12/31/2020": {"Duration": "12/31/2020", "Total Revenue": "1,005,266", "Cost of Revenue": "725,997", "Gross Profit": "279,269", "Operating Expense": "246,256", "Operating Income": "33,013", "Net Non Operating Interest Income Expense": "-20,571", "Other Income Expense": "-59,957", "Pretax Income": "-47,515", "Tax Provision": "-18,441", "Net Income Common Stockholders": "-28,816", "Average Dilution Earnings": "90", "Diluted NI Available to Com Stockholders": "-28,726", "Basic EPS": "-", "Diluted EPS": "-", "Basic Average Shares": "-", "Diluted Average Shares": "-", "Total Operating Income as Reported": "-26,870", "Total Expenses": "972,253", "Net Income from Continuing & Discontinued Operation": "-28,726", "Normalized Income": "7,922", "Interest Expense": "20,571", "Net Interest Income": "-20,571", "EBIT": "-26,944", "EBITDA": "-", "Reconciled Cost of Revenue": "725,997", "Reconciled Depreciation": "22,683", "Net Income from Continuing Operation Net Minority Interest": "-28,726", "Total Unusual Items Excluding Goodwill": "-59,883", "Total Unusual Items": "-59,883", "Normalized EBITDA": "55,622", "Tax Rate for Calcs": "0", "Tax Effect of Unusual Items": "-23,235"}, "12/31/2019": {"Duration": "12/31/2019", "Total Revenue": "1,267,189", "Cost of Revenue": "919,965", "Gross Profit": "347,224", "Operating Expense": "281,102", "Operating Income": "66,122", "Net Non Operating Interest Income Expense": "-19,498", "Other Income Expense": "45", "Pretax Income": "46,669", "Tax Provision": "10,894", "Net Income Common Stockholders": "35,945", "Average Dilution Earnings": "90", "Diluted NI Available to Com Stockholders": "36,035", "Basic EPS": "2.04", "Diluted EPS": "1.96", "Basic Average Shares": "17,604", "Diluted Average Shares": "18,432", "Total Operating Income as Reported": "66,122", "Total Expenses": "1,201,067", "Net Income from Continuing & Discontinued Operation": "36,035", "Normalized Income": "36,035", "Interest Expense": "19,498", "Net Interest Income": "-19,498", "EBIT": "66,167", "EBITDA": "-", "Reconciled Cost of Revenue": "919,965", "Reconciled Depreciation": "25,174", "Net Income from Continuing Operation Net Minority Interest": "36,035", "Total Unusual Items Excluding Goodwill": "-", "Total Unusual Items": "-", "Normalized EBITDA": "91,341", "Tax Rate for Calcs": "0", "Tax Effect of Unusual Items": "0"}, "12/31/2018": {"Duration": "12/31/2018", "Total Revenue": "1,216,197", "Cost of Revenue": "883,989", "Gross Profit": "332,208", "Operating Expense": "263,757", "Operating Income": "68,451", "Net Non Operating Interest Income Expense": "-20,937", "Other Income Expense": "1,192", "Pretax Income": "48,706", "Tax Provision": "13,185", "Net Income Common Stockholders": "35,542", "Average Dilution Earnings": "90", "Diluted NI Available to Com Stockholders": "35,632", "Basic EPS": "2.04", "Diluted EPS": "1.94", "Basic Average Shares": "17,401", "Diluted Average Shares": "18,393", "Total Operating Income as Reported": "68,451", "Total Expenses": "1,147,746", "Net Income from Continuing & Discontinued Operation": "35,632", "Normalized Income": "35,632", "Interest Expense": "20,937", "Net Interest Income": "-20,937", "EBIT": "69,643", "EBITDA": "-", "Reconciled Cost of Revenue": "883,989", "Reconciled Depreciation": "26,164", "Net Income from Continuing Operation Net Minority Interest": "35,632", "Total Unusual Items Excluding Goodwill": "-", "Total Unusual Items": "-", "Normalized EBITDA": "95,807", "Tax Rate for Calcs": "0", "Tax Effect of Unusual Items": "0"}}, "bs": {"12/31/2020": {"Duration": "12/31/2020", "Total Assets": "851,861", "Total Liabilities Net Minority Interest": "503,995", "Total Equity Gross Minority Interest": "347,866", "Total Capitalization": "664,207", "Preferred Stock Equity": "16", "Common Stock Equity": "347,052", "Capital Lease Obligations": "53,901", "Net Tangible Assets": "18,641", "Working Capital": "262,444", "Invested Capital": "667,491", "Tangible Book Value": "18,625", "Total Debt": "374,340", "Net Debt": "203,086", "Share Issued": "19,208", "Ordinary Shares Number": "19,208", "Preferred Shares Number": "16.122"}, "12/31/2019": {"Duration": "12/31/2019", "Total Assets": "788,220", "Total Liabilities Net Minority Interest": "443,272", "Total Equity Gross Minority Interest": "344,948", "Total Capitalization": "579,221", "Preferred Stock Equity": "16", "Common Stock Equity": "343,786", "Capital Lease Obligations": "66,208", "Net Tangible Assets": "97,168", "Working Capital": "260,310", "Invested Capital": "581,705", "Tangible Book Value": "97,152", "Total Debt": "304,127", "Net Debt": "183,716", "Share Issued": "17,604", "Ordinary Shares Number": "17,604", "Preferred Shares Number": "16.122"}, "12/31/2018": {"Duration": "12/31/2018", "Total Assets": "699,962", "Total Liabilities Net Minority Interest": "391,708", "Total Equity Gross Minority Interest": "308,254", "Total Capitalization": "543,827", "Preferred Stock Equity": "16", "Common Stock Equity": "306,832", "Capital Lease Obligations": "-", "Net Tangible Assets": "45,589", "Working Capital": "242,313", "Invested Capital": "547,218", "Tangible Book Value": "45,573", "Total Debt": "240,386", "Net Debt": "200,082", "Share Issued": "17,401", "Ordinary Shares Number": "17,401", "Preferred Shares Number": "16.122"}}, "cf": {"TTM": {"Duration": "TTM", "Operating Cash Flow": "107,675", "Investing Cash Flow": "-121,796", "Financing Cash Flow": "77,406", "End Cash Position": "117,444", "Income Tax Paid Supplemental Data": "6,277", "Interest Paid Supplemental Data": "13,321", "Capital Expenditure": "-6,672", "Issuance of Capital Stock": "-", "Issuance of Debt": "330,000", "Repayment of Debt": "-244,375", "Repurchase of Capital Stock": "-", "Free Cash Flow": "101,003"}, "12/31/2020": {"Duration": "12/31/2020", "Operating Cash Flow": "107,675", "Investing Cash Flow": "-121,796", "Financing Cash Flow": "77,406", "End Cash Position": "117,444", "Income Tax Paid Supplemental Data": "6,277", "Interest Paid Supplemental Data": "13,321", "Capital Expenditure": "-6,672", "Issuance of Capital Stock": "-", "Issuance of Debt": "330,000", "Repayment of Debt": "-244,375", "Repurchase of Capital Stock": "-", "Free Cash Flow": "101,003"}, "12/31/2019": {"Duration": "12/31/2019", "Operating Cash Flow": "41,307", "Investing Cash Flow": "-22,085", "Financing Cash Flow": "-6,092", "End Cash Position": "54,325", "Income Tax Paid Supplemental Data": "13,318", "Interest Paid Supplemental Data": "17,623", "Capital Expenditure": "-22,120", "Issuance of Capital Stock": "-", "Issuance of Debt": "0", "Repayment of Debt": "-4,341", "Repurchase of Capital Stock": "-", "Free Cash Flow": "19,187"}, "12/31/2018": {"Duration": "12/31/2018", "Operating Cash Flow": "35,840", "Investing Cash Flow": "-17,576", "Financing Cash Flow": "-2,921", "End Cash Position": "40,519", "Income Tax Paid Supplemental Data": "8,301", "Interest Paid Supplemental Data": "19,134", "Capital Expenditure": "-9,323", "Issuance of Capital Stock": "0", "Issuance of Debt": "0", "Repayment of Debt": "-3,381", "Repurchase of Capital Stock": "-", "Free Cash Flow": "26,517"}}}}, {"GWW": {"quote": {"04/25/2021": {"value": "423.15", "Market Cap": "22.173B", "Beta (5Y Monthly)": "1.21", "PE Ratio (TTM)": "33.01", "EPS (TTM)": "12.82", "Earnings Date": "Apr 30, 2021", "Forward Dividend & Yield": "6.12 (1.44%)", "Ex-Dividend Date": "Feb 05, 2021", "1y Target Est": "409.20"}}, "fin": {"TTM": {"Duration": "TTM", "Total Revenue": "11,797,000", "Cost of Revenue": "7,559,000", "Gross Profit": "4,238,000", "Operating Expense": "3,219,000", "Operating Income": "1,019,000", "Net Non Operating Interest Income Expense": "-93,000", "Other Income Expense": "21,000", "Pretax Income": "947,000", "Tax Provision": "192,000", "Net Income Common Stockholders": "695,000", "Average Dilution Earnings": "-", "Diluted NI Available to Com Stockholders": "695,000", "Basic EPS": "-", "Diluted EPS": "-", "Basic Average Shares": "-", "Diluted Average Shares": "-", "Total Operating Income as Reported": "1,019,000", "Total Expenses": "10,778,000", "Net Income from Continuing & Discontinued Operation": "695,000", "Normalized Income": "695,000", "Interest Income": "-", "Interest Expense": "93,000", "Net Interest Income": "-93,000", "EBIT": "1,040,000", "EBITDA": "1,222,000", "Reconciled Cost of Revenue": "7,559,000", "Reconciled Depreciation": "182,000", "Net Income from Continuing Operation Net Minority Interest": "695,000", "Normalized EBITDA": "1,222,000", "Tax Rate for Calcs": "0", "Tax Effect of Unusual Items": "0"}, "12/31/2020": {"Duration": "12/31/2020", "Total Revenue": "11,797,000", "Cost of Revenue": "7,559,000", "Gross Profit": "4,238,000", "Operating Expense": "3,219,000", "Operating Income": "1,019,000", "Net Non Operating Interest Income Expense": "-93,000", "Other Income Expense": "21,000", "Pretax Income": "947,000", "Tax Provision": "192,000", "Net Income Common Stockholders": "695,000", "Average Dilution Earnings": "-", "Diluted NI Available to Com Stockholders": "695,000", "Basic EPS": "-", "Diluted EPS": "-", "Basic Average Shares": "-", "Diluted Average Shares": "-", "Total Operating Income as Reported": "1,019,000", "Total Expenses": "10,778,000", "Net Income from Continuing & Discontinued Operation": "695,000", "Normalized Income": "695,000", "Interest Income": "-", "Interest Expense": "93,000", "Net Interest Income": "-93,000", "EBIT": "1,040,000", "EBITDA": "-", "Reconciled Cost of Revenue": "7,559,000", "Reconciled Depreciation": "182,000", "Net Income from Continuing Operation Net Minority Interest": "695,000", "Normalized EBITDA": "1,222,000", "Tax Rate for Calcs": "0", "Tax Effect of Unusual Items": "0"}, "12/31/2019": {"Duration": "12/31/2019", "Total Revenue": "11,486,000", "Cost of Revenue": "7,089,000", "Gross Profit": "4,397,000", "Operating Expense": "3,135,000", "Operating Income": "1,262,000", "Net Non Operating Interest Income Expense": "-79,000", "Other Income Expense": "26,000", "Pretax Income": "1,209,000", "Tax Provision": "314,000", "Net Income Common Stockholders": "849,000", "Average Dilution Earnings": "-", "Diluted NI Available to Com Stockholders": "849,000", "Basic EPS": "15.39", "Diluted EPS": "15.32", "Basic Average Shares": "54,700", "Diluted Average Shares": "54,900", "Total Operating Income as Reported": "1,262,000", "Total Expenses": "10,224,000", "Net Income from Continuing & Discontinued Operation": "849,000", "Normalized Income": "849,000", "Interest Income": "-", "Interest Expense": "79,000", "Net Interest Income": "-79,000", "EBIT": "1,288,000", "EBITDA": "-", "Reconciled Cost of Revenue": "7,089,000", "Reconciled Depreciation": "229,000", "Net Income from Continuing Operation Net Minority Interest": "849,000", "Normalized EBITDA": "1,517,000", "Tax Rate for Calcs": "0", "Tax Effect of Unusual Items": "0"}, "12/31/2018": {"Duration": "12/31/2018", "Total Revenue": "11,221,000", "Cost of Revenue": "6,873,000", "Gross Profit": "4,348,000", "Operating Expense": "3,190,000", "Operating Income": "1,158,000", "Net Non Operating Interest Income Expense": "-82,000", "Other Income Expense": "5,000", "Pretax Income": "1,081,000", "Tax Provision": "258,000", "Net Income Common Stockholders": "776,000", "Average Dilution Earnings": "0", "Diluted NI Available to Com Stockholders": "776,000", "Basic EPS": "13.82", "Diluted EPS": "13.73", "Basic Average Shares": "56,143", "Diluted Average Shares": "56,534", "Total Operating Income as Reported": "1,158,000", "Total Expenses": "10,063,000", "Net Income from Continuing & Discontinued Operation": "782,000", "Normalized Income": "782,000", "Interest Income": "6,000", "Interest Expense": "88,000", "Net Interest Income": "-82,000", "EBIT": "1,169,000", "EBITDA": "-", "Reconciled Cost of Revenue": "6,873,000", "Reconciled Depreciation": "257,000", "Net Income from Continuing Operation Net Minority Interest": "782,000", "Normalized EBITDA": "1,426,000", "Tax Rate for Calcs": "0", "Tax Effect of Unusual Items": "0"}}, "bs": {"12/31/2020": {"Duration": "12/31/2020", "Total Assets": "6,295,000", "Total Liabilities Net Minority Interest": "4,202,000", "Total Equity Gross Minority Interest": "2,093,000", "Total Capitalization": "4,217,000", "Common Stock Equity": "1,828,000", "Net Tangible Assets": "1,209,000", "Working Capital": "2,478,000", "Invested Capital": "4,225,000", "Tangible Book Value": "1,209,000", "Total Debt": "2,397,000", "Net Debt": "1,812,000", "Share Issued": "109,659", "Ordinary Shares Number": "52,524", "Treasury Shares Number": "57,135"}, "12/31/2019": {"Duration": "12/31/2019", "Total Assets": "6,005,000", "Total Liabilities Net Minority Interest": "3,945,000", "Total Equity Gross Minority Interest": "2,060,000", "Total Capitalization": "3,769,000", "Common Stock Equity": "1,855,000", "Net Tangible Assets": "1,122,000", "Working Capital": "1,877,000", "Invested Capital": "4,070,000", "Tangible Book Value": "1,122,000", "Total Debt": "2,215,000", "Net Debt": "1,855,000", "Share Issued": "109,659", "Ordinary Shares Number": "53,688", "Treasury Shares Number": "55,972"}, "12/31/2018": {"Duration": "12/31/2018", "Total Assets": "5,873,000", "Total Liabilities Net Minority Interest": "3,780,000", "Total Equity Gross Minority Interest": "2,093,000", "Total Capitalization": "4,011,000", "Common Stock Equity": "1,921,000", "Net Tangible Assets": "1,037,000", "Working Capital": "2,056,000", "Invested Capital": "4,141,000", "Tangible Book Value": "1,037,000", "Total Debt": "2,220,000", "Net Debt": "1,682,000", "Share Issued": "109,659", "Ordinary Shares Number": "55,862", "Treasury Shares Number": "53,797"}}, "cf": {"TTM": {"Duration": "TTM", "Operating Cash Flow": "1,123,000", "Investing Cash Flow": "-179,000", "Financing Cash Flow": "-726,000", "End Cash Position": "585,000", "Income Tax Paid Supplemental Data": "180,000", "Interest Paid Supplemental Data": "94,000", "Capital Expenditure": "-197,000", "Issuance of Debt": "1,596,000", "Repayment of Debt": "-1,435,000", "Repurchase of Capital Stock": "-601,000", "Free Cash Flow": "926,000"}, "12/31/2020": {"Duration": "12/31/2020", "Operating Cash Flow": "1,123,000", "Investing Cash Flow": "-179,000", "Financing Cash Flow": "-726,000", "End Cash Position": "585,000", "Income Tax Paid Supplemental Data": "180,000", "Interest Paid Supplemental Data": "94,000", "Capital Expenditure": "-197,000", "Issuance of Debt": "1,596,000", "Repayment of Debt": "-1,435,000", "Repurchase of Capital Stock": "-601,000", "Free Cash Flow": "926,000"}, "12/31/2019": {"Duration": "12/31/2019", "Operating Cash Flow": "1,042,000", "Investing Cash Flow": "-202,000", "Financing Cash Flow": "-1,023,000", "End Cash Position": "360,000", "Income Tax Paid Supplemental Data": "322,000", "Interest Paid Supplemental Data": "84,000", "Capital Expenditure": "-221,000", "Issuance of Debt": "20,000", "Repayment of Debt": "-57,000", "Repurchase of Capital Stock": "-700,000", "Free Cash Flow": "821,000"}, "12/31/2018": {"Duration": "12/31/2018", "Operating Cash Flow": "1,057,000", "Investing Cash Flow": "-166,000", "Financing Cash Flow": "-670,000", "End Cash Position": "538,000", "Income Tax Paid Supplemental Data": "229,000", "Interest Paid Supplemental Data": "86,000", "Capital Expenditure": "-239,000", "Issuance of Debt": "26,000", "Repayment of Debt": "-127,000", "Repurchase of Capital Stock": "-425,000", "Free Cash Flow": "818,000"}}}}, {"NL": {"quote": {"04/25/2021": {"value": "7.52", "Market Cap": "394.703M", "Beta (5Y Monthly)": "1.38", "PE Ratio (TTM)": "25.07", "EPS (TTM)": "0.30", "Earnings Date": "May 04, 2021 - May 10, 2021", "Forward Dividend & Yield": "0.24 (3.19%)", "Ex-Dividend Date": "Mar 12, 2021", "1y Target Est": "N/A"}}, "fin": {"TTM": {"Duration": "TTM", "Total Revenue": "114,537", "Cost of Revenue": "81,689", "Gross Profit": "32,848", "Operating Expense": "30,572", "Operating Income": "2,276", "Net Non Operating Interest Income Expense": "1,249", "Other Income Expense": "10,063", "Pretax Income": "13,588", "Tax Provision": "-2,515", "Net Income Common Stockholders": "14,680", "Diluted NI Available to Com Stockholders": "14,680", "Basic EPS": "-", "Diluted EPS": "-", "Basic Average Shares": "-", "Diluted Average Shares": "-", "Total Operating Income as Reported": "2,357", "Total Expenses": "112,261", "Net Income from Continuing & Discontinued Operation": "14,680", "Normalized Income": "20,951", "Interest Income": "2,599", "Interest Expense": "1,350", "Net Interest Income": "1,249", "EBIT": "14,938", "EBITDA": "18,765", "Reconciled Cost of Revenue": "81,689", "Reconciled Depreciation": "3,827", "Net Income from Continuing Operation Net Minority Interest": "14,680", "Total Unusual Items Excluding Goodwill": "-8,590", "Total Unusual Items": "-8,590", "Normalized EBITDA": "27,355", "Tax Rate for Calcs": "0", "Tax Effect of Unusual Items": "-2,319"}, "12/31/2020": {"Duration": "12/31/2020", "Total Revenue": "114,537", "Cost of Revenue": "81,689", "Gross Profit": "32,848", "Operating Expense": "30,572", "Operating Income": "2,276", "Net Non Operating Interest Income Expense": "1,249", "Other Income Expense": "10,063", "Pretax Income": "13,588", "Tax Provision": "-2,515", "Net Income Common Stockholders": "14,680", "Diluted NI Available to Com Stockholders": "14,680", "Basic EPS": "-", "Diluted EPS": "-", "Basic Average Shares": "-", "Diluted Average Shares": "-", "Total Operating Income as Reported": "2,357", "Total Expenses": "112,261", "Net Income from Continuing & Discontinued Operation": "14,680", "Normalized Income": "20,951", "Interest Income": "2,599", "Interest Expense": "1,350", "Net Interest Income": "1,249", "EBIT": "14,938", "EBITDA": "-", "Reconciled Cost of Revenue": "81,689", "Reconciled Depreciation": "3,827", "Net Income from Continuing Operation Net Minority Interest": "14,680", "Total Unusual Items Excluding Goodwill": "-8,590", "Total Unusual Items": "-8,590", "Normalized EBITDA": "27,355", "Tax Rate for Calcs": "0", "Tax Effect of Unusual Items": "-2,319"}, "12/31/2019": {"Duration": "12/31/2019", "Total Revenue": "124,243", "Cost of Revenue": "85,280", "Gross Profit": "38,963", "Operating Expense": "26,444", "Operating Income": "12,519", "Net Non Operating Interest Income Expense": "5,991", "Other Income Expense": "10,104", "Pretax Income": "28,614", "Tax Provision": "579", "Net Income Common Stockholders": "25,844", "Diluted NI Available to Com Stockholders": "25,844", "Basic EPS": "0.53", "Diluted EPS": "0.53", "Basic Average Shares": "48,700", "Diluted Average Shares": "48,700", "Total Operating Income as Reported": "-1,609", "Total Expenses": "111,724", "Net Income from Continuing & Discontinued Operation": "25,844", "Normalized Income": "40,700", "Interest Income": "6,672", "Interest Expense": "681", "Net Interest Income": "5,991", "EBIT": "29,295", "EBITDA": "-", "Reconciled Cost of Revenue": "85,280", "Reconciled Depreciation": "3,685", "Net Income from Continuing Operation Net Minority Interest": "25,844", "Total Unusual Items Excluding Goodwill": "-14,991", "Total Unusual Items": "-14,991", "Normalized EBITDA": "47,971", "Tax Rate for Calcs": "0", "Tax Effect of Unusual Items": "-134.919"}, "12/31/2018": {"Duration": "12/31/2018", "Total Revenue": "118,217", "Cost of Revenue": "79,946", "Gross Profit": "38,271", "Operating Expense": "38,235", "Operating Income": "36", "Net Non Operating Interest Income Expense": "5,032", "Other Income Expense": "-59,442", "Pretax Income": "-54,374", "Tax Provision": "-15,361", "Net Income Common Stockholders": "-41,017", "Diluted NI Available to Com Stockholders": "-41,017", "Basic EPS": "-0.84", "Diluted EPS": "-0.84", "Basic Average Shares": "48,700", "Diluted Average Shares": "48,700", "Total Operating Income as Reported": "-60,666", "Total Expenses": "118,181", "Net Income from Continuing & Discontinued Operation": "-41,017", "Normalized Income": "46,261", "Interest Income": "5,069", "Interest Expense": "37", "Net Interest Income": "5,032", "EBIT": "-54,337", "EBITDA": "-", "Reconciled Cost of Revenue": "79,946", "Reconciled Depreciation": "3,476", "Net Income from Continuing Operation Net Minority Interest": "-41,017", "Total Unusual Items Excluding Goodwill": "-121,643", "Total Unusual Items": "-121,643", "Normalized EBITDA": "70,782", "Tax Rate for Calcs": "0", "Tax Effect of Unusual Items": "-34,365"}}, "bs": {"12/31/2020": {"Duration": "12/31/2020", "Total Assets": "548,150", "Total Liabilities Net Minority Interest": "212,801", "Total Equity Gross Minority Interest": "335,349", "Total Capitalization": "312,377", "Common Stock Equity": "311,877", "Net Tangible Assets": "284,721", "Working Capital": "143,657", "Invested Capital": "312,377", "Tangible Book Value": "284,721", "Total Debt": "500", "Share Issued": "48,789", "Ordinary Shares Number": "48,789"}, "12/31/2019": {"Duration": "12/31/2019", "Total Assets": "557,492", "Total Liabilities Net Minority Interest": "230,279", "Total Equity Gross Minority Interest": "327,213", "Total Capitalization": "305,006", "Common Stock Equity": "304,506", "Net Tangible Assets": "277,350", "Working Capital": "134,876", "Invested Capital": "305,006", "Tangible Book Value": "277,350", "Total Debt": "500", "Share Issued": "48,727", "Ordinary Shares Number": "48,727"}, "12/31/2018": {"Duration": "12/31/2018", "Total Assets": "547,242", "Total Liabilities Net Minority Interest": "243,684", "Total Equity Gross Minority Interest": "303,558", "Total Capitalization": "284,615", "Common Stock Equity": "284,115", "Net Tangible Assets": "256,959", "Working Capital": "85,321", "Invested Capital": "284,615", "Tangible Book Value": "256,959", "Total Debt": "500", "Share Issued": "48,727", "Ordinary Shares Number": "48,727"}}, "cf": {"TTM": {"Duration": "TTM", "Operating Cash Flow": "19,023", "Investing Cash Flow": "-3,140", "Financing Cash Flow": "-8,481", "End Cash Position": "165,272", "Income Tax Paid Supplemental Data": "46", "Interest Paid Supplemental Data": "27", "Capital Expenditure": "-1,740", "Issuance of Debt": "-", "Free Cash Flow": "17,283"}, "12/31/2020": {"Duration": "12/31/2020", "Operating Cash Flow": "19,023", "Investing Cash Flow": "-3,140", "Financing Cash Flow": "-8,481", "End Cash Position": "165,272", "Income Tax Paid Supplemental Data": "46", "Interest Paid Supplemental Data": "27", "Capital Expenditure": "-1,740", "Issuance of Debt": "-", "Free Cash Flow": "17,283"}, "12/31/2019": {"Duration": "12/31/2019", "Operating Cash Flow": "27,435", "Investing Cash Flow": "9,916", "Financing Cash Flow": "-470", "End Cash Position": "157,870", "Income Tax Paid Supplemental Data": "-", "Interest Paid Supplemental Data": "36", "Capital Expenditure": "-3,166", "Issuance of Debt": "-", "Free Cash Flow": "24,269"}, "12/31/2018": {"Duration": "12/31/2018", "Operating Cash Flow": "17,076", "Investing Cash Flow": "1,307", "Financing Cash Flow": "-335", "End Cash Position": "120,989", "Income Tax Paid Supplemental Data": "-", "Interest Paid Supplemental Data": "34", "Capital Expenditure": "-3,118", "Issuance of Debt": "0", "Free Cash Flow": "13,958"}}}}, {"WCC": {"quote": {"04/25/2021": {"value": "90.53", "Market Cap": "4.318B", "Beta (5Y Monthly)": "2.48", "PE Ratio (TTM)": "59.95", "EPS (TTM)": "1.51", "Earnings Date": "May 06, 2021", "Forward Dividend & Yield": "N/A (N/A)", "Ex-Dividend Date": "N/A", "1y Target Est": "94.90"}}, "fin": {"TTM": {"Duration": "TTM", "Total Revenue": "12,325,995", "Cost of Revenue": "9,998,329", "Gross Profit": "2,327,666", "Operating Expense": "1,980,628", "Operating Income": "347,038", "Net Non Operating Interest Income Expense": "-226,591", "Other Income Expense": "2,395", "Pretax Income": "122,842", "Tax Provision": "22,803", "Net Income Common Stockholders": "70,421", "Diluted NI Available to Com Stockholders": "70,421", "Basic EPS": "-", "Diluted EPS": "-", "Basic Average Shares": "-", "Diluted Average Shares": "-", "Total Operating Income as Reported": "347,038", "Total Expenses": "11,978,957", "Net Income from Continuing & Discontinued Operation": "100,560", "Normalized Income": "100,560", "Interest Expense": "226,591", "Net Interest Income": "-226,591", "EBIT": "347,038", "EBITDA": "468,638", "Reconciled Cost of Revenue": "9,998,329", "Reconciled Depreciation": "121,600", "Net Income from Continuing Operation Net Minority Interest": "100,560", "Total Unusual Items Excluding Goodwill": "-", "Total Unusual Items": "-", "Normalized EBITDA": "468,638", "Tax Rate for Calcs": "0", "Tax Effect of Unusual Items": "0"}, "12/31/2020": {"Duration": "12/31/2020", "Total Revenue": "12,325,995", "Cost of Revenue": "9,998,329", "Gross Profit": "2,327,666", "Operating Expense": "1,980,628", "Operating Income": "347,038", "Net Non Operating Interest Income Expense": "-226,591", "Other Income Expense": "2,395", "Pretax Income": "122,842", "Tax Provision": "22,803", "Net Income Common Stockholders": "70,421", "Diluted NI Available to Com Stockholders": "70,421", "Basic EPS": "-", "Diluted EPS": "-", "Basic Average Shares": "-", "Diluted Average Shares": "-", "Total Operating Income as Reported": "347,038", "Total Expenses": "11,978,957", "Net Income from Continuing & Discontinued Operation": "100,560", "Normalized Income": "100,560", "Interest Expense": "226,591", "Net Interest Income": "-226,591", "EBIT": "347,038", "EBITDA": "-", "Reconciled Cost of Revenue": "9,998,329", "Reconciled Depreciation": "121,600", "Net Income from Continuing Operation Net Minority Interest": "100,560", "Total Unusual Items Excluding Goodwill": "-", "Total Unusual Items": "-", "Normalized EBITDA": "468,638", "Tax Rate for Calcs": "0", "Tax Effect of Unusual Items": "0"}, "12/31/2019": {"Duration": "12/31/2019", "Total Revenue": "8,358,917", "Cost of Revenue": "6,777,456", "Gross Profit": "1,581,461", "Operating Expense": "1,235,244", "Operating Income": "346,217", "Net Non Operating Interest Income Expense": "-64,156", "Other Income Expense": "-", "Pretax Income": "282,061", "Tax Provision": "59,863", "Net Income Common Stockholders": "223,426", "Diluted NI Available to Com Stockholders": "223,426", "Basic EPS": "5.35", "Diluted EPS": "5.14", "Basic Average Shares": "41,797", "Diluted Average Shares": "43,487", "Total Operating Income as Reported": "346,217", "Total Expenses": "8,012,700", "Net Income from Continuing & Discontinued Operation": "223,426", "Normalized Income": "223,426", "Interest Expense": "-", "Net Interest Income": "-64,156", "EBIT": "346,217", "EBITDA": "-", "Reconciled Cost of Revenue": "6,777,456", "Reconciled Depreciation": "62,107", "Net Income from Continuing Operation Net Minority Interest": "223,426", "Total Unusual Items Excluding Goodwill": "-", "Total Unusual Items": "-", "Normalized EBITDA": "408,324", "Tax Rate for Calcs": "0", "Tax Effect of Unusual Items": "0"}, "12/31/2018": {"Duration": "12/31/2018", "Total Revenue": "8,176,601", "Cost of Revenue": "6,609,220", "Gross Profit": "1,567,381", "Operating Expense": "1,214,941", "Operating Income": "352,440", "Net Non Operating Interest Income Expense": "-71,415", "Other Income Expense": "-", "Pretax Income": "281,025", "Tax Provision": "55,670", "Net Income Common Stockholders": "227,343", "Diluted NI Available to Com Stockholders": "227,343", "Basic EPS": "5.04", "Diluted EPS": "4.82", "Basic Average Shares": "45,106", "Diluted Average Shares": "47,200", "Total Operating Income as Reported": "352,440", "Total Expenses": "7,824,161", "Net Income from Continuing & Discontinued Operation": "227,343", "Normalized Income": "227,343", "Interest Expense": "-", "Net Interest Income": "-71,415", "EBIT": "352,440", "EBITDA": "-", "Reconciled Cost of Revenue": "6,609,220", "Reconciled Depreciation": "62,997", "Net Income from Continuing Operation Net Minority Interest": "227,343", "Total Unusual Items Excluding Goodwill": "0", "Total Unusual Items": "0", "Normalized EBITDA": "415,437", "Tax Rate for Calcs": "0", "Tax Effect of Unusual Items": "0"}}, "bs": {"12/31/2020": {"Duration": "12/31/2020", "Total Assets": "11,880,214", "Total Liabilities Net Minority Interest": "8,543,825", "Total Equity Gross Minority Interest": "3,336,389", "Total Capitalization": "7,713,675", "Common Stock Equity": "3,343,722", "Capital Lease Obligations": "414,889", "Net Tangible Assets": "-1,908,942", "Working Capital": "2,519,983", "Invested Capital": "8,242,505", "Tangible Book Value": "-1,908,942", "Total Debt": "5,313,672", "Net Debt": "4,449,648", "Share Issued": "67,597", "Ordinary Shares Number": "50,065", "Preferred Shares Number": "2,161", "Treasury Shares Number": "21,871"}, "12/31/2019": {"Duration": "12/31/2019", "Total Assets": "5,017,635", "Total Liabilities Net Minority Interest": "2,758,964", "Total Equity Gross Minority Interest": "2,258,671", "Total Capitalization": "3,522,550", "Common Stock Equity": "2,265,483", "Capital Lease Obligations": "179,830", "Net Tangible Assets": "219,168", "Working Capital": "1,456,352", "Invested Capital": "3,567,256", "Tangible Book Value": "219,168", "Total Debt": "1,481,603", "Net Debt": "1,150,871", "Share Issued": "63,647", "Ordinary Shares Number": "41,797", "Preferred Shares Number": "2,161", "Treasury Shares Number": "26,190"}, "12/31/2018": {"Duration": "12/31/2018", "Total Assets": "4,605,036", "Total Liabilities Net Minority Interest": "2,475,310", "Total Equity Gross Minority Interest": "2,129,726", "Total Capitalization": "3,302,621", "Common Stock Equity": "2,135,310", "Capital Lease Obligations": "-", "Net Tangible Assets": "96,691", "Working Capital": "1,323,694", "Invested Capital": "3,376,653", "Tangible Book Value": "96,691", "Total Debt": "1,241,343", "Net Debt": "1,145,000", "Share Issued": "59,158", "Ordinary Shares Number": "45,106", "Preferred Shares Number": "2,161", "Treasury Shares Number": "18,391"}}, "cf": {"TTM": {"Duration": "TTM", "Operating Cash Flow": "543,931", "Investing Cash Flow": "-3,735,149", "Financing Cash Flow": "3,480,741", "End Cash Position": "449,135", "Income Tax Paid Supplemental Data": "56,186", "Interest Paid Supplemental Data": "169,620", "Capital Expenditure": "-56,671", "Issuance of Debt": "5,114,210", "Repayment of Debt": "-1,524,306", "Repurchase of Capital Stock": "-2,901", "Free Cash Flow": "487,260"}, "12/31/2020": {"Duration": "12/31/2020", "Operating Cash Flow": "543,931", "Investing Cash Flow": "-3,735,149", "Financing Cash Flow": "3,480,741", "End Cash Position": "449,135", "Income Tax Paid Supplemental Data": "56,186", "Interest Paid Supplemental Data": "169,620", "Capital Expenditure": "-56,671", "Issuance of Debt": "5,114,210", "Repayment of Debt": "-1,524,306", "Repurchase of Capital Stock": "-2,901", "Free Cash Flow": "487,260"}, "12/31/2019": {"Duration": "12/31/2019", "Operating Cash Flow": "224,367", "Investing Cash Flow": "-60,800", "Financing Cash Flow": "-109,766", "End Cash Position": "150,902", "Income Tax Paid Supplemental Data": "64,531", "Interest Paid Supplemental Data": "65,275", "Capital Expenditure": "-44,067", "Issuance of Debt": "1,305,625", "Repayment of Debt": "-1,247,214", "Repurchase of Capital Stock": "-153,049", "Free Cash Flow": "180,300"}, "12/31/2018": {"Duration": "12/31/2018", "Operating Cash Flow": "296,721", "Investing Cash Flow": "-34,142", "Financing Cash Flow": "-275,094", "End Cash Position": "96,343", "Income Tax Paid Supplemental Data": "61,983", "Interest Paid Supplemental Data": "64,702", "Capital Expenditure": "-36,210", "Issuance of Debt": "1,335,360", "Repayment of Debt": "-1,482,074", "Repurchase of Capital Stock": "-127,169", "Free Cash Flow": "260,511"}}}}, {"LAWS": {"quote": {"04/25/2021": {"value": "52.00", "Market Cap": "461.668M", "Beta (5Y Monthly)": "1.02", "PE Ratio (TTM)": "32.10", "EPS (TTM)": "1.62", "Earnings Date": "Apr 29, 2021", "Forward Dividend & Yield": "N/A (N/A)", "Ex-Dividend Date": "Jun 29, 2012", "1y Target Est": "57.00"}}, "fin": {"TTM": {"Duration": "TTM", "Total Revenue": "351,591", "Cost of Revenue": "165,053", "Gross Profit": "186,538", "Operating Expense": "165,988", "Operating Income": "20,550", "Net Non Operating Interest Income Expense": "-654", "Other Income Expense": "889", "Pretax Income": "20,785", "Tax Provision": "5,672", "Net Income Common Stockholders": "15,113", "Diluted NI Available to Com Stockholders": "15,113", "Basic EPS": "-", "Diluted EPS": "-", "Basic Average Shares": "-", "Diluted Average Shares": "-", "Total Operating Income as Reported": "20,550", "Total Expenses": "331,041", "Net Income from Continuing & Discontinued Operation": "15,113", "Normalized Income": "15,113", "Interest Expense": "654", "Net Interest Income": "-654", "EBIT": "21,439", "EBITDA": "28,140", "Reconciled Cost of Revenue": "165,053", "Reconciled Depreciation": "6,701", "Net Income from Continuing Operation Net Minority Interest": "15,113", "Total Unusual Items Excluding Goodwill": "-", "Total Unusual Items": "-", "Normalized EBITDA": "28,140", "Tax Rate for Calcs": "0", "Tax Effect of Unusual Items": "0"}, "12/31/2020": {"Duration": "12/31/2020", "Total Revenue": "351,591", "Cost of Revenue": "165,053", "Gross Profit": "186,538", "Operating Expense": "165,988", "Operating Income": "20,550", "Net Non Operating Interest Income Expense": "-654", "Other Income Expense": "889", "Pretax Income": "20,785", "Tax Provision": "5,672", "Net Income Common Stockholders": "15,113", "Diluted NI Available to Com Stockholders": "15,113", "Basic EPS": "1.68", "Diluted EPS": "1.62", "Basic Average Shares": "9,020", "Diluted Average Shares": "9,331", "Total Operating Income as Reported": "20,550", "Total Expenses": "331,041", "Net Income from Continuing & Discontinued Operation": "15,113", "Normalized Income": "15,113", "Interest Expense": "654", "Net Interest Income": "-654", "EBIT": "21,439", "EBITDA": "-", "Reconciled Cost of Revenue": "165,053", "Reconciled Depreciation": "6,701", "Net Income from Continuing Operation Net Minority Interest": "15,113", "Total Unusual Items Excluding Goodwill": "-", "Total Unusual Items": "-", "Normalized EBITDA": "28,140", "Tax Rate for Calcs": "0", "Tax Effect of Unusual Items": "0"}, "12/31/2019": {"Duration": "12/31/2019", "Total Revenue": "370,785", "Cost of Revenue": "173,431", "Gross Profit": "197,354", "Operating Expense": "188,288", "Operating Income": "9,066", "Net Non Operating Interest Income Expense": "-603", "Other Income Expense": "1,211", "Pretax Income": "9,674", "Tax Provision": "2,453", "Net Income Common Stockholders": "7,221", "Diluted NI Available to Com Stockholders": "7,221", "Basic EPS": "0.81", "Diluted EPS": "0.77", "Basic Average Shares": "8,915", "Diluted Average Shares": "9,378", "Total Operating Income as Reported": "9,066", "Total Expenses": "361,719", "Net Income from Continuing & Discontinued Operation": "7,221", "Normalized Income": "7,221", "Interest Expense": "603", "Net Interest Income": "-603", "EBIT": "10,277", "EBITDA": "-", "Reconciled Cost of Revenue": "173,431", "Reconciled Depreciation": "5,893", "Net Income from Continuing Operation Net Minority Interest": "7,221", "Total Unusual Items Excluding Goodwill": "-", "Total Unusual Items": "-", "Normalized EBITDA": "16,170", "Tax Rate for Calcs": "0", "Tax Effect of Unusual Items": "0"}, "12/31/2018": {"Duration": "12/31/2018", "Total Revenue": "349,637", "Cost of Revenue": "160,097", "Gross Profit": "189,540", "Operating Expense": "180,330", "Operating Income": "9,210", "Net Non Operating Interest Income Expense": "-1,009", "Other Income Expense": "-1,338", "Pretax Income": "6,863", "Tax Provision": "649", "Net Income Common Stockholders": "6,214", "Diluted NI Available to Com Stockholders": "6,214", "Basic EPS": "0.70", "Diluted EPS": "0.67", "Basic Average Shares": "8,877", "Diluted Average Shares": "9,275", "Total Operating Income as Reported": "9,210", "Total Expenses": "340,427", "Net Income from Continuing & Discontinued Operation": "6,214", "Normalized Income": "6,214", "Interest Expense": "1,009", "Net Interest Income": "-1,009", "EBIT": "7,872", "EBITDA": "-", "Reconciled Cost of Revenue": "160,097", "Reconciled Depreciation": "6,855", "Net Income from Continuing Operation Net Minority Interest": "6,214", "Total Unusual Items Excluding Goodwill": "0", "Total Unusual Items": "0", "Normalized EBITDA": "14,727", "Tax Rate for Calcs": "0", "Tax Effect of Unusual Items": "0"}}, "bs": {"12/31/2020": {"Duration": "12/31/2020", "Total Assets": "256,304", "Total Liabilities Net Minority Interest": "133,882", "Total Equity Gross Minority Interest": "122,422", "Total Capitalization": "122,422", "Common Stock Equity": "122,422", "Capital Lease Obligations": "10,306", "Net Tangible Assets": "68,743", "Working Capital": "45,067", "Invested Capital": "122,422", "Tangible Book Value": "68,743", "Total Debt": "10,306", "Net Debt": "-", "Share Issued": "9,288", "Ordinary Shares Number": "9,061", "Treasury Shares Number": "226.586"}, "12/31/2019": {"Duration": "12/31/2019", "Total Assets": "204,429", "Total Liabilities Net Minority Interest": "96,428", "Total Equity Gross Minority Interest": "108,001", "Total Capitalization": "110,272", "Common Stock Equity": "108,001", "Capital Lease Obligations": "13,334", "Net Tangible Assets": "74,743", "Working Capital": "49,492", "Invested Capital": "110,272", "Tangible Book Value": "74,743", "Total Debt": "15,605", "Net Debt": "-", "Share Issued": "9,190", "Ordinary Shares Number": "9,044", "Treasury Shares Number": "146.4"}, "12/31/2018": {"Duration": "12/31/2018", "Total Assets": "197,142", "Total Liabilities Net Minority Interest": "97,969", "Total Equity Gross Minority Interest": "99,173", "Total Capitalization": "99,173", "Common Stock Equity": "99,173", "Capital Lease Obligations": "6,420", "Net Tangible Assets": "65,982", "Working Capital": "40,696", "Invested Capital": "109,996", "Tangible Book Value": "65,982", "Total Debt": "17,243", "Net Debt": "-", "Share Issued": "9,006", "Ordinary Shares Number": "8,956", "Treasury Shares Number": "49.786"}}, "cf": {"TTM": {"Duration": "TTM", "Operating Cash Flow": "32,528", "Investing Cash Flow": "-3,987", "Financing Cash Flow": "-5,767", "End Cash Position": "29,391", "Income Tax Paid Supplemental Data": "5,377", "Interest Paid Supplemental Data": "398", "Capital Expenditure": "-1,687", "Repayment of Debt": "-2,528", "Repurchase of Capital Stock": "-3,254", "Free Cash Flow": "30,841"}, "12/31/2020": {"Duration": "12/31/2020", "Operating Cash Flow": "32,528", "Investing Cash Flow": "-3,987", "Financing Cash Flow": "-5,767", "End Cash Position": "29,391", "Income Tax Paid Supplemental Data": "5,377", "Interest Paid Supplemental Data": "398", "Capital Expenditure": "-1,687", "Repayment of Debt": "-2,528", "Repurchase of Capital Stock": "-3,254", "Free Cash Flow": "30,841"}, "12/31/2019": {"Duration": "12/31/2019", "Operating Cash Flow": "9,196", "Investing Cash Flow": "-2,028", "Financing Cash Flow": "-13,890", "End Cash Position": "6,297", "Income Tax Paid Supplemental Data": "947", "Interest Paid Supplemental Data": "590", "Capital Expenditure": "-2,028", "Repayment of Debt": "-271", "Repurchase of Capital Stock": "-4,527", "Free Cash Flow": "7,168"}, "12/31/2018": {"Duration": "12/31/2018", "Operating Cash Flow": "20,299", "Investing Cash Flow": "-7,831", "Financing Cash Flow": "-4,490", "End Cash Position": "12,683", "Income Tax Paid Supplemental Data": "-", "Interest Paid Supplemental Data": "-", "Capital Expenditure": "-2,524", "Repayment of Debt": "-185", "Repurchase of Capital Stock": "-523", "Free Cash Flow": "17,775"}}}}, {"TITN": {"quote": {"04/25/2021": {"value": "25.70", "Market Cap": "570.365M", "Beta (5Y Monthly)": "1.80", "PE Ratio (TTM)": "29.88", "EPS (TTM)": "0.86", "Earnings Date": "May 26, 2021 - May 31, 2021", "Forward Dividend & Yield": "N/A (N/A)", "Ex-Dividend Date": "N/A", "1y Target Est": "29.33"}}, "fin": {"TTM": {"Duration": "TTM", "Total Revenue": "1,411,222", "Cost of Revenue": "1,149,860", "Gross Profit": "261,362", "Operating Expense": "220,774", "Operating Income": "40,588", "Net Non Operating Interest Income Expense": "-6,655", "Other Income Expense": "-3,180", "Pretax Income": "30,753", "Tax Provision": "11,397", "Net Income Common Stockholders": "19,031", "Diluted NI Available to Com Stockholders": "19,031", "Basic EPS": "-", "Diluted EPS": "-", "Basic Average Shares": "-", "Diluted Average Shares": "-", "Total Operating Income as Reported": "37,408", "Rent Expense Supplemental": "-", "Total Expenses": "1,370,634", "Net Income from Continuing & Discontinued Operation": "19,356", "Normalized Income": "21,356", "Interest Income": "527", "Interest Expense": "7,182", "Net Interest Income": "-6,655", "EBIT": "37,935", "EBITDA": "61,636", "Reconciled Cost of Revenue": "1,149,860", "Reconciled Depreciation": "23,701", "Net Income from Continuing Operation Net Minority Interest": "19,356", "Total Unusual Items Excluding Goodwill": "-3,180", "Total Unusual Items": "-3,180", "Normalized EBITDA": "64,816", "Tax Rate for Calcs": "0", "Tax Effect of Unusual Items": "-1,180"}, "1/31/2021": {"Duration": "1/31/2021", "Total Revenue": "1,411,222", "Cost of Revenue": "1,149,860", "Gross Profit": "261,362", "Operating Expense": "220,774", "Operating Income": "40,588", "Net Non Operating Interest Income Expense": "-6,655", "Other Income Expense": "-3,180", "Pretax Income": "30,753", "Tax Provision": "11,397", "Net Income Common Stockholders": "19,031", "Diluted NI Available to Com Stockholders": "19,031", "Basic EPS": "-", "Diluted EPS": "-", "Basic Average Shares": "-", "Diluted Average Shares": "-", "Total Operating Income as Reported": "37,408", "Rent Expense Supplemental": "-", "Total Expenses": "1,370,634", "Net Income from Continuing & Discontinued Operation": "19,356", "Normalized Income": "21,356", "Interest Income": "527", "Interest Expense": "7,182", "Net Interest Income": "-6,655", "EBIT": "37,935", "EBITDA": "-", "Reconciled Cost of Revenue": "1,149,860", "Reconciled Depreciation": "23,701", "Net Income from Continuing Operation Net Minority Interest": "19,356", "Total Unusual Items Excluding Goodwill": "-3,180", "Total Unusual Items": "-3,180", "Normalized EBITDA": "64,816", "Tax Rate for Calcs": "0", "Tax Effect of Unusual Items": "-1,180"}, "1/31/2020": {"Duration": "1/31/2020", "Total Revenue": "1,305,171", "Cost of Revenue": "1,054,353", "Gross Profit": "250,818", "Operating Expense": "225,722", "Operating Income": "25,096", "Net Non Operating Interest Income Expense": "-6,680", "Other Income Expense": "-3,764", "Pretax Income": "14,652", "Tax Provision": "699", "Net Income Common Stockholders": "13,953", "Diluted NI Available to Com Stockholders": "13,953", "Basic EPS": "0.62", "Diluted EPS": "0.62", "Basic Average Shares": "22,335", "Diluted Average Shares": "22,335", "Total Operating Income as Reported": "21,332", "Rent Expense Supplemental": "37,010", "Total Expenses": "1,280,075", "Net Income from Continuing & Discontinued Operation": "13,953", "Normalized Income": "17,536", "Interest Income": "3,126", "Interest Expense": "9,806", "Net Interest Income": "-6,680", "EBIT": "24,458", "EBITDA": "-", "Reconciled Cost of Revenue": "1,054,353", "Reconciled Depreciation": "28,067", "Net Income from Continuing Operation Net Minority Interest": "13,953", "Total Unusual Items Excluding Goodwill": "-3,764", "Total Unusual Items": "-3,764", "Normalized EBITDA": "56,289", "Tax Rate for Calcs": "0", "Tax Effect of Unusual Items": "-180.672"}, "1/31/2019": {"Duration": "1/31/2019", "Total Revenue": "1,261,505", "Cost of Revenue": "1,029,917", "Gross Profit": "231,588", "Operating Expense": "201,537", "Operating Income": "30,051", "Net Non Operating Interest Income Expense": "-11,327", "Other Income Expense": "-2,570", "Pretax Income": "16,154", "Tax Provision": "3,972", "Net Income Common Stockholders": "11,980", "Diluted NI Available to Com Stockholders": "11,980", "Basic EPS": "0.55", "Diluted EPS": "0.55", "Basic Average Shares": "22,218", "Diluted Average Shares": "22,218", "Total Operating Income as Reported": "27,481", "Rent Expense Supplemental": "38,799", "Total Expenses": "1,231,454", "Net Income from Continuing & Discontinued Operation": "12,182", "Normalized Income": "14,120", "Interest Income": "2,547", "Interest Expense": "13,874", "Net Interest Income": "-11,327", "EBIT": "30,028", "EBITDA": "-", "Reconciled Cost of Revenue": "1,029,917", "Reconciled Depreciation": "23,605", "Net Income from Continuing Operation Net Minority Interest": "12,182", "Total Unusual Items Excluding Goodwill": "-2,570", "Total Unusual Items": "-2,570", "Normalized EBITDA": "56,203", "Tax Rate for Calcs": "0", "Tax Effect of Unusual Items": "-632.22"}}, "bs": {"1/31/2021": {"Duration": "1/31/2021", "Total Assets": "815,789", "Total Liabilities Net Minority Interest": "444,508", "Total Equity Gross Minority Interest": "371,281", "Total Capitalization": "416,187", "Common Stock Equity": "371,281", "Capital Lease Obligations": "96,030", "Net Tangible Assets": "362,063", "Working Capital": "262,734", "Invested Capital": "582,613", "Tangible Book Value": "362,063", "Total Debt": "307,362", "Net Debt": "132,342", "Share Issued": "22,553", "Ordinary Shares Number": "22,553"}, "1/31/2020": {"Duration": "1/31/2020", "Total Assets": "975,343", "Total Liabilities Net Minority Interest": "630,239", "Total Equity Gross Minority Interest": "345,104", "Total Capitalization": "382,893", "Common Stock Equity": "345,104", "Capital Lease Obligations": "104,408", "Net Tangible Assets": "334,410", "Working Capital": "233,383", "Invested Capital": "768,444", "Tangible Book Value": "334,410", "Total Debt": "527,748", "Net Debt": "379,619", "Share Issued": "22,335", "Ordinary Shares Number": "22,335"}, "1/31/2019": {"Duration": "1/31/2019", "Total Assets": "792,438", "Total Liabilities Net Minority Interest": "457,127", "Total Equity Gross Minority Interest": "335,311", "Total Capitalization": "361,123", "Common Stock Equity": "335,311", "Capital Lease Obligations": "2,089", "Net Tangible Assets": "326,903", "Working Capital": "220,440", "Invested Capital": "683,468", "Tangible Book Value": "326,903", "Total Debt": "350,246", "Net Debt": "291,412", "Share Issued": "22,218", "Ordinary Shares Number": "22,218"}}, "cf": {"TTM": {"Duration": "TTM", "Operating Cash Flow": "172,996", "Investing Cash Flow": "-20,297", "Financing Cash Flow": "-117,939", "End Cash Position": "78,990", "Income Tax Paid Supplemental Data": "2,786", "Interest Paid Supplemental Data": "7,355", "Capital Expenditure": "-20,089", "Issuance of Debt": "5,326", "Repayment of Debt": "-15,942", "Free Cash Flow": "152,907"}, "1/31/2021": {"Duration": "1/31/2021", "Operating Cash Flow": "172,996", "Investing Cash Flow": "-20,297", "Financing Cash Flow": "-117,939", "End Cash Position": "78,990", "Income Tax Paid Supplemental Data": "2,786", "Interest Paid Supplemental Data": "7,355", "Capital Expenditure": "-20,089", "Issuance of Debt": "5,326", "Repayment of Debt": "-15,942", "Free Cash Flow": "152,907"}, "1/31/2020": {"Duration": "1/31/2020", "Operating Cash Flow": "955", "Investing Cash Flow": "-36,469", "Financing Cash Flow": "22,869", "End Cash Position": "43,721", "Income Tax Paid Supplemental Data": "3,656", "Interest Paid Supplemental Data": "9,687", "Capital Expenditure": "-25,016", "Issuance of Debt": "23,354", "Repayment of Debt": "-50,134", "Free Cash Flow": "-24,061"}, "1/31/2019": {"Duration": "1/31/2019", "Operating Cash Flow": "46,605", "Investing Cash Flow": "-25,832", "Financing Cash Flow": "-16,727", "End Cash Position": "56,745", "Income Tax Paid Supplemental Data": "3,681", "Interest Paid Supplemental Data": "11,064", "Capital Expenditure": "-11,951", "Issuance of Debt": "3,252", "Repayment of Debt": "-36,141", "Free Cash Flow": "34,654"}}}}, {"VALV": {"quote": {"04/25/2021": {"value": "0.0345", "Market Cap": "2.321M", "Beta (5Y Monthly)": "1.16", "PE Ratio (TTM)": "N/A", "EPS (TTM)": "-0.1950", "Earnings Date": "N/A", "Forward Dividend & Yield": "N/A (N/A)", "Ex-Dividend Date": "N/A", "1y Target Est": "N/A"}}, "fin": {}, "bs": {}, "cf": {}}}, {"AXE": {"fin": {}, "bs": {}, "cf": {}}}, {"WAIR": {"fin": {}, "bs": {}, "cf": {}}}, {"HDS": {"fin": {}, "bs": {}, "cf": {}}}]