[{"AOS": {"quote": {"03/28/2021": {"value": "69.49", "Market Cap": "11.228B", "Beta (5Y Monthly)": "1.04", "PE Ratio (TTM)": "32.78", "EPS (TTM)": "2.12", "Earnings Date": "May 03, 2021 - May 07, 2021", "Forward Dividend & Yield": "1.04 (1.50%)", "Ex-Dividend Date": "Jan 28, 2021", "1y Target Est": "62.11"}}, "fin": {"TTM": {"Duration": "TTM", "Total Revenue": "2,895,300", "Cost of Revenue": "1,787,100", "Gross Profit": "1,108,200", "Operating Expense": "660,300", "Operating Income": "447,900", "Net Non Operating Interest Income Expense": "-7,300", "Other Income Expense": "3,300", "Pretax Income": "443,900", "Tax Provision": "99,000", "Net Income Common Stockholders": "344,900", "Diluted NI Available to Com Stockholders": "344,900", "Basic EPS": "-", "Diluted EPS": "-", "Basic Average Shares": "-", "Diluted Average Shares": "-", "Total Expenses": "2,447,400", "Net Income from Continuing & Discontinued Operation": "344,900", "Normalized Income": "350,883", "Interest Expense": "7,300", "Net Interest Income": "-7,300", "EBIT": "451,200", "EBITDA": "531,200", "Reconciled Cost of Revenue": "1,787,100", "Reconciled Depreciation": "80,000", "Net Income from Continuing Operation Net Minority Interest": "344,900", "Total Unusual Items Excluding Goodwill": "-7,700", "Total Unusual Items": "-7,700", "Normalized EBITDA": "538,900", "Tax Rate for Calcs": "0", "Tax Effect of Unusual Items": "-1,717"}, "12/31/2020": {"Duration": "12/31/2020", "Total Revenue": "2,895,300", "Cost of Revenue": "1,787,100", "Gross Profit": "1,108,200", "Operating Expense": "660,300", "Operating Income": "447,900", "Net Non Operating Interest Income Expense": "-7,300", "Other Income Expense": "3,300", "Pretax Income": "443,900", "Tax Provision": "99,000", "Net Income Common Stockholders": "344,900", "Diluted NI Available to Com Stockholders": "344,900", "Basic EPS": "2.13", "Diluted EPS": "2.12", "Basic Average Shares": "161,531", "Diluted Average Shares": "162,604", "Total Expenses": "2,447,400", "Net Income from Continuing & Discontinued Operation": "344,900", "Normalized Income": "350,883", "Interest Expense": "7,300", "Net Interest Income": "-7,300", "EBIT": "451,200", "EBITDA": "-", "Reconciled Cost of Revenue": "1,787,100", "Reconciled Depreciation": "80,000", "Net Income from Continuing Operation Net Minority Interest": "344,900", "Total Unusual Items Excluding Goodwill": "-7,700", "Total Unusual Items": "-7,700", "Normalized EBITDA": "538,900", "Tax Rate for Calcs": "0", "Tax Effect of Unusual Items": "-1,717"}, "12/31/2019": {"Duration": "12/31/2019", "Total Revenue": "2,992,700", "Cost of Revenue": "1,812,000", "Gross Profit": "1,180,700", "Operating Expense": "715,600", "Operating Income": "465,100", "Net Non Operating Interest Income Expense": "-11,000", "Other Income Expense": "18,000", "Pretax Income": "472,100", "Tax Provision": "102,100", "Net Income Common Stockholders": "370,000", "Diluted NI Available to Com Stockholders": "370,000", "Basic EPS": "2.28", "Diluted EPS": "2.22", "Basic Average Shares": "162,371", "Diluted Average Shares": "166,711", "Total Expenses": "2,527,600", "Net Income from Continuing & Discontinued Operation": "370,000", "Normalized Income": "370,000", "Interest Expense": "11,000", "Net Interest Income": "-11,000", "EBIT": "483,100", "EBITDA": "-", "Reconciled Cost of Revenue": "1,812,000", "Reconciled Depreciation": "78,300", "Net Income from Continuing Operation Net Minority Interest": "370,000", "Total Unusual Items Excluding Goodwill": "0", "Total Unusual Items": "0", "Normalized EBITDA": "561,400", "Tax Rate for Calcs": "0", "Tax Effect of Unusual Items": "0"}, "12/31/2018": {"Duration": "12/31/2018", "Total Revenue": "3,187,900", "Cost of Revenue": "1,882,400", "Gross Profit": "1,305,500", "Operating Expense": "753,800", "Operating Income": "551,700", "Net Non Operating Interest Income Expense": "-8,400", "Other Income Expense": "14,500", "Pretax Income": "557,800", "Tax Provision": "113,600", "Net Income Common Stockholders": "444,200", "Diluted NI Available to Com Stockholders": "444,200", "Basic EPS": "2.64", "Diluted EPS": "2.58", "Basic Average Shares": "168,159", "Diluted Average Shares": "172,194", "Total Expenses": "2,636,200", "Net Income from Continuing & Discontinued Operation": "444,200", "Normalized Income": "449,533", "Interest Expense": "8,400", "Net Interest Income": "-8,400", "EBIT": "566,200", "EBITDA": "-", "Reconciled Cost of Revenue": "1,882,400", "Reconciled Depreciation": "71,900", "Net Income from Continuing Operation Net Minority Interest": "444,200", "Total Unusual Items Excluding Goodwill": "-6,700", "Total Unusual Items": "-6,700", "Normalized EBITDA": "644,800", "Tax Rate for Calcs": "0", "Tax Effect of Unusual Items": "-1,367"}}, "bs": {"12/31/2020": {"Duration": "12/31/2020", "Total Assets": "3,160,700", "Total Liabilities Net Minority Interest": "1,312,400", "Total Equity Gross Minority Interest": "1,848,300", "Total Capitalization": "1,954,700", "Common Stock Equity": "1,848,300", "Capital Lease Obligations": "34,400", "Net Tangible Assets": "977,600", "Working Capital": "731,700", "Invested Capital": "1,961,500", "Tangible Book Value": "977,600", "Total Debt": "147,600", "Net Debt": "-", "Share Issued": "190,577", "Ordinary Shares Number": "161,770", "Treasury Shares Number": "28,938"}, "12/31/2019": {"Duration": "12/31/2019", "Total Assets": "3,058,000", "Total Liabilities Net Minority Interest": "1,391,200", "Total Equity Gross Minority Interest": "1,666,800", "Total Capitalization": "1,944,000", "Common Stock Equity": "1,666,800", "Capital Lease Obligations": "38,700", "Net Tangible Assets": "782,400", "Working Capital": "733,900", "Invested Capital": "1,950,800", "Tangible Book Value": "782,400", "Total Debt": "322,700", "Net Debt": "-", "Share Issued": "190,577", "Ordinary Shares Number": "162,371", "Treasury Shares Number": "28,336"}, "12/31/2018": {"Duration": "12/31/2018", "Total Assets": "3,071,500", "Total Liabilities Net Minority Interest": "1,354,500", "Total Equity Gross Minority Interest": "1,717,000", "Total Capitalization": "1,938,400", "Common Stock Equity": "1,717,000", "Capital Lease Obligations": "-", "Net Tangible Assets": "910,900", "Working Capital": "853,200", "Invested Capital": "1,938,400", "Tangible Book Value": "910,900", "Total Debt": "221,400", "Net Debt": "-", "Share Issued": "190,577", "Ordinary Shares Number": "168,159", "Treasury Shares Number": "22,548"}}, "cf": {"TTM": {"Duration": "TTM", "Operating Cash Flow": "562,100", "Investing Cash Flow": "11,800", "Financing Cash Flow": "-374,800", "End Cash Position": "573,100", "Capital Expenditure": "-56,800", "Issuance of Debt": "-", "Repayment of Debt": "-", "Repurchase of Capital Stock": "-56,700", "Free Cash Flow": "505,300"}, "12/31/2020": {"Duration": "12/31/2020", "Operating Cash Flow": "562,100", "Investing Cash Flow": "11,800", "Financing Cash Flow": "-374,800", "End Cash Position": "573,100", "Capital Expenditure": "-56,800", "Issuance of Debt": "-", "Repayment of Debt": "-", "Repurchase of Capital Stock": "-56,700", "Free Cash Flow": "505,300"}, "12/31/2019": {"Duration": "12/31/2019", "Operating Cash Flow": "456,200", "Investing Cash Flow": "33,900", "Financing Cash Flow": "-375,800", "End Cash Position": "374,000", "Capital Expenditure": "-64,400", "Issuance of Debt": "-", "Repayment of Debt": "-", "Repurchase of Capital Stock": "-287,700", "Free Cash Flow": "391,800"}, "12/31/2018": {"Duration": "12/31/2018", "Operating Cash Flow": "448,900", "Investing Cash Flow": "-12,700", "Financing Cash Flow": "-523,100", "End Cash Position": "259,700", "Capital Expenditure": "-85,200", "Issuance of Debt": "-", "Repayment of Debt": "-189,000", "Repurchase of Capital Stock": "-202,600", "Free Cash Flow": "363,700"}}}}, {"AMSC": {"quote": {"03/28/2021": {"value": "18.87", "Market Cap": "520.465M", "Beta (5Y Monthly)": "1.26", "PE Ratio (TTM)": "N/A", "EPS (TTM)": "-0.93", "Earnings Date": "May 31, 2021 - Jun 04, 2021", "Forward Dividend & Yield": "N/A (N/A)", "Ex-Dividend Date": "N/A", "1y Target Est": "26.00"}}, "fin": {"TTM": {"Duration": "TTM", "Total Revenue": "84,102", "Cost of Revenue": "67,067", "Gross Profit": "17,035", "Operating Expense": "36,131", "Operating Income": "-19,096", "Net Non Operating Interest Income Expense": "599", "Other Income Expense": "-3,452", "Pretax Income": "-21,949", "Tax Provision": "-1,000", "Net Income Common Stockholders": "-20,949", "Average Dilution Earnings": "-", "Diluted NI Available to Com Stockholders": "-20,950", "Basic EPS": "-", "Diluted EPS": "-", "Basic Average Shares": "-", "Diluted Average Shares": "-", "Total Operating Income as Reported": "-21,836", "Total Expenses": "103,198", "Net Income from Continuing & Discontinued Operation": "-20,949", "Normalized Income": "-18,334", "Interest Income": "-", "Net Interest Income": "599", "EBIT": "-19,096", "EBITDA": "-14,289", "Reconciled Cost of Revenue": "62,946", "Reconciled Depreciation": "4,807", "Net Income from Continuing Operation Net Minority Interest": "-20,949", "Total Unusual Items Excluding Goodwill": "-2,740", "Total Unusual Items": "-2,740", "Normalized EBITDA": "-11,549", "Tax Rate for Calcs": "0", "Tax Effect of Unusual Items": "-124.8348"}, "3/31/2020": {"Duration": "3/31/2020", "Total Revenue": "63,838", "Cost of Revenue": "54,393", "Gross Profit": "9,445", "Operating Expense": "32,574", "Operating Income": "-23,129", "Net Non Operating Interest Income Expense": "1,327", "Other Income Expense": "4,901", "Pretax Income": "-16,901", "Tax Provision": "195", "Net Income Common Stockholders": "-17,096", "Average Dilution Earnings": "-4,565", "Diluted NI Available to Com Stockholders": "-21,662", "Basic EPS": "-0.81", "Diluted EPS": "-1.03", "Basic Average Shares": "20,985", "Diluted Average Shares": "21,069", "Total Operating Income as Reported": "-23,129", "Total Expenses": "86,967", "Net Income from Continuing & Discontinued Operation": "-17,096", "Normalized Income": "-20,489", "Interest Income": "1,327", "Net Interest Income": "1,327", "EBIT": "-23,129", "EBITDA": "-", "Reconciled Cost of Revenue": "50,425", "Reconciled Depreciation": "4,308", "Net Income from Continuing Operation Net Minority Interest": "-17,096", "Total Unusual Items Excluding Goodwill": "4,648", "Total Unusual Items": "4,648", "Normalized EBITDA": "-23,469", "Tax Rate for Calcs": "0", "Tax Effect of Unusual Items": "1,255"}, "3/31/2019": {"Duration": "3/31/2019", "Total Revenue": "56,207", "Cost of Revenue": "42,190", "Gross Profit": "14,017", "Operating Expense": "32,242", "Operating Income": "-18,225", "Net Non Operating Interest Income Expense": "1,117", "Other Income Expense": "50,249", "Pretax Income": "33,141", "Tax Provision": "6,380", "Net Income Common Stockholders": "26,761", "Average Dilution Earnings": "-", "Diluted NI Available to Com Stockholders": "26,761", "Basic EPS": "1.32", "Diluted EPS": "1.29", "Basic Average Shares": "20,335", "Diluted Average Shares": "20,726", "Total Operating Income as Reported": "34,023", "Total Expenses": "74,432", "Net Income from Continuing & Discontinued Operation": "26,761", "Normalized Income": "-12,645", "Interest Income": "-", "Net Interest Income": "1,117", "EBIT": "-18,225", "EBITDA": "-", "Reconciled Cost of Revenue": "37,921", "Reconciled Depreciation": "4,609", "Net Income from Continuing Operation Net Minority Interest": "26,761", "Total Unusual Items Excluding Goodwill": "48,650", "Total Unusual Items": "48,650", "Normalized EBITDA": "-62,266", "Tax Rate for Calcs": "0", "Tax Effect of Unusual Items": "9,244"}}, "bs": {"3/31/2020": {"Duration": "3/31/2020", "Total Assets": "124,109", "Total Liabilities Net Minority Interest": "51,890", "Total Equity Gross Minority Interest": "72,219", "Total Capitalization": "72,219", "Common Stock Equity": "72,219", "Capital Lease Obligations": "3,439", "Net Tangible Assets": "66,950", "Working Capital": "53,317", "Invested Capital": "72,219", "Tangible Book Value": "66,950", "Total Debt": "3,439", "Share Issued": "22,902", "Ordinary Shares Number": "22,604", "Treasury Shares Number": "297.878"}, "3/31/2019": {"Duration": "3/31/2019", "Total Assets": "119,330", "Total Liabilities Net Minority Interest": "38,137", "Total Equity Gross Minority Interest": "81,193", "Total Capitalization": "81,193", "Common Stock Equity": "81,193", "Capital Lease Obligations": "-", "Net Tangible Assets": "76,584", "Working Capital": "75,014", "Invested Capital": "81,193", "Tangible Book Value": "76,584", "Total Debt": "-", "Share Issued": "21,652", "Ordinary Shares Number": "21,416", "Treasury Shares Number": "235.518"}}, "cf": {"TTM": {"Duration": "TTM", "Operating Cash Flow": "-3,589", "Investing Cash Flow": "-4,306", "Financing Cash Flow": "50,751", "End Cash Position": "74,091", "Income Tax Paid Supplemental Data": "763", "Interest Paid Supplemental Data": "-", "Capital Expenditure": "-3,278", "Issuance of Capital Stock": "-", "Repayment of Debt": "-", "Free Cash Flow": "-6,867"}, "3/31/2020": {"Duration": "3/31/2020", "Operating Cash Flow": "-16,497", "Investing Cash Flow": "-36,621", "Financing Cash Flow": "5,776", "End Cash Position": "30,864", "Income Tax Paid Supplemental Data": "3,653", "Interest Paid Supplemental Data": "-", "Capital Expenditure": "-4,630", "Issuance of Capital Stock": "-", "Repayment of Debt": "-", "Free Cash Flow": "-21,127"}, "3/31/2019": {"Duration": "3/31/2019", "Operating Cash Flow": "42,714", "Investing Cash Flow": "2,169", "Financing Cash Flow": "-299", "End Cash Position": "78,198", "Income Tax Paid Supplemental Data": "2,859", "Interest Paid Supplemental Data": "0", "Capital Expenditure": "-952", "Issuance of Capital Stock": "0", "Repayment of Debt": "0", "Free Cash Flow": "41,762"}}}}, {"HOLI": {"quote": {"03/28/2021": {"value": "12.72", "Market Cap": "774.077M", "Beta (5Y Monthly)": "1.01", "PE Ratio (TTM)": "11.40", "EPS (TTM)": "1.12", "Earnings Date": "May 12, 2021 - May 17, 2021", "Forward Dividend & Yield": "0.20 (1.55%)", "Ex-Dividend Date": "Oct 21, 2020", "1y Target Est": "20.30"}}, "fin": {"TTM": {"Duration": "TTM", "Total Revenue": "534,784", "Cost of Revenue": "335,234", "Gross Profit": "199,550", "Operating Expense": "96,433", "Operating Income": "103,117", "Net Non Operating Interest Income Expense": "13,188", "Other Income Expense": "-33,002", "Pretax Income": "83,303", "Tax Provision": "15,836", "Net Income Common Stockholders": "67,480", "Average Dilution Earnings": "1", "Diluted NI Available to Com Stockholders": "67,481", "Basic EPS": "-", "Diluted EPS": "-", "Basic Average Shares": "-", "Diluted Average Shares": "-", "Total Operating Income as Reported": "67,350", "Total Expenses": "431,667", "Net Income from Continuing & Discontinued Operation": "67,563", "Normalized Income": "101,080", "Interest Income": "13,652", "Interest Expense": "464", "Net Interest Income": "13,188", "EBIT": "83,767", "EBITDA": "93,050", "Reconciled Cost of Revenue": "335,234", "Reconciled Depreciation": "9,283", "Net Income from Continuing Operation Net Minority Interest": "67,563", "Total Unusual Items Excluding Goodwill": "-41,384", "Total Unusual Items": "-41,384", "Normalized EBITDA": "134,434", "Tax Rate for Calcs": "0", "Tax Effect of Unusual Items": "-7,867"}, "6/30/2020": {"Duration": "6/30/2020", "Total Revenue": "503,327", "Cost of Revenue": "312,759", "Gross Profit": "190,568", "Operating Expense": "85,373", "Operating Income": "105,195", "Net Non Operating Interest Income Expense": "12,754", "Other Income Expense": "-20,452", "Pretax Income": "97,497", "Tax Provision": "18,171", "Net Income Common Stockholders": "79,313", "Average Dilution Earnings": "93", "Diluted NI Available to Com Stockholders": "79,406", "Basic EPS": "1.31", "Diluted EPS": "1.31", "Basic Average Shares": "60,481", "Diluted Average Shares": "60,611", "Total Operating Income as Reported": "69,428", "Total Expenses": "398,132", "Net Income from Continuing & Discontinued Operation": "79,396", "Normalized Income": "102,405", "Interest Income": "13,060", "Interest Expense": "306", "Net Interest Income": "12,754", "EBIT": "97,803", "EBITDA": "-", "Reconciled Cost of Revenue": "312,759", "Reconciled Depreciation": "9,167", "Net Income from Continuing Operation Net Minority Interest": "79,396", "Total Unusual Items Excluding Goodwill": "-28,266", "Total Unusual Items": "-28,266", "Normalized EBITDA": "135,236", "Tax Rate for Calcs": "0", "Tax Effect of Unusual Items": "-5,257"}, "6/30/2019": {"Duration": "6/30/2019", "Total Revenue": "570,341", "Cost of Revenue": "359,175", "Gross Profit": "211,166", "Operating Expense": "75,917", "Operating Income": "135,249", "Net Non Operating Interest Income Expense": "11,264", "Other Income Expense": "-2,790", "Pretax Income": "143,723", "Tax Provision": "18,184", "Net Income Common Stockholders": "125,261", "Average Dilution Earnings": "562", "Diluted NI Available to Com Stockholders": "125,823", "Basic EPS": "2.07", "Diluted EPS": "2.05", "Basic Average Shares": "60,457", "Diluted Average Shares": "61,274", "Total Operating Income as Reported": "123,626", "Total Expenses": "435,092", "Net Income from Continuing & Discontinued Operation": "125,261", "Normalized Income": "130,415", "Interest Income": "11,839", "Interest Expense": "575", "Net Interest Income": "11,264", "EBIT": "144,298", "EBITDA": "-", "Reconciled Cost of Revenue": "359,175", "Reconciled Depreciation": "8,454", "Net Income from Continuing Operation Net Minority Interest": "125,261", "Total Unusual Items Excluding Goodwill": "-5,904", "Total Unusual Items": "-5,904", "Normalized EBITDA": "158,656", "Tax Rate for Calcs": "0", "Tax Effect of Unusual Items": "-749.808"}, "6/30/2018": {"Duration": "6/30/2018", "Total Revenue": "540,768", "Cost of Revenue": "334,888", "Gross Profit": "205,880", "Operating Expense": "85,636", "Operating Income": "120,244", "Net Non Operating Interest Income Expense": "6,626", "Other Income Expense": "2,772", "Pretax Income": "129,642", "Tax Provision": "22,205", "Net Income Common Stockholders": "107,161", "Average Dilution Earnings": "264", "Diluted NI Available to Com Stockholders": "107,425", "Basic EPS": "1.77", "Diluted EPS": "1.75", "Basic Average Shares": "60,434", "Diluted Average Shares": "61,249", "Total Operating Income as Reported": "120,244", "Total Expenses": "420,524", "Net Income from Continuing & Discontinued Operation": "107,161", "Normalized Income": "107,166", "Interest Income": "7,318", "Interest Expense": "692", "Net Interest Income": "6,626", "EBIT": "130,334", "EBITDA": "-", "Reconciled Cost of Revenue": "334,888", "Reconciled Depreciation": "9,288", "Net Income from Continuing Operation Net Minority Interest": "107,161", "Total Unusual Items Excluding Goodwill": "-6", "Total Unusual Items": "-6", "Normalized EBITDA": "139,628", "Tax Rate for Calcs": "0", "Tax Effect of Unusual Items": "-1.0277"}}, "bs": {"6/30/2020": {"Duration": "6/30/2020", "Total Assets": "1,360,835", "Total Liabilities Net Minority Interest": "371,949", "Total Equity Gross Minority Interest": "988,886", "Total Capitalization": "1,000,263", "Common Stock Equity": "984,483", "Capital Lease Obligations": "5,791", "Net Tangible Assets": "965,568", "Working Capital": "847,192", "Invested Capital": "1,000,583", "Tangible Book Value": "965,568", "Total Debt": "21,891", "Share Issued": "60,537", "Ordinary Shares Number": "60,537"}, "6/30/2019": {"Duration": "6/30/2019", "Total Assets": "1,309,417", "Total Liabilities Net Minority Interest": "362,257", "Total Equity Gross Minority Interest": "947,160", "Total Capitalization": "946,364", "Common Stock Equity": "945,386", "Capital Lease Obligations": "-", "Net Tangible Assets": "890,350", "Working Capital": "767,979", "Invested Capital": "968,583", "Tangible Book Value": "890,350", "Total Debt": "23,197", "Share Issued": "60,342", "Ordinary Shares Number": "60,342"}, "6/30/2018": {"Duration": "6/30/2018", "Total Assets": "1,210,128", "Total Liabilities Net Minority Interest": "367,775", "Total Equity Gross Minority Interest": "842,353", "Total Capitalization": "862,761", "Common Stock Equity": "842,052", "Capital Lease Obligations": "-", "Net Tangible Assets": "780,335", "Working Capital": "667,844", "Invested Capital": "865,976", "Tangible Book Value": "780,335", "Total Debt": "23,924", "Share Issued": "60,342", "Ordinary Shares Number": "60,342"}}, "cf": {"TTM": {"Duration": "TTM", "Operating Cash Flow": "120,683", "Investing Cash Flow": "-182,608", "Financing Cash Flow": "3,574", "End Cash Position": "368,151", "Income Tax Paid Supplemental Data": "-", "Interest Paid Supplemental Data": "-", "Capital Expenditure": "-10,454", "Issuance of Capital Stock": "-", "Issuance of Debt": "15,617", "Repayment of Debt": "-2,075", "Free Cash Flow": "110,229"}, "6/30/2020": {"Duration": "6/30/2020", "Operating Cash Flow": "175,124", "Investing Cash Flow": "-187,580", "Financing Cash Flow": "-18,213", "End Cash Position": "319,097", "Income Tax Paid Supplemental Data": "8,772", "Interest Paid Supplemental Data": "306", "Capital Expenditure": "-7,115", "Issuance of Capital Stock": "-", "Issuance of Debt": "17,794", "Repayment of Debt": "-25,433", "Free Cash Flow": "168,009"}, "6/30/2019": {"Duration": "6/30/2019", "Operating Cash Flow": "100,521", "Investing Cash Flow": "-9,888", "Financing Cash Flow": "-10,155", "End Cash Position": "358,387", "Income Tax Paid Supplemental Data": "24,855", "Interest Paid Supplemental Data": "575", "Capital Expenditure": "-10,587", "Issuance of Capital Stock": "-", "Issuance of Debt": "6,638", "Repayment of Debt": "-7,387", "Free Cash Flow": "89,934"}, "6/30/2018": {"Duration": "6/30/2018", "Operating Cash Flow": "125,192", "Investing Cash Flow": "-49,748", "Financing Cash Flow": "-12,197", "End Cash Position": "265,675", "Income Tax Paid Supplemental Data": "24,896", "Interest Paid Supplemental Data": "462", "Capital Expenditure": "-2,304", "Issuance of Capital Stock": "0", "Issuance of Debt": "6,926", "Repayment of Debt": "-11,882", "Free Cash Flow": "122,888"}}}}, {"AIMC": {"quote": {"03/28/2021": {"value": "55.74", "Market Cap": "3.611B", "Beta (5Y Monthly)": "2.62", "PE Ratio (TTM)": "N/A", "EPS (TTM)": "-0.40", "Earnings Date": "Apr 28, 2021 - May 03, 2021", "Forward Dividend & Yield": "0.24 (0.43%)", "Ex-Dividend Date": "Mar 17, 2021", "1y Target Est": "64.20"}}, "fin": {"TTM": {"Duration": "TTM", "Total Revenue": "1,726,000", "Cost of Revenue": "1,103,600", "Gross Profit": "622,400", "Operating Expense": "390,000", "Operating Income": "232,400", "Net Non Operating Interest Income Expense": "-72,100", "Other Income Expense": "-156,300", "Pretax Income": "4,000", "Tax Provision": "29,500", "Net Income Common Stockholders": "-25,500", "Diluted NI Available to Com Stockholders": "-25,500", "Basic EPS": "-", "Diluted EPS": "-", "Basic Average Shares": "-", "Diluted Average Shares": "-", "Total Operating Income as Reported": "77,500", "Total Expenses": "1,493,600", "Net Income from Continuing & Discontinued Operation": "-25,500", "Normalized Income": "87,577", "Interest Expense": "72,100", "Net Interest Income": "-72,100", "EBIT": "76,100", "EBITDA": "203,700", "Reconciled Cost of Revenue": "1,103,600", "Reconciled Depreciation": "127,600", "Net Income from Continuing Operation Net Minority Interest": "-25,500", "Total Unusual Items Excluding Goodwill": "-154,900", "Total Unusual Items": "-154,900", "Normalized EBITDA": "358,600", "Tax Rate for Calcs": "0", "Tax Effect of Unusual Items": "-41,823"}, "12/31/2020": {"Duration": "12/31/2020", "Total Revenue": "1,726,000", "Cost of Revenue": "1,103,600", "Gross Profit": "622,400", "Operating Expense": "390,000", "Operating Income": "232,400", "Net Non Operating Interest Income Expense": "-72,100", "Other Income Expense": "-156,300", "Pretax Income": "4,000", "Tax Provision": "29,500", "Net Income Common Stockholders": "-25,500", "Diluted NI Available to Com Stockholders": "-25,500", "Basic EPS": "-", "Diluted EPS": "-", "Basic Average Shares": "-", "Diluted Average Shares": "-", "Total Operating Income as Reported": "77,500", "Total Expenses": "1,493,600", "Net Income from Continuing & Discontinued Operation": "-25,500", "Normalized Income": "87,577", "Interest Expense": "72,100", "Net Interest Income": "-72,100", "EBIT": "76,100", "EBITDA": "-", "Reconciled Cost of Revenue": "1,103,600", "Reconciled Depreciation": "127,600", "Net Income from Continuing Operation Net Minority Interest": "-25,500", "Total Unusual Items Excluding Goodwill": "-154,900", "Total Unusual Items": "-154,900", "Normalized EBITDA": "358,600", "Tax Rate for Calcs": "0", "Tax Effect of Unusual Items": "-41,823"}, "12/31/2019": {"Duration": "12/31/2019", "Total Revenue": "1,834,100", "Cost of Revenue": "1,177,800", "Gross Profit": "656,300", "Operating Expense": "418,100", "Operating Income": "238,200", "Net Non Operating Interest Income Expense": "-73,800", "Other Income Expense": "-16,200", "Pretax Income": "148,200", "Tax Provision": "21,000", "Net Income Common Stockholders": "127,200", "Diluted NI Available to Com Stockholders": "127,200", "Basic EPS": "1.98", "Diluted EPS": "1.97", "Basic Average Shares": "64,300", "Diluted Average Shares": "64,500", "Total Operating Income as Reported": "224,100", "Total Expenses": "1,595,900", "Net Income from Continuing & Discontinued Operation": "127,200", "Normalized Income": "139,298", "Interest Expense": "73,800", "Net Interest Income": "-73,800", "EBIT": "222,000", "EBITDA": "-", "Reconciled Cost of Revenue": "1,177,800", "Reconciled Depreciation": "128,400", "Net Income from Continuing Operation Net Minority Interest": "127,200", "Total Unusual Items Excluding Goodwill": "-14,100", "Total Unusual Items": "-14,100", "Normalized EBITDA": "364,500", "Tax Rate for Calcs": "0", "Tax Effect of Unusual Items": "-2,002"}, "12/31/2018": {"Duration": "12/31/2018", "Total Revenue": "1,175,342", "Cost of Revenue": "799,231", "Gross Profit": "376,111", "Operating Expense": "284,985", "Operating Income": "91,126", "Net Non Operating Interest Income Expense": "-28,601", "Other Income Expense": "-10,777", "Pretax Income": "51,748", "Tax Provision": "16,407", "Net Income Common Stockholders": "35,341", "Diluted NI Available to Com Stockholders": "35,341", "Basic EPS": "1.27", "Diluted EPS": "1.26", "Basic Average Shares": "37,868", "Diluted Average Shares": "38,380", "Total Operating Income as Reported": "86,677", "Total Expenses": "1,084,216", "Net Income from Continuing & Discontinued Operation": "35,341", "Normalized Income": "42,705", "Interest Expense": "28,601", "Net Interest Income": "-28,601", "EBIT": "80,349", "EBITDA": "-", "Reconciled Cost of Revenue": "799,231", "Reconciled Depreciation": "60,026", "Net Income from Continuing Operation Net Minority Interest": "35,341", "Total Unusual Items Excluding Goodwill": "-10,782", "Total Unusual Items": "-10,782", "Normalized EBITDA": "151,157", "Tax Rate for Calcs": "0", "Tax Effect of Unusual Items": "-3,418"}}, "bs": {"12/31/2020": {"Duration": "12/31/2020", "Total Assets": "4,208,100", "Total Liabilities Net Minority Interest": "2,211,400", "Total Equity Gross Minority Interest": "1,996,700", "Total Capitalization": "3,404,800", "Common Stock Equity": "1,996,700", "Capital Lease Obligations": "43,100", "Net Tangible Assets": "-1,058,900", "Working Capital": "387,600", "Invested Capital": "3,421,400", "Tangible Book Value": "-1,058,900", "Total Debt": "1,467,800", "Net Debt": "1,170,300", "Share Issued": "64,677", "Ordinary Shares Number": "64,677"}, "12/31/2019": {"Duration": "12/31/2019", "Total Assets": "4,283,700", "Total Liabilities Net Minority Interest": "2,361,400", "Total Equity Gross Minority Interest": "1,922,300", "Total Capitalization": "3,486,100", "Common Stock Equity": "1,922,300", "Capital Lease Obligations": "38,200", "Net Tangible Assets": "-1,275,000", "Working Capital": "327,600", "Invested Capital": "3,504,100", "Tangible Book Value": "-1,275,000", "Total Debt": "1,620,000", "Net Debt": "1,414,500", "Share Issued": "64,223", "Ordinary Shares Number": "64,223"}, "12/31/2018": {"Duration": "12/31/2018", "Total Assets": "4,337,243", "Total Liabilities Net Minority Interest": "2,489,047", "Total Equity Gross Minority Interest": "1,848,196", "Total Capitalization": "3,539,094", "Common Stock Equity": "1,848,196", "Capital Lease Obligations": "-", "Net Tangible Assets": "-1,399,873", "Working Capital": "366,797", "Invested Capital": "3,556,282", "Tangible Book Value": "-1,399,873", "Total Debt": "1,708,086", "Net Debt": "1,539,129", "Share Issued": "64,186", "Ordinary Shares Number": "64,186"}}, "cf": {"TTM": {"Duration": "TTM", "Operating Cash Flow": "262,500", "Investing Cash Flow": "15,600", "Financing Cash Flow": "-193,200", "End Cash Position": "254,400", "Income Tax Paid Supplemental Data": "61,700", "Interest Paid Supplemental Data": "58,100", "Capital Expenditure": "-33,700", "Issuance of Debt": "100,000", "Repayment of Debt": "-261,500", "Repurchase of Capital Stock": "-3,900", "Free Cash Flow": "228,800"}, "12/31/2020": {"Duration": "12/31/2020", "Operating Cash Flow": "262,500", "Investing Cash Flow": "15,600", "Financing Cash Flow": "-193,200", "End Cash Position": "254,400", "Income Tax Paid Supplemental Data": "61,700", "Interest Paid Supplemental Data": "58,100", "Capital Expenditure": "-33,700", "Issuance of Debt": "100,000", "Repayment of Debt": "-261,500", "Repurchase of Capital Stock": "-3,900", "Free Cash Flow": "228,800"}, "12/31/2019": {"Duration": "12/31/2019", "Operating Cash Flow": "255,900", "Investing Cash Flow": "-80,900", "Financing Cash Flow": "-177,900", "End Cash Position": "167,300", "Income Tax Paid Supplemental Data": "45,400", "Interest Paid Supplemental Data": "68,800", "Capital Expenditure": "-51,700", "Issuance of Debt": "1,600", "Repayment of Debt": "-131,100", "Repurchase of Capital Stock": "-4,000", "Free Cash Flow": "204,200"}, "12/31/2018": {"Duration": "12/31/2018", "Operating Cash Flow": "116,283", "Investing Cash Flow": "-989,379", "Financing Cash Flow": "986,246", "End Cash Position": "168,957", "Income Tax Paid Supplemental Data": "34,056", "Interest Paid Supplemental Data": "21,242", "Capital Expenditure": "-37,531", "Issuance of Debt": "1,355,650", "Repayment of Debt": "-302,545", "Repurchase of Capital Stock": "-3,036", "Free Cash Flow": "78,752"}}}}, {"AMOT": {"quote": {"03/28/2021": {"value": "53.82", "Market Cap": "525.957M", "Beta (5Y Monthly)": "1.72", "PE Ratio (TTM)": "37.64", "EPS (TTM)": "1.43", "Earnings Date": "Mar 11, 2021", "Forward Dividend & Yield": "0.12 (0.22%)", "Ex-Dividend Date": "Mar 23, 2021", "1y Target Est": "60.00"}}, "fin": {"TTM": {"Duration": "TTM", "Total Revenue": "366,694", "Cost of Revenue": "258,119", "Gross Profit": "108,575", "Operating Expense": "85,581", "Operating Income": "22,994", "Net Non Operating Interest Income Expense": "-3,716", "Other Income Expense": "-502", "Pretax Income": "18,776", "Tax Provision": "5,133", "Net Income Common Stockholders": "13,643", "Diluted NI Available to Com Stockholders": "13,643", "Basic EPS": "-", "Diluted EPS": "-", "Basic Average Shares": "-", "Diluted Average Shares": "-", "Total Operating Income as Reported": "22,994", "Total Expenses": "343,700", "Net Income from Continuing & Discontinued Operation": "13,643", "Normalized Income": "13,643", "Interest Expense": "3,716", "Net Interest Income": "-3,716", "EBIT": "22,492", "EBITDA": "38,477", "Reconciled Cost of Revenue": "248,062", "Reconciled Depreciation": "15,985", "Net Income from Continuing Operation Net Minority Interest": "13,643", "Total Unusual Items Excluding Goodwill": "-", "Total Unusual Items": "-", "Normalized EBITDA": "38,477", "Tax Rate for Calcs": "0", "Tax Effect of Unusual Items": "0"}, "12/31/2020": {"Duration": "12/31/2020", "Total Revenue": "366,694", "Cost of Revenue": "258,119", "Gross Profit": "108,575", "Operating Expense": "85,581", "Operating Income": "22,994", "Net Non Operating Interest Income Expense": "-3,716", "Other Income Expense": "-502", "Pretax Income": "18,776", "Tax Provision": "5,133", "Net Income Common Stockholders": "13,643", "Diluted NI Available to Com Stockholders": "13,643", "Basic EPS": "-", "Diluted EPS": "-", "Basic Average Shares": "-", "Diluted Average Shares": "-", "Total Operating Income as Reported": "22,994", "Total Expenses": "343,700", "Net Income from Continuing & Discontinued Operation": "13,643", "Normalized Income": "13,643", "Interest Expense": "3,716", "Net Interest Income": "-3,716", "EBIT": "22,492", "EBITDA": "-", "Reconciled Cost of Revenue": "248,062", "Reconciled Depreciation": "15,985", "Net Income from Continuing Operation Net Minority Interest": "13,643", "Total Unusual Items Excluding Goodwill": "-", "Total Unusual Items": "-", "Normalized EBITDA": "38,477", "Tax Rate for Calcs": "0", "Tax Effect of Unusual Items": "0"}, "12/31/2019": {"Duration": "12/31/2019", "Total Revenue": "371,084", "Cost of Revenue": "258,500", "Gross Profit": "112,584", "Operating Expense": "83,141", "Operating Income": "29,443", "Net Non Operating Interest Income Expense": "-5,134", "Other Income Expense": "-468", "Pretax Income": "23,841", "Tax Provision": "6,819", "Net Income Common Stockholders": "17,022", "Diluted NI Available to Com Stockholders": "17,022", "Basic EPS": "1.81", "Diluted EPS": "1.80", "Basic Average Shares": "9,398", "Diluted Average Shares": "9,461", "Total Operating Income as Reported": "29,443", "Total Expenses": "341,641", "Net Income from Continuing & Discontinued Operation": "17,022", "Normalized Income": "17,022", "Interest Expense": "5,134", "Net Interest Income": "-5,134", "EBIT": "28,975", "EBITDA": "-", "Reconciled Cost of Revenue": "249,361", "Reconciled Depreciation": "14,857", "Net Income from Continuing Operation Net Minority Interest": "17,022", "Total Unusual Items Excluding Goodwill": "-", "Total Unusual Items": "-", "Normalized EBITDA": "43,832", "Tax Rate for Calcs": "0", "Tax Effect of Unusual Items": "0"}, "12/31/2018": {"Duration": "12/31/2018", "Total Revenue": "310,611", "Cost of Revenue": "219,208", "Gross Profit": "91,403", "Operating Expense": "68,174", "Operating Income": "23,229", "Net Non Operating Interest Income Expense": "-2,701", "Other Income Expense": "153", "Pretax Income": "20,681", "Tax Provision": "4,756", "Net Income Common Stockholders": "15,925", "Diluted NI Available to Com Stockholders": "15,925", "Basic EPS": "1.72", "Diluted EPS": "1.70", "Basic Average Shares": "9,265", "Diluted Average Shares": "9,370", "Total Operating Income as Reported": "23,229", "Total Expenses": "287,382", "Net Income from Continuing & Discontinued Operation": "15,925", "Normalized Income": "15,925", "Interest Expense": "2,701", "Net Interest Income": "-2,701", "EBIT": "23,382", "EBITDA": "-", "Reconciled Cost of Revenue": "211,287", "Reconciled Depreciation": "11,576", "Net Income from Continuing Operation Net Minority Interest": "15,925", "Total Unusual Items Excluding Goodwill": "-762", "Total Unusual Items": "-762", "Normalized EBITDA": "34,958", "Tax Rate for Calcs": "0", "Tax Effect of Unusual Items": "0"}}, "bs": {"12/31/2020": {"Duration": "12/31/2020", "Total Assets": "349,197", "Total Liabilities Net Minority Interest": "206,141", "Total Equity Gross Minority Interest": "143,056", "Total Capitalization": "263,135", "Common Stock Equity": "143,056", "Capital Lease Obligations": "19,641", "Net Tangible Assets": "15,337", "Working Capital": "89,684", "Invested Capital": "263,135", "Tangible Book Value": "15,337", "Total Debt": "139,720", "Net Debt": "96,948", "Share Issued": "9,754", "Ordinary Shares Number": "9,754"}, "12/31/2019": {"Duration": "12/31/2019", "Total Assets": "305,828", "Total Liabilities Net Minority Interest": "186,634", "Total Equity Gross Minority Interest": "119,194", "Total Capitalization": "228,959", "Common Stock Equity": "119,194", "Capital Lease Obligations": "16,918", "Net Tangible Assets": "3,762", "Working Capital": "69,002", "Invested Capital": "228,959", "Tangible Book Value": "3,762", "Total Debt": "126,683", "Net Debt": "96,349", "Share Issued": "9,599", "Ordinary Shares Number": "9,599"}, "12/31/2018": {"Duration": "12/31/2018", "Total Assets": "285,301", "Total Liabilities Net Minority Interest": "183,488", "Total Equity Gross Minority Interest": "101,813", "Total Capitalization": "224,329", "Common Stock Equity": "101,813", "Capital Lease Obligations": "-", "Net Tangible Assets": "-19,180", "Working Capital": "66,305", "Invested Capital": "224,329", "Tangible Book Value": "-19,180", "Total Debt": "122,516", "Net Debt": "113,843", "Share Issued": "9,485", "Ordinary Shares Number": "9,485"}}, "cf": {"TTM": {"Duration": "TTM", "Operating Cash Flow": "24,838", "Investing Cash Flow": "-24,099", "Financing Cash Flow": "7,489", "End Cash Position": "23,131", "Income Tax Paid Supplemental Data": "8,563", "Interest Paid Supplemental Data": "3,586", "Capital Expenditure": "-9,371", "Issuance of Debt": "26,979", "Repayment of Debt": "-16,897", "Free Cash Flow": "15,467"}, "12/31/2020": {"Duration": "12/31/2020", "Operating Cash Flow": "24,838", "Investing Cash Flow": "-24,099", "Financing Cash Flow": "7,489", "End Cash Position": "23,131", "Income Tax Paid Supplemental Data": "8,563", "Interest Paid Supplemental Data": "3,586", "Capital Expenditure": "-9,371", "Issuance of Debt": "26,979", "Repayment of Debt": "-16,897", "Free Cash Flow": "15,467"}, "12/31/2019": {"Duration": "12/31/2019", "Operating Cash Flow": "34,530", "Investing Cash Flow": "-14,882", "Financing Cash Flow": "-14,777", "End Cash Position": "13,416", "Income Tax Paid Supplemental Data": "2,051", "Interest Paid Supplemental Data": "5,342", "Capital Expenditure": "-14,882", "Issuance of Debt": "9,639", "Repayment of Debt": "-22,500", "Free Cash Flow": "19,648"}, "12/31/2018": {"Duration": "12/31/2018", "Operating Cash Flow": "17,452", "Investing Cash Flow": "-91,746", "Financing Cash Flow": "67,777", "End Cash Position": "8,673", "Income Tax Paid Supplemental Data": "7,014", "Interest Paid Supplemental Data": "2,272", "Capital Expenditure": "-14,333", "Issuance of Debt": "83,163", "Repayment of Debt": "-13,732", "Free Cash Flow": "3,119"}}}}, {"AXPW": {"quote": {"03/28/2021": {"value": "", "Net Assets": "N/A", "Beta (5Y Monthly)": "N/A", "Yield": "N/A", "5y Average Return": "N/A", "Holdings Turnover": "N/A", "Last Dividend": "N/A", "Average for Category": "N/A", "Inception Date": "N/A"}}, "fin": {}, "bs": {}, "cf": {}}}, {"APWC": {"quote": {"03/28/2021": {"value": "3.6300", "Market Cap": "50.166M", "Beta (5Y Monthly)": "1.14", "PE Ratio (TTM)": "71.18", "EPS (TTM)": "0.0510", "Earnings Date": "Jan 04, 2021", "Forward Dividend & Yield": "N/A (N/A)", "Ex-Dividend Date": "Sep 13, 2018", "1y Target Est": "N/A"}}, "fin": {"TTM": {"Duration": "TTM", "Total Revenue": "295,705", "Cost of Revenue": "261,985", "Gross Profit": "33,720", "Operating Expense": "24,921", "Operating Income": "8,799", "Net Non Operating Interest Income Expense": "-413", "Other Income Expense": "-100", "Pretax Income": "8,286", "Tax Provision": "3,740", "Net Income Common Stockholders": "699", "Diluted NI Available to Com Stockholders": "699", "Basic EPS": "-", "Diluted EPS": "-", "Basic Average Shares": "-", "Diluted Average Shares": "-", "Total Operating Income as Reported": "8,341", "Total Expenses": "286,906", "Net Income from Continuing & Discontinued Operation": "699", "Normalized Income": "999", "Interest Income": "341", "Interest Expense": "587", "Net Interest Income": "-413", "EBIT": "8,873", "EBITDA": "8,873", "Reconciled Cost of Revenue": "261,985", "Reconciled Depreciation": "-", "Net Income from Continuing Operation Net Minority Interest": "699", "Total Unusual Items Excluding Goodwill": "-375", "Total Unusual Items": "-375", "Normalized EBITDA": "9,248", "Tax Rate for Calcs": "0", "Tax Effect of Unusual Items": "-75"}, "12/31/2019": {"Duration": "12/31/2019", "Total Revenue": "338,160", "Cost of Revenue": "313,373", "Gross Profit": "24,787", "Operating Expense": "24,978", "Operating Income": "-191", "Net Non Operating Interest Income Expense": "-506", "Other Income Expense": "1,803", "Pretax Income": "1,106", "Tax Provision": "2,057", "Net Income Common Stockholders": "-1,632", "Diluted NI Available to Com Stockholders": "-1,632", "Basic EPS": "-0.12", "Diluted EPS": "-0.12", "Basic Average Shares": "13,820", "Diluted Average Shares": "13,820", "Total Operating Income as Reported": "-649", "Total Expenses": "338,351", "Net Income from Continuing & Discontinued Operation": "-1,632", "Normalized Income": "-2,710", "Interest Income": "506", "Interest Expense": "845", "Net Interest Income": "-506", "EBIT": "1,951", "EBITDA": "-", "Reconciled Cost of Revenue": "313,373", "Reconciled Depreciation": "5,324", "Net Income from Continuing Operation Net Minority Interest": "-1,632", "Total Unusual Items Excluding Goodwill": "1,347", "Total Unusual Items": "1,347", "Normalized EBITDA": "5,928", "Tax Rate for Calcs": "0", "Tax Effect of Unusual Items": "269.4"}, "12/31/2018": {"Duration": "12/31/2018", "Total Revenue": "425,940", "Cost of Revenue": "389,692", "Gross Profit": "36,248", "Operating Expense": "27,646", "Operating Income": "8,602", "Net Non Operating Interest Income Expense": "-896", "Other Income Expense": "3,626", "Pretax Income": "11,332", "Tax Provision": "3,886", "Net Income Common Stockholders": "2,928", "Diluted NI Available to Com Stockholders": "2,928", "Basic EPS": "0.21", "Diluted EPS": "0.21", "Basic Average Shares": "13,820", "Diluted Average Shares": "13,820", "Total Operating Income as Reported": "8,684", "Total Expenses": "417,338", "Net Income from Continuing & Discontinued Operation": "2,928", "Normalized Income": "1,662", "Interest Income": "482", "Interest Expense": "1,200", "Net Interest Income": "-896", "EBIT": "12,532", "EBITDA": "-", "Reconciled Cost of Revenue": "389,692", "Reconciled Depreciation": "4,980", "Net Income from Continuing Operation Net Minority Interest": "2,928", "Total Unusual Items Excluding Goodwill": "1,926", "Total Unusual Items": "1,926", "Normalized EBITDA": "15,586", "Tax Rate for Calcs": "0", "Tax Effect of Unusual Items": "660.4691"}}, "bs": {"12/31/2019": {"Duration": "12/31/2019", "Total Assets": "298,911", "Total Liabilities Net Minority Interest": "70,476", "Total Equity Gross Minority Interest": "228,435", "Total Capitalization": "153,854", "Common Stock Equity": "153,854", "Capital Lease Obligations": "2,828", "Net Tangible Assets": "153,726", "Working Capital": "185,855", "Invested Capital": "165,210", "Tangible Book Value": "153,726", "Total Debt": "14,184", "Share Issued": "13,831", "Ordinary Shares Number": "13,820", "Treasury Shares Number": "11.1"}, "12/31/2018": {"Duration": "12/31/2018", "Total Assets": "305,798", "Total Liabilities Net Minority Interest": "83,982", "Total Equity Gross Minority Interest": "221,816", "Total Capitalization": "150,028", "Common Stock Equity": "150,028", "Capital Lease Obligations": "90", "Net Tangible Assets": "149,871", "Working Capital": "182,410", "Invested Capital": "174,842", "Tangible Book Value": "149,871", "Total Debt": "24,904", "Share Issued": "13,831", "Ordinary Shares Number": "13,820", "Treasury Shares Number": "11.1"}}, "cf": {"TTM": {"Duration": "TTM", "Operating Cash Flow": "23,423", "Investing Cash Flow": "-22,788", "Financing Cash Flow": "-5,500", "End Cash Position": "45,881", "Capital Expenditure": "-", "Issuance of Debt": "-", "Repayment of Debt": "-", "Free Cash Flow": "17,961"}, "12/31/2019": {"Duration": "12/31/2019", "Operating Cash Flow": "15,140", "Investing Cash Flow": "-6,398", "Financing Cash Flow": "-17,949", "End Cash Position": "53,673", "Capital Expenditure": "-5,462", "Issuance of Debt": "5,349", "Repayment of Debt": "-20,237", "Free Cash Flow": "9,678"}, "12/31/2018": {"Duration": "12/31/2018", "Operating Cash Flow": "40,649", "Investing Cash Flow": "-4,818", "Financing Cash Flow": "-19,578", "End Cash Position": "60,778", "Capital Expenditure": "-4,508", "Issuance of Debt": "9,517", "Repayment of Debt": "-25,737", "Free Cash Flow": "36,141"}}}}, {"AUSI": {"quote": {"03/28/2021": {"value": "0.4150", "Market Cap": "26.775M", "Beta (5Y Monthly)": "0.83", "PE Ratio (TTM)": "41.50", "EPS (TTM)": "0.0100", "Earnings Date": "Jul 13, 2020", "Forward Dividend & Yield": "N/A (N/A)", "Ex-Dividend Date": "N/A", "1y Target Est": "N/A"}}, "fin": {"TTM": {"Duration": "TTM", "Total Revenue": "138.599", "Cost of Revenue": "76.045", "Gross Profit": "62.554", "Operating Expense": "1,597", "Operating Income": "-1,534", "Net Non Operating Interest Income Expense": "-1,233", "Other Income Expense": "3,359", "Pretax Income": "591.573", "Tax Provision": "-", "Net Income Common Stockholders": "581.693", "Diluted NI Available to Com Stockholders": "581.693", "Basic EPS": "-", "Diluted EPS": "-", "Basic Average Shares": "-", "Diluted Average Shares": "-", "Total Operating Income as Reported": "-1,784", "Total Expenses": "1,673", "Net Income from Continuing & Discontinued Operation": "581.693", "Normalized Income": "581.693", "Interest Expense": "1,233", "Net Interest Income": "-1,233", "EBIT": "1,825", "EBITDA": "1,825", "Reconciled Cost of Revenue": "76.045", "Net Income from Continuing Operation Net Minority Interest": "581.693", "Total Unusual Items Excluding Goodwill": "-", "Total Unusual Items": "-", "Normalized EBITDA": "1,825", "Tax Rate for Calcs": "0", "Tax Effect of Unusual Items": "0"}, "2/29/2020": {"Duration": "2/29/2020", "Total Revenue": "821.987", "Cost of Revenue": "177.079", "Gross Profit": "644.908", "Operating Expense": "1,432", "Operating Income": "-786.786", "Net Non Operating Interest Income Expense": "-1,234", "Other Income Expense": "-576.288", "Pretax Income": "-2,597", "Tax Provision": "9.88", "Net Income Common Stockholders": "-2,607", "Diluted NI Available to Com Stockholders": "-2,607", "Basic EPS": "-0.05", "Diluted EPS": "-0.05", "Basic Average Shares": "54,762", "Diluted Average Shares": "54,762", "Total Operating Income as Reported": "-1,037", "Total Expenses": "1,609", "Net Income from Continuing & Discontinued Operation": "-2,607", "Normalized Income": "-2,185", "Interest Expense": "1,234", "Net Interest Income": "-1,234", "EBIT": "-1,363", "EBITDA": "-", "Reconciled Cost of Revenue": "177.079", "Net Income from Continuing Operation Net Minority Interest": "-2,607", "Total Unusual Items Excluding Goodwill": "-577.795", "Total Unusual Items": "-577.795", "Normalized EBITDA": "-785.279", "Tax Rate for Calcs": "0", "Tax Effect of Unusual Items": "-156.0047"}, "2/28/2019": {"Duration": "2/28/2019", "Total Revenue": "39.274", "Cost of Revenue": "170.263", "Gross Profit": "-130.989", "Operating Expense": "5,965", "Operating Income": "-6,096", "Net Non Operating Interest Income Expense": "-1,079", "Other Income Expense": "2,718", "Pretax Income": "-4,456", "Tax Provision": "-", "Net Income Common Stockholders": "-4,456", "Diluted NI Available to Com Stockholders": "-4,456", "Basic EPS": "-0.10", "Diluted EPS": "-0.10", "Basic Average Shares": "45,648", "Diluted Average Shares": "45,648", "Total Operating Income as Reported": "-6,096", "Total Expenses": "6,135", "Net Income from Continuing & Discontinued Operation": "-4,456", "Normalized Income": "-7,220", "Interest Expense": "1,079", "Net Interest Income": "-1,079", "EBIT": "-3,378", "EBITDA": "-", "Reconciled Cost of Revenue": "170.263", "Net Income from Continuing Operation Net Minority Interest": "-4,456", "Total Unusual Items Excluding Goodwill": "2,763", "Total Unusual Items": "2,763", "Normalized EBITDA": "-6,141", "Tax Rate for Calcs": "0", "Tax Effect of Unusual Items": "0"}}, "bs": {"2/29/2020": {"Duration": "2/29/2020", "Total Assets": "111.33", "Total Liabilities Net Minority Interest": "23,414", "Total Equity Gross Minority Interest": "-23,303", "Total Capitalization": "-18,900", "Common Stock Equity": "-23,303", "Net Tangible Assets": "-23,303", "Working Capital": "-18,900", "Invested Capital": "-6,582", "Tangible Book Value": "-23,303", "Total Debt": "16,721", "Net Debt": "16,701", "Share Issued": "56,401", "Ordinary Shares Number": "56,401"}, "2/28/2019": {"Duration": "2/28/2019", "Total Assets": "668.058", "Total Liabilities Net Minority Interest": "22,349", "Total Equity Gross Minority Interest": "-21,681", "Total Capitalization": "-17,259", "Common Stock Equity": "-21,681", "Net Tangible Assets": "-21,681", "Working Capital": "-17,509", "Invested Capital": "-6,556", "Tangible Book Value": "-21,681", "Total Debt": "15,125", "Net Debt": "14,767", "Share Issued": "53,714", "Ordinary Shares Number": "53,714"}}, "cf": {"TTM": {"Duration": "TTM", "Operating Cash Flow": "-1,550", "Investing Cash Flow": "-", "Financing Cash Flow": "1,579", "End Cash Position": "143.693", "Income Tax Paid Supplemental Data": "-", "Interest Paid Supplemental Data": "-", "Issuance of Capital Stock": "1,450", "Issuance of Debt": "-", "Repayment of Debt": "-95", "Free Cash Flow": "-1,559"}, "2/29/2020": {"Duration": "2/29/2020", "Operating Cash Flow": "-793.755", "Investing Cash Flow": "-", "Financing Cash Flow": "455.353", "End Cash Position": "19.807", "Income Tax Paid Supplemental Data": "-", "Interest Paid Supplemental Data": "-", "Issuance of Capital Stock": "525.353", "Issuance of Debt": "-", "Repayment of Debt": "-70", "Free Cash Flow": "-793.755"}, "2/28/2019": {"Duration": "2/28/2019", "Operating Cash Flow": "-2,465", "Investing Cash Flow": "0", "Financing Cash Flow": "2,076", "End Cash Position": "358.209", "Income Tax Paid Supplemental Data": "0", "Interest Paid Supplemental Data": "37.5", "Issuance of Capital Stock": "900.5", "Issuance of Debt": "50", "Repayment of Debt": "-", "Free Cash Flow": "-2,465"}}}}, {"BLDP": {"quote": {"03/28/2021": {"value": "22.75", "Market Cap": "6.739B", "Beta (5Y Monthly)": "1.82", "PE Ratio (TTM)": "N/A", "EPS (TTM)": "-0.21", "Earnings Date": "N/A", "Forward Dividend & Yield": "N/A (N/A)", "Ex-Dividend Date": "N/A", "1y Target Est": "32.67"}}, "fin": {"TTM": {"Duration": "TTM", "Total Revenue": "103,877", "Cost of Revenue": "82,893", "Gross Profit": "20,984", "Operating Expense": "62,143", "Operating Income": "-41,159", "Net Non Operating Interest Income Expense": "-1,303", "Other Income Expense": "-6,877", "Pretax Income": "-49,339", "Tax Provision": "130", "Net Income Common Stockholders": "-51,377", "Diluted NI Available to Com Stockholders": "-51,377", "Basic EPS": "-", "Diluted EPS": "-", "Basic Average Shares": "-", "Diluted Average Shares": "-", "Total Operating Income as Reported": "-39,761", "Total Expenses": "145,036", "Net Income from Continuing & Discontinued Operation": "-51,377", "Normalized Income": "-53,644", "Interest Expense": "1,303", "Net Interest Income": "-1,303", "EBIT": "-48,036", "EBITDA": "-40,478", "Reconciled Cost of Revenue": "82,893", "Reconciled Depreciation": "7,558", "Net Income from Continuing Operation Net Minority Interest": "-49,469", "Total Unusual Items Excluding Goodwill": "5,680", "Total Unusual Items": "5,680", "Normalized EBITDA": "-46,158", "Tax Rate for Calcs": "0", "Tax Effect of Unusual Items": "1,505"}, "12/31/2020": {"Duration": "12/31/2020", "Total Revenue": "103,877", "Cost of Revenue": "82,893", "Gross Profit": "20,984", "Operating Expense": "62,143", "Operating Income": "-41,159", "Net Non Operating Interest Income Expense": "-1,303", "Other Income Expense": "-6,877", "Pretax Income": "-49,339", "Tax Provision": "130", "Net Income Common Stockholders": "-51,377", "Diluted NI Available to Com Stockholders": "-51,377", "Basic EPS": "-", "Diluted EPS": "-", "Basic Average Shares": "-", "Diluted Average Shares": "-", "Total Operating Income as Reported": "-39,761", "Total Expenses": "145,036", "Net Income from Continuing & Discontinued Operation": "-51,377", "Normalized Income": "-53,644", "Interest Expense": "1,303", "Net Interest Income": "-1,303", "EBIT": "-48,036", "EBITDA": "-", "Reconciled Cost of Revenue": "82,893", "Reconciled Depreciation": "7,558", "Net Income from Continuing Operation Net Minority Interest": "-49,469", "Total Unusual Items Excluding Goodwill": "5,680", "Total Unusual Items": "5,680", "Normalized EBITDA": "-46,158", "Tax Rate for Calcs": "0", "Tax Effect of Unusual Items": "1,505"}, "12/31/2019": {"Duration": "12/31/2019", "Total Revenue": "106,327", "Cost of Revenue": "83,732", "Gross Profit": "22,595", "Operating Expense": "48,383", "Operating Income": "-25,788", "Net Non Operating Interest Income Expense": "-1,434", "Other Income Expense": "-11,808", "Pretax Income": "-39,030", "Tax Provision": "20", "Net Income Common Stockholders": "-39,050", "Diluted NI Available to Com Stockholders": "-39,050", "Basic EPS": "-0.17", "Diluted EPS": "-0.17", "Basic Average Shares": "232,821", "Diluted Average Shares": "232,821", "Total Operating Income as Reported": "-27,393", "Total Expenses": "132,115", "Net Income from Continuing & Discontinued Operation": "-39,050", "Normalized Income": "-38,581", "Interest Expense": "1,434", "Net Interest Income": "-1,434", "EBIT": "-37,596", "EBITDA": "-", "Reconciled Cost of Revenue": "83,732", "Reconciled Depreciation": "7,514", "Net Income from Continuing Operation Net Minority Interest": "-39,050", "Total Unusual Items Excluding Goodwill": "-638", "Total Unusual Items": "-638", "Normalized EBITDA": "-29,444", "Tax Rate for Calcs": "0", "Tax Effect of Unusual Items": "-169.07"}, "12/31/2018": {"Duration": "12/31/2018", "Total Revenue": "96,586", "Cost of Revenue": "66,912", "Gross Profit": "29,674", "Operating Expense": "50,210", "Operating Income": "-20,536", "Net Non Operating Interest Income Expense": "-503", "Other Income Expense": "-5,914", "Pretax Income": "-26,953", "Tax Provision": "370", "Net Income Common Stockholders": "-27,323", "Diluted NI Available to Com Stockholders": "-27,323", "Basic EPS": "-0.15", "Diluted EPS": "-0.15", "Basic Average Shares": "185,837", "Diluted Average Shares": "185,837", "Total Operating Income as Reported": "-20,798", "Total Expenses": "117,122", "Net Income from Continuing & Discontinued Operation": "-27,323", "Normalized Income": "-23,870", "Interest Expense": "503", "Net Interest Income": "-503", "EBIT": "-26,450", "EBITDA": "-", "Reconciled Cost of Revenue": "66,912", "Reconciled Depreciation": "5,015", "Net Income from Continuing Operation Net Minority Interest": "-27,323", "Total Unusual Items Excluding Goodwill": "-4,698", "Total Unusual Items": "-4,698", "Normalized EBITDA": "-16,737", "Tax Rate for Calcs": "0", "Tax Effect of Unusual Items": "-1,245"}}, "bs": {"12/31/2020": {"Duration": "12/31/2020", "Total Assets": "975,599", "Total Liabilities Net Minority Interest": "74,712", "Total Equity Gross Minority Interest": "900,887", "Total Capitalization": "900,887", "Common Stock Equity": "900,887", "Capital Lease Obligations": "17,873", "Net Tangible Assets": "856,846", "Working Capital": "802,224", "Invested Capital": "900,887", "Tangible Book Value": "856,846", "Total Debt": "17,873", "Share Issued": "282,078", "Ordinary Shares Number": "282,078"}, "12/31/2019": {"Duration": "12/31/2019", "Total Assets": "340,319", "Total Liabilities Net Minority Interest": "90,056", "Total Equity Gross Minority Interest": "250,263", "Total Capitalization": "250,263", "Common Stock Equity": "250,263", "Capital Lease Obligations": "19,751", "Net Tangible Assets": "204,289", "Working Capital": "165,010", "Invested Capital": "250,263", "Tangible Book Value": "204,289", "Total Debt": "19,751", "Share Issued": "233,540", "Ordinary Shares Number": "233,540"}, "12/31/2018": {"Duration": "12/31/2018", "Total Assets": "346,100", "Total Liabilities Net Minority Interest": "63,500", "Total Equity Gross Minority Interest": "282,600", "Total Capitalization": "282,600", "Common Stock Equity": "282,600", "Capital Lease Obligations": "5,695", "Net Tangible Assets": "234,028", "Working Capital": "213,884", "Invested Capital": "282,600", "Tangible Book Value": "234,028", "Total Debt": "5,695", "Share Issued": "231,813", "Ordinary Shares Number": "231,813"}}, "cf": {"TTM": {"Duration": "TTM", "Operating Cash Flow": "-42,934", "Investing Cash Flow": "-36,393", "Financing Cash Flow": "696,529", "End Cash Position": "763,430", "Capital Expenditure": "-12,866", "Issuance of Capital Stock": "694,608", "Repayment of Debt": "-2,517", "Free Cash Flow": "-55,800"}, "12/31/2020": {"Duration": "12/31/2020", "Operating Cash Flow": "-42,934", "Investing Cash Flow": "-36,393", "Financing Cash Flow": "696,529", "End Cash Position": "763,430", "Capital Expenditure": "-12,866", "Issuance of Capital Stock": "694,608", "Repayment of Debt": "-2,517", "Free Cash Flow": "-55,800"}, "12/31/2019": {"Duration": "12/31/2019", "Operating Cash Flow": "-14,230", "Investing Cash Flow": "-32,746", "Financing Cash Flow": "2,571", "End Cash Position": "147,792", "Capital Expenditure": "-13,934", "Issuance of Capital Stock": "0", "Repayment of Debt": "-2,053", "Free Cash Flow": "-28,164"}, "12/31/2018": {"Duration": "12/31/2018", "Operating Cash Flow": "-31,688", "Investing Cash Flow": "-23,115", "Financing Cash Flow": "186,136", "End Cash Position": "192,235", "Capital Expenditure": "-9,854", "Issuance of Capital Stock": "183,672", "Repayment of Debt": "-598", "Free Cash Flow": "-41,542"}}}}, {"BDC": {"quote": {"03/28/2021": {"value": "43.84", "Market Cap": "1.958B", "Beta (5Y Monthly)": "1.56", "PE Ratio (TTM)": "N/A", "EPS (TTM)": "-1.23", "Earnings Date": "Apr 27, 2021 - May 03, 2021", "Forward Dividend & Yield": "0.20 (0.46%)", "Ex-Dividend Date": "Mar 11, 2021", "1y Target Est": "49.50"}}, "fin": {"TTM": {"Duration": "TTM", "Total Revenue": "1,862,716", "Cost of Revenue": "1,199,427", "Gross Profit": "663,289", "Operating Expense": "537,879", "Operating Income": "125,410", "Net Non Operating Interest Income Expense": "-58,888", "Other Income Expense": "-395", "Pretax Income": "66,127", "Tax Provision": "11,724", "Net Income Common Stockholders": "-55,162", "Diluted NI Available to Com Stockholders": "-55,162", "Basic EPS": "-", "Diluted EPS": "-", "Basic Average Shares": "-", "Diluted Average Shares": "-", "Total Operating Income as Reported": "125,410", "Total Expenses": "1,737,306", "Net Income from Continuing & Discontinued Operation": "-55,162", "Normalized Income": "54,299", "Interest Expense": "58,888", "Net Interest Income": "-58,888", "EBIT": "125,015", "EBITDA": "233,702", "Reconciled Cost of Revenue": "1,155,135", "Reconciled Depreciation": "108,687", "Net Income from Continuing Operation Net Minority Interest": "54,299", "Total Unusual Items Excluding Goodwill": "0", "Total Unusual Items": "0", "Normalized EBITDA": "233,702", "Tax Rate for Calcs": "0", "Tax Effect of Unusual Items": "0"}, "12/31/2020": {"Duration": "12/31/2020", "Total Revenue": "1,862,716", "Cost of Revenue": "1,199,427", "Gross Profit": "663,289", "Operating Expense": "537,879", "Operating Income": "125,410", "Net Non Operating Interest Income Expense": "-58,888", "Other Income Expense": "-395", "Pretax Income": "66,127", "Tax Provision": "11,724", "Net Income Common Stockholders": "-55,162", "Diluted NI Available to Com Stockholders": "-55,162", "Basic EPS": "-", "Diluted EPS": "-", "Basic Average Shares": "-", "Diluted Average Shares": "-", "Total Operating Income as Reported": "125,410", "Total Expenses": "1,737,306", "Net Income from Continuing & Discontinued Operation": "-55,162", "Normalized Income": "54,299", "Interest Expense": "58,888", "Net Interest Income": "-58,888", "EBIT": "125,015", "EBITDA": "-", "Reconciled Cost of Revenue": "1,155,135", "Reconciled Depreciation": "108,687", "Net Income from Continuing Operation Net Minority Interest": "54,299", "Total Unusual Items Excluding Goodwill": "0", "Total Unusual Items": "0", "Normalized EBITDA": "233,702", "Tax Rate for Calcs": "0", "Tax Effect of Unusual Items": "0"}, "12/31/2019": {"Duration": "12/31/2019", "Total Revenue": "2,131,278", "Cost of Revenue": "1,337,773", "Gross Profit": "793,505", "Operating Expense": "586,298", "Operating Income": "207,207", "Net Non Operating Interest Income Expense": "-55,814", "Other Income Expense": "1,017", "Pretax Income": "152,410", "Tax Provision": "42,519", "Net Income Common Stockholders": "-395,452", "Diluted NI Available to Com Stockholders": "-395,452", "Basic EPS": "-9.37", "Diluted EPS": "-9.37", "Basic Average Shares": "42,203", "Diluted Average Shares": "42,416", "Total Operating Income as Reported": "207,207", "Total Expenses": "1,924,071", "Net Income from Continuing & Discontinued Operation": "-377,015", "Normalized Income": "109,652", "Interest Expense": "55,814", "Net Interest Income": "-55,814", "EBIT": "208,224", "EBITDA": "-", "Reconciled Cost of Revenue": "1,273,123", "Reconciled Depreciation": "139,259", "Net Income from Continuing Operation Net Minority Interest": "109,652", "Total Unusual Items Excluding Goodwill": "0", "Total Unusual Items": "0", "Normalized EBITDA": "347,483", "Tax Rate for Calcs": "0", "Tax Effect of Unusual Items": "0"}, "12/31/2018": {"Duration": "12/31/2018", "Total Revenue": "2,585,368", "Cost of Revenue": "1,576,956", "Gross Profit": "1,008,412", "Operating Expense": "765,332", "Operating Income": "243,080", "Net Non Operating Interest Income Expense": "-61,559", "Other Income Expense": "38,809", "Pretax Income": "220,330", "Tax Provision": "59,619", "Net Income Common Stockholders": "125,963", "Diluted NI Available to Com Stockholders": "125,963", "Basic EPS": "3.10", "Diluted EPS": "3.08", "Basic Average Shares": "40,675", "Diluted Average Shares": "40,956", "Total Operating Income as Reported": "305,221", "Total Expenses": "2,342,288", "Net Income from Continuing & Discontinued Operation": "160,894", "Normalized Income": "132,353", "Interest Expense": "61,559", "Net Interest Income": "-61,559", "EBIT": "281,889", "EBITDA": "-", "Reconciled Cost of Revenue": "1,527,153", "Reconciled Depreciation": "148,632", "Net Income from Continuing Operation Net Minority Interest": "160,894", "Total Unusual Items Excluding Goodwill": "39,151", "Total Unusual Items": "39,151", "Normalized EBITDA": "391,370", "Tax Rate for Calcs": "0", "Tax Effect of Unusual Items": "10,610"}}, "bs": {"12/31/2020": {"Duration": "12/31/2020", "Total Assets": "3,139,734", "Total Liabilities Net Minority Interest": "2,382,683", "Total Equity Gross Minority Interest": "757,051", "Total Capitalization": "2,324,307", "Preferred Stock Equity": "-", "Common Stock Equity": "750,581", "Capital Lease Obligations": "61,238", "Net Tangible Assets": "-788,428", "Working Capital": "577,637", "Invested Capital": "2,324,307", "Tangible Book Value": "-788,428", "Total Debt": "1,634,964", "Net Debt": "1,071,732", "Share Issued": "50,335", "Ordinary Shares Number": "44,643", "Preferred Shares Number": "-", "Treasury Shares Number": "5,692"}, "12/31/2019": {"Duration": "12/31/2019", "Total Assets": "3,406,759", "Total Liabilities Net Minority Interest": "2,440,940", "Total Equity Gross Minority Interest": "965,819", "Total Capitalization": "2,399,331", "Preferred Stock Equity": "-", "Common Stock Equity": "959,847", "Capital Lease Obligations": "69,724", "Net Tangible Assets": "-623,327", "Working Capital": "655,210", "Invested Capital": "2,399,331", "Tangible Book Value": "-623,327", "Total Debt": "1,509,208", "Net Debt": "1,032,004", "Share Issued": "50,335", "Ordinary Shares Number": "45,458", "Preferred Shares Number": "-", "Treasury Shares Number": "4,877"}, "12/31/2018": {"Duration": "12/31/2018", "Total Assets": "3,779,321", "Total Liabilities Net Minority Interest": "2,391,733", "Total Equity Gross Minority Interest": "1,387,588", "Total Capitalization": "2,850,347", "Preferred Stock Equity": "1", "Common Stock Equity": "1,387,146", "Capital Lease Obligations": "-", "Net Tangible Assets": "-681,599", "Working Capital": "541,802", "Invested Capital": "2,850,346", "Tangible Book Value": "-681,600", "Total Debt": "1,463,200", "Net Debt": "1,042,590", "Share Issued": "50,335", "Ordinary Shares Number": "39,396", "Preferred Shares Number": "52", "Treasury Shares Number": "10,939"}}, "cf": {"TTM": {"Duration": "TTM", "Operating Cash Flow": "173,364", "Investing Cash Flow": "-31,643", "Financing Cash Flow": "-74,911", "End Cash Position": "501,994", "Capital Expenditure": "-90,215", "Issuance of Capital Stock": "-", "Issuance of Debt": "190,000", "Repayment of Debt": "-190,000", "Repurchase of Capital Stock": "-35,000", "Free Cash Flow": "83,149"}, "12/31/2020": {"Duration": "12/31/2020", "Operating Cash Flow": "173,364", "Investing Cash Flow": "-31,643", "Financing Cash Flow": "-74,911", "End Cash Position": "501,994", "Capital Expenditure": "-90,215", "Issuance of Capital Stock": "-", "Issuance of Debt": "190,000", "Repayment of Debt": "-190,000", "Repurchase of Capital Stock": "-35,000", "Free Cash Flow": "83,149"}, "12/31/2019": {"Duration": "12/31/2019", "Operating Cash Flow": "276,893", "Investing Cash Flow": "-184,369", "Financing Cash Flow": "-86,948", "End Cash Position": "425,885", "Capital Expenditure": "-110,002", "Issuance of Capital Stock": "-", "Issuance of Debt": "0", "Repayment of Debt": "0", "Repurchase of Capital Stock": "-50,000", "Free Cash Flow": "166,891"}, "12/31/2018": {"Duration": "12/31/2018", "Operating Cash Flow": "289,220", "Investing Cash Flow": "-140,676", "Financing Cash Flow": "-281,770", "End Cash Position": "420,610", "Capital Expenditure": "-97,847", "Issuance of Capital Stock": "0", "Issuance of Debt": "431,270", "Repayment of Debt": "-484,757", "Repurchase of Capital Stock": "-175,000", "Free Cash Flow": "191,373"}}}}, {"BNSO": {"quote": {"03/28/2021": {"value": "5.65", "Market Cap": "27.646M", "Beta (5Y Monthly)": "0.89", "PE Ratio (TTM)": "70.62", "EPS (TTM)": "0.08", "Earnings Date": "Mar 31, 2020", "Forward Dividend & Yield": "N/A (N/A)", "Ex-Dividend Date": "Sep 27, 2006", "1y Target Est": "0.00"}}, "fin": {"TTM": {"Duration": "TTM", "Total Revenue": "16,811", "Cost of Revenue": "5,296", "Gross Profit": "11,515", "Operating Expense": "9,620", "Operating Income": "1,895", "Net Non Operating Interest Income Expense": "-", "Other Income Expense": "-702", "Pretax Income": "1,187", "Tax Provision": "0", "Net Income Common Stockholders": "1,187", "Diluted NI Available to Com Stockholders": "1,187", "Basic EPS": "-", "Diluted EPS": "-", "Basic Average Shares": "-", "Diluted Average Shares": "-", "Total Operating Income as Reported": "1,895", "Total Expenses": "14,916", "Net Income from Continuing & Discontinued Operation": "1,187", "Normalized Income": "1,187", "Interest Income": "-", "Interest Expense": "-", "Net Interest Income": "-", "EBIT": "2,112", "EBITDA": "2,112", "Reconciled Cost of Revenue": "5,296", "Reconciled Depreciation": "-", "Net Income from Continuing Operation Net Minority Interest": "1,187", "Total Unusual Items Excluding Goodwill": "-", "Total Unusual Items": "-", "Normalized EBITDA": "2,112", "Tax Rate for Calcs": "0", "Tax Effect of Unusual Items": "0"}, "3/31/2020": {"Duration": "3/31/2020", "Total Revenue": "13,096", "Cost of Revenue": "5,690", "Gross Profit": "7,406", "Operating Expense": "7,044", "Operating Income": "362", "Net Non Operating Interest Income Expense": "-6", "Other Income Expense": "42", "Pretax Income": "398", "Tax Provision": "0", "Net Income Common Stockholders": "398", "Diluted NI Available to Com Stockholders": "398", "Basic EPS": "0.09", "Diluted EPS": "0.08", "Basic Average Shares": "4,647", "Diluted Average Shares": "4,817", "Total Operating Income as Reported": "362", "Total Expenses": "12,734", "Net Income from Continuing & Discontinued Operation": "398", "Normalized Income": "356", "Interest Income": "175", "Interest Expense": "181", "Net Interest Income": "-6", "EBIT": "579", "EBITDA": "-", "Reconciled Cost of Revenue": "5,690", "Reconciled Depreciation": "1,105", "Net Income from Continuing Operation Net Minority Interest": "398", "Total Unusual Items Excluding Goodwill": "42", "Total Unusual Items": "42", "Normalized EBITDA": "1,642", "Tax Rate for Calcs": "0", "Tax Effect of Unusual Items": "0"}, "3/31/2019": {"Duration": "3/31/2019", "Total Revenue": "9,992", "Cost of Revenue": "6,035", "Gross Profit": "3,957", "Operating Expense": "4,502", "Operating Income": "-545", "Net Non Operating Interest Income Expense": "98", "Other Income Expense": "-16", "Pretax Income": "-463", "Tax Provision": "0", "Net Income Common Stockholders": "-463", "Diluted NI Available to Com Stockholders": "-463", "Basic EPS": "-0.10", "Diluted EPS": "-0.10", "Basic Average Shares": "4,703", "Diluted Average Shares": "4,703", "Total Operating Income as Reported": "-540", "Total Expenses": "10,537", "Net Income from Continuing & Discontinued Operation": "-463", "Normalized Income": "-447", "Interest Income": "237", "Interest Expense": "139", "Net Interest Income": "98", "EBIT": "-324", "EBITDA": "-", "Reconciled Cost of Revenue": "6,035", "Reconciled Depreciation": "1,134", "Net Income from Continuing Operation Net Minority Interest": "-463", "Total Unusual Items Excluding Goodwill": "-16", "Total Unusual Items": "-16", "Normalized EBITDA": "826", "Tax Rate for Calcs": "0", "Tax Effect of Unusual Items": "0"}}, "bs": {"3/31/2020": {"Duration": "3/31/2020", "Total Assets": "24,201", "Total Liabilities Net Minority Interest": "9,437", "Total Equity Gross Minority Interest": "14,764", "Total Capitalization": "17,202", "Common Stock Equity": "14,764", "Capital Lease Obligations": "305", "Net Tangible Assets": "12,834", "Working Capital": "5,712", "Invested Capital": "19,139", "Tangible Book Value": "12,834", "Total Debt": "4,680", "Share Issued": "5,828", "Ordinary Shares Number": "4,906", "Treasury Shares Number": "921.739"}, "3/31/2019": {"Duration": "3/31/2019", "Total Assets": "22,486", "Total Liabilities Net Minority Interest": "7,337", "Total Equity Gross Minority Interest": "15,149", "Total Capitalization": "17,634", "Common Stock Equity": "15,149", "Capital Lease Obligations": "33", "Net Tangible Assets": "12,811", "Working Capital": "6,249", "Invested Capital": "18,079", "Tangible Book Value": "12,811", "Total Debt": "2,963", "Share Issued": "5,544", "Ordinary Shares Number": "4,671", "Treasury Shares Number": "872.866"}}, "cf": {"TTM": {"Duration": "TTM", "Operating Cash Flow": "-", "Investing Cash Flow": "-", "Financing Cash Flow": "-", "End Cash Position": "-", "Income Tax Paid Supplemental Data": "-", "Interest Paid Supplemental Data": "-", "Capital Expenditure": "-", "Issuance of Debt": "-", "Repayment of Debt": "-", "Repurchase of Capital Stock": "-", "Free Cash Flow": "-"}, "3/31/2020": {"Duration": "3/31/2020", "Operating Cash Flow": "1,158", "Investing Cash Flow": "-630", "Financing Cash Flow": "1,667", "End Cash Position": "9,111", "Income Tax Paid Supplemental Data": "0", "Interest Paid Supplemental Data": "64", "Capital Expenditure": "-260", "Issuance of Debt": "1,783", "Repayment of Debt": "-320", "Repurchase of Capital Stock": "-119", "Free Cash Flow": "898"}, "3/31/2019": {"Duration": "3/31/2019", "Operating Cash Flow": "15", "Investing Cash Flow": "-575", "Financing Cash Flow": "-113", "End Cash Position": "7,527", "Income Tax Paid Supplemental Data": "0", "Interest Paid Supplemental Data": "23", "Capital Expenditure": "-578", "Issuance of Debt": "878", "Repayment of Debt": "-627", "Repurchase of Capital Stock": "-364", "Free Cash Flow": "-563"}}}}, {"BW": {"quote": {"03/28/2021": {"value": "7.89", "Market Cap": "675.104M", "Beta (5Y Monthly)": "2.76", "PE Ratio (TTM)": "N/A", "EPS (TTM)": "-0.21", "Earnings Date": "May 12, 2021 - May 17, 2021", "Forward Dividend & Yield": "N/A (N/A)", "Ex-Dividend Date": "N/A", "1y Target Est": "7.58"}}, "fin": {"TTM": {"Duration": "TTM", "Total Revenue": "585,963", "Cost of Revenue": "417,237", "Gross Profit": "168,726", "Operating Expense": "160,215", "Operating Income": "8,511", "Net Non Operating Interest Income Expense": "-51,199", "Other Income Expense": "60,415", "Pretax Income": "17,827", "Tax Provision": "11,789", "Net Income Common Stockholders": "5,708", "Diluted NI Available to Com Stockholders": "5,708", "Basic EPS": "-", "Diluted EPS": "-", "Basic Average Shares": "-", "Diluted Average Shares": "-", "Total Operating Income as Reported": "2,061", "Total Expenses": "577,452", "Net Income from Continuing & Discontinued Operation": "5,708", "Normalized Income": "-26,863", "Interest Income": "706", "Interest Expense": "46,127", "Net Interest Income": "-51,199", "EBIT": "63,954", "EBITDA": "63,954", "Reconciled Cost of Revenue": "417,237", "Reconciled Depreciation": "-", "Net Income from Continuing Operation Net Minority Interest": "5,821", "Total Unusual Items Excluding Goodwill": "54,473", "Total Unusual Items": "54,473", "Normalized EBITDA": "9,481", "Tax Rate for Calcs": "0", "Tax Effect of Unusual Items": "21,789"}, "12/31/2020": {"Duration": "12/31/2020", "Total Revenue": "566,317", "Cost of Revenue": "400,465", "Gross Profit": "165,852", "Operating Expense": "159,003", "Operating Income": "6,849", "Net Non Operating Interest Income Expense": "-59,150", "Other Income Expense": "48,383", "Pretax Income": "-3,918", "Tax Provision": "8,179", "Net Income Common Stockholders": "-10,318", "Diluted NI Available to Com Stockholders": "-10,318", "Basic EPS": "-", "Diluted EPS": "-", "Basic Average Shares": "-", "Diluted Average Shares": "-", "Total Operating Income as Reported": "-1,737", "Total Expenses": "559,468", "Net Income from Continuing & Discontinued Operation": "-10,318", "Normalized Income": "-44,173", "Interest Income": "646", "Interest Expense": "43,325", "Net Interest Income": "-59,150", "EBIT": "39,407", "EBITDA": "-", "Reconciled Cost of Revenue": "400,465", "Reconciled Depreciation": "16,805", "Net Income from Continuing Operation Net Minority Interest": "-12,118", "Total Unusual Items Excluding Goodwill": "43,911", "Total Unusual Items": "43,911", "Normalized EBITDA": "12,301", "Tax Rate for Calcs": "0", "Tax Effect of Unusual Items": "11,856"}, "12/31/2019": {"Duration": "12/31/2019", "Total Revenue": "859,111", "Cost of Revenue": "698,853", "Gross Profit": "160,258", "Operating Expense": "181,873", "Operating Income": "-21,615", "Net Non Operating Interest Income Expense": "-93,978", "Other Income Expense": "-8,854", "Pretax Income": "-124,447", "Tax Provision": "5,286", "Net Income Common Stockholders": "-121,974", "Diluted NI Available to Com Stockholders": "-121,974", "Basic EPS": "-3.87", "Diluted EPS": "-3.87", "Basic Average Shares": "31,500", "Diluted Average Shares": "31,500", "Total Operating Income as Reported": "-29,382", "Total Expenses": "880,726", "Net Income from Continuing & Discontinued Operation": "-121,974", "Normalized Income": "-99,353", "Interest Income": "923", "Interest Expense": "44,391", "Net Interest Income": "-93,978", "EBIT": "-80,056", "EBITDA": "-", "Reconciled Cost of Revenue": "698,853", "Reconciled Depreciation": "23,605", "Net Income from Continuing Operation Net Minority Interest": "-122,668", "Total Unusual Items Excluding Goodwill": "-31,939", "Total Unusual Items": "-31,939", "Normalized EBITDA": "-24,512", "Tax Rate for Calcs": "0", "Tax Effect of Unusual Items": "-8,624"}, "12/31/2018": {"Duration": "12/31/2018", "Total Revenue": "1,062,388", "Cost of Revenue": "1,192,032", "Gross Profit": "-129,644", "Operating Expense": "227,111", "Operating Income": "-356,755", "Net Non Operating Interest Income Expense": "-49,369", "Other Income Expense": "-149,677", "Pretax Income": "-555,801", "Tax Provision": "102,224", "Net Income Common Stockholders": "-725,292", "Diluted NI Available to Com Stockholders": "-725,292", "Basic EPS": "-57.00", "Diluted EPS": "-57.00", "Basic Average Shares": "12,716", "Diluted Average Shares": "12,716", "Total Operating Income as Reported": "-426,600", "Total Expenses": "1,419,143", "Net Income from Continuing & Discontinued Operation": "-725,292", "Normalized Income": "-588,227", "Interest Income": "244", "Interest Expense": "26,670", "Net Interest Income": "-49,369", "EBIT": "-529,131", "EBITDA": "-", "Reconciled Cost of Revenue": "1,192,032", "Reconciled Depreciation": "32,003", "Net Income from Continuing Operation Net Minority Interest": "-658,460", "Total Unusual Items Excluding Goodwill": "-96,210", "Total Unusual Items": "-96,210", "Normalized EBITDA": "-400,918", "Tax Rate for Calcs": "0", "Tax Effect of Unusual Items": "-25,977"}}, "bs": {"12/31/2020": {"Duration": "12/31/2020", "Total Assets": "591,792", "Total Liabilities Net Minority Interest": "930,054", "Total Equity Gross Minority Interest": "-338,262", "Total Capitalization": "8,264", "Common Stock Equity": "-339,366", "Capital Lease Obligations": "40,716", "Net Tangible Assets": "-410,637", "Working Capital": "117,968", "Invested Capital": "8,264", "Tangible Book Value": "-410,637", "Total Debt": "388,346", "Net Debt": "290,292", "Share Issued": "55,170", "Ordinary Shares Number": "54,452", "Treasury Shares Number": "718"}, "12/31/2019": {"Duration": "12/31/2019", "Total Assets": "626,519", "Total Liabilities Net Minority Interest": "921,458", "Total Equity Gross Minority Interest": "-294,939", "Total Capitalization": "-296,356", "Common Stock Equity": "-296,356", "Capital Lease Obligations": "43,165", "Net Tangible Assets": "-368,816", "Working Capital": "-190,274", "Invested Capital": "-13,403", "Tangible Book Value": "-368,816", "Total Debt": "326,118", "Net Debt": "239,181", "Share Issued": "46,374", "Ordinary Shares Number": "45,758", "Treasury Shares Number": "616"}, "12/31/2018": {"Duration": "12/31/2018", "Total Assets": "745,497", "Total Liabilities Net Minority Interest": "1,022,794", "Total Equity Gross Minority Interest": "-277,297", "Total Capitalization": "-286,126", "Common Stock Equity": "-286,126", "Capital Lease Obligations": "-", "Net Tangible Assets": "-364,027", "Working Capital": "-162,370", "Invested Capital": "-109,971", "Tangible Book Value": "-364,027", "Total Debt": "176,155", "Net Debt": "132,941", "Share Issued": "17,466", "Ordinary Shares Number": "16,879", "Treasury Shares Number": "587.2"}}, "cf": {"TTM": {"Duration": "TTM", "Operating Cash Flow": "-", "Investing Cash Flow": "-", "Financing Cash Flow": "-", "Cash Flow from Discontinued Operation": "-", "End Cash Position": "-", "Capital Expenditure": "-", "Issuance of Capital Stock": "-", "Issuance of Debt": "-", "Repayment of Debt": "-", "Repurchase of Capital Stock": "-", "Free Cash Flow": "-"}, "12/31/2020": {"Duration": "12/31/2020", "Operating Cash Flow": "-40,806", "Investing Cash Flow": "2,219", "Financing Cash Flow": "44,098", "Cash Flow from Discontinued Operation": "-", "End Cash Position": "67,423", "Capital Expenditure": "-8,230", "Issuance of Capital Stock": "0", "Issuance of Debt": "228,900", "Repayment of Debt": "-173,600", "Repurchase of Capital Stock": "-283", "Free Cash Flow": "-49,036"}, "12/31/2019": {"Duration": "12/31/2019", "Operating Cash Flow": "-176,317", "Investing Cash Flow": "8,779", "Financing Cash Flow": "167,018", "Cash Flow from Discontinued Operation": "0", "End Cash Position": "56,941", "Capital Expenditure": "-3,804", "Issuance of Capital Stock": "1,392", "Issuance of Debt": "442,950", "Repayment of Debt": "-299,871", "Repurchase of Capital Stock": "-117", "Free Cash Flow": "-180,121"}, "12/31/2018": {"Duration": "12/31/2018", "Operating Cash Flow": "-281,885", "Investing Cash Flow": "179,225", "Financing Cash Flow": "82,612", "Cash Flow from Discontinued Operation": "12,950", "End Cash Position": "60,279", "Capital Expenditure": "-5,473", "Issuance of Capital Stock": "1,243", "Issuance of Debt": "595,200", "Repayment of Debt": "-734,512", "Repurchase of Capital Stock": "-805", "Free Cash Flow": "-287,358"}}}}, {"EMR": {"quote": {"03/28/2021": {"value": "91.57", "Market Cap": "54.945B", "Beta (5Y Monthly)": "1.58", "PE Ratio (TTM)": "26.50", "EPS (TTM)": "3.45", "Earnings Date": "Apr 19, 2021 - Apr 23, 2021", "Forward Dividend & Yield": "2.02 (2.21%)", "Ex-Dividend Date": "Feb 11, 2021", "1y Target Est": "95.95"}}, "fin": {"TTM": {"Duration": "TTM", "Total Revenue": "16,795,000", "Cost of Revenue": "9,822,000", "Gross Profit": "6,973,000", "Operating Expense": "4,119,000", "Operating Income": "2,854,000", "Net Non Operating Interest Income Expense": "-161,000", "Other Income Expense": "-218,000", "Pretax Income": "2,475,000", "Tax Provision": "362,000", "Net Income Common Stockholders": "2,084,000", "Diluted NI Available to Com Stockholders": "2,084,000", "Basic EPS": "-", "Diluted EPS": "-", "Basic Average Shares": "-", "Diluted Average Shares": "-", "Total Expenses": "13,941,000", "Net Income from Continuing & Discontinued Operation": "2,084,000", "Normalized Income": "2,299,996", "Interest Income": "15,000", "Interest Expense": "176,000", "Net Interest Income": "-161,000", "EBIT": "2,651,000", "EBITDA": "3,538,000", "Reconciled Cost of Revenue": "9,193,000", "Reconciled Depreciation": "887,000", "Net Income from Continuing Operation Net Minority Interest": "2,084,000", "Total Unusual Items Excluding Goodwill": "-253,000", "Total Unusual Items": "-253,000", "Normalized EBITDA": "3,791,000", "Tax Rate for Calcs": "0", "Tax Effect of Unusual Items": "-37,004"}, "9/30/2020": {"Duration": "9/30/2020", "Total Revenue": "16,785,000", "Cost of Revenue": "9,776,000", "Gross Profit": "7,009,000", "Operating Expense": "4,238,000", "Operating Income": "2,771,000", "Net Non Operating Interest Income Expense": "-156,000", "Other Income Expense": "-280,000", "Pretax Income": "2,335,000", "Tax Provision": "345,000", "Net Income Common Stockholders": "1,965,000", "Diluted NI Available to Com Stockholders": "1,965,000", "Basic EPS": "3.29", "Diluted EPS": "3.24", "Basic Average Shares": "598,000", "Diluted Average Shares": "606,600", "Total Expenses": "14,014,000", "Net Income from Continuing & Discontinued Operation": "1,965,000", "Normalized Income": "2,206,968", "Interest Income": "19,000", "Interest Expense": "175,000", "Net Interest Income": "-156,000", "EBIT": "2,510,000", "EBITDA": "-", "Reconciled Cost of Revenue": "9,161,000", "Reconciled Depreciation": "854,000", "Net Income from Continuing Operation Net Minority Interest": "1,965,000", "Total Unusual Items Excluding Goodwill": "-284,000", "Total Unusual Items": "-284,000", "Normalized EBITDA": "3,648,000", "Tax Rate for Calcs": "0", "Tax Effect of Unusual Items": "-42,032"}, "9/30/2019": {"Duration": "9/30/2019", "Total Revenue": "18,372,000", "Cost of Revenue": "10,557,000", "Gross Profit": "7,815,000", "Operating Expense": "4,695,000", "Operating Income": "3,120,000", "Net Non Operating Interest Income Expense": "-174,000", "Other Income Expense": "-87,000", "Pretax Income": "2,859,000", "Tax Provision": "531,000", "Net Income Common Stockholders": "2,306,000", "Diluted NI Available to Com Stockholders": "2,306,000", "Basic EPS": "3.77", "Diluted EPS": "3.71", "Basic Average Shares": "611,000", "Diluted Average Shares": "620,600", "Total Expenses": "15,252,000", "Net Income from Continuing & Discontinued Operation": "2,306,000", "Normalized Income": "2,383,330", "Interest Income": "27,000", "Interest Expense": "201,000", "Net Interest Income": "-174,000", "EBIT": "3,060,000", "EBITDA": "-", "Reconciled Cost of Revenue": "9,973,000", "Reconciled Depreciation": "822,000", "Net Income from Continuing Operation Net Minority Interest": "2,306,000", "Total Unusual Items Excluding Goodwill": "-95,000", "Total Unusual Items": "-95,000", "Normalized EBITDA": "3,977,000", "Tax Rate for Calcs": "0", "Tax Effect of Unusual Items": "-17,670"}, "9/30/2018": {"Duration": "9/30/2018", "Total Revenue": "17,408,000", "Cost of Revenue": "9,948,000", "Gross Profit": "7,460,000", "Operating Expense": "4,469,000", "Operating Income": "2,991,000", "Net Non Operating Interest Income Expense": "-159,000", "Other Income Expense": "-165,000", "Pretax Income": "2,667,000", "Tax Provision": "443,000", "Net Income Common Stockholders": "2,203,000", "Diluted NI Available to Com Stockholders": "2,203,000", "Basic EPS": "3.50", "Diluted EPS": "3.46", "Basic Average Shares": "629,200", "Diluted Average Shares": "635,300", "Total Expenses": "14,417,000", "Net Income from Continuing & Discontinued Operation": "2,203,000", "Normalized Income": "2,257,210", "Interest Income": "43,000", "Interest Expense": "202,000", "Net Interest Income": "-159,000", "EBIT": "2,869,000", "EBITDA": "-", "Reconciled Cost of Revenue": "9,401,000", "Reconciled Depreciation": "758,000", "Net Income from Continuing Operation Net Minority Interest": "2,203,000", "Total Unusual Items Excluding Goodwill": "-65,000", "Total Unusual Items": "-65,000", "Normalized EBITDA": "3,692,000", "Tax Rate for Calcs": "0", "Tax Effect of Unusual Items": "-10,790"}}, "bs": {"9/30/2020": {"Duration": "9/30/2020", "Total Assets": "22,882,000", "Total Liabilities Net Minority Interest": "14,435,000", "Total Equity Gross Minority Interest": "8,447,000", "Total Capitalization": "14,731,000", "Common Stock Equity": "8,405,000", "Capital Lease Obligations": "373,000", "Net Tangible Assets": "-797,000", "Working Capital": "3,021,000", "Invested Capital": "15,891,000", "Tangible Book Value": "-797,000", "Total Debt": "7,859,000", "Net Debt": "4,171,000", "Share Issued": "953,400", "Ordinary Shares Number": "598,000", "Treasury Shares Number": "355,400"}, "9/30/2019": {"Duration": "9/30/2019", "Total Assets": "20,497,000", "Total Liabilities Net Minority Interest": "12,224,000", "Total Equity Gross Minority Interest": "8,273,000", "Total Capitalization": "12,510,000", "Common Stock Equity": "8,233,000", "Capital Lease Obligations": "-", "Net Tangible Assets": "-918,000", "Working Capital": "1,163,000", "Invested Capital": "13,954,000", "Tangible Book Value": "-918,000", "Total Debt": "5,721,000", "Net Debt": "4,227,000", "Share Issued": "953,400", "Ordinary Shares Number": "611,000", "Treasury Shares Number": "342,400"}, "9/30/2018": {"Duration": "9/30/2018", "Total Assets": "20,390,000", "Total Liabilities Net Minority Interest": "11,400,000", "Total Equity Gross Minority Interest": "8,990,000", "Total Capitalization": "12,084,000", "Common Stock Equity": "8,947,000", "Capital Lease Obligations": "-", "Net Tangible Assets": "-259,000", "Working Capital": "455,000", "Invested Capital": "13,707,000", "Tangible Book Value": "-259,000", "Total Debt": "4,760,000", "Net Debt": "3,667,000", "Share Issued": "953,400", "Ordinary Shares Number": "629,200", "Treasury Shares Number": "324,200"}}, "cf": {"TTM": {"Duration": "TTM", "Operating Cash Flow": "3,467,000", "Investing Cash Flow": "-2,329,000", "Financing Cash Flow": "-582,000", "End Cash Position": "2,191,000", "Capital Expenditure": "-546,000", "Issuance of Debt": "2,862,000", "Repayment of Debt": "-1,435,000", "Repurchase of Capital Stock": "-826,000", "Free Cash Flow": "2,921,000"}, "9/30/2020": {"Duration": "9/30/2020", "Operating Cash Flow": "3,083,000", "Investing Cash Flow": "-740,000", "Financing Cash Flow": "-509,000", "End Cash Position": "3,315,000", "Capital Expenditure": "-538,000", "Issuance of Debt": "3,276,000", "Repayment of Debt": "-1,636,000", "Repurchase of Capital Stock": "-942,000", "Free Cash Flow": "2,545,000"}, "9/30/2019": {"Duration": "9/30/2019", "Operating Cash Flow": "3,006,000", "Investing Cash Flow": "-1,174,000", "Financing Cash Flow": "-1,391,000", "End Cash Position": "1,494,000", "Capital Expenditure": "-594,000", "Issuance of Debt": "1,691,000", "Repayment of Debt": "-662,000", "Repurchase of Capital Stock": "-1,250,000", "Free Cash Flow": "2,412,000"}, "9/30/2018": {"Duration": "9/30/2018", "Operating Cash Flow": "2,892,000", "Investing Cash Flow": "-2,720,000", "Financing Cash Flow": "-2,092,000", "End Cash Position": "1,093,000", "Capital Expenditure": "-617,000", "Issuance of Debt": "343,000", "Repayment of Debt": "-241,000", "Repurchase of Capital Stock": "-1,000,000", "Free Cash Flow": "2,275,000"}}}}, {"CPST": {"quote": {"03/28/2021": {"value": "7.82", "Market Cap": "99.008M", "Beta (5Y Monthly)": "2.80", "PE Ratio (TTM)": "N/A", "EPS (TTM)": "-1.95", "Earnings Date": "Feb 09, 2021", "Forward Dividend & Yield": "N/A (N/A)", "Ex-Dividend Date": "N/A", "1y Target Est": "15.00"}}, "fin": {"TTM": {"Duration": "TTM", "Total Revenue": "61,334", "Cost of Revenue": "51,470", "Gross Profit": "9,864", "Operating Expense": "20,971", "Operating Income": "-11,107", "Net Non Operating Interest Income Expense": "-5,149", "Other Income Expense": "-4,310", "Pretax Income": "-20,566", "Tax Provision": "14", "Net Income Common Stockholders": "-20,607", "Diluted NI Available to Com Stockholders": "-20,607", "Basic EPS": "-", "Diluted EPS": "-", "Basic Average Shares": "-", "Diluted Average Shares": "-", "Total Operating Income as Reported": "-11,107", "Total Expenses": "72,441", "Net Income from Continuing & Discontinued Operation": "-20,580", "Normalized Income": "-17,454", "Interest Income": "31", "Interest Expense": "5,180", "Net Interest Income": "-5,149", "EBIT": "-15,386", "EBITDA": "-13,541", "Reconciled Cost of Revenue": "51,470", "Reconciled Depreciation": "1,845", "Net Income from Continuing Operation Net Minority Interest": "-20,580", "Total Unusual Items Excluding Goodwill": "-4,282", "Total Unusual Items": "-4,282", "Normalized EBITDA": "-9,259", "Tax Rate for Calcs": "0", "Tax Effect of Unusual Items": "-1,156"}, "3/31/2020": {"Duration": "3/31/2020", "Total Revenue": "68,926", "Cost of Revenue": "59,895", "Gross Profit": "9,031", "Operating Expense": "25,860", "Operating Income": "-16,829", "Net Non Operating Interest Income Expense": "-5,190", "Other Income Expense": "133", "Pretax Income": "-21,886", "Tax Provision": "12", "Net Income Common Stockholders": "-21,985", "Diluted NI Available to Com Stockholders": "-21,985", "Basic EPS": "-2.70", "Diluted EPS": "-2.70", "Basic Average Shares": "8,150", "Diluted Average Shares": "8,150", "Total Operating Income as Reported": "-16,829", "Total Expenses": "85,755", "Net Income from Continuing & Discontinued Operation": "-21,898", "Normalized Income": "-21,898", "Interest Income": "8", "Interest Expense": "5,198", "Net Interest Income": "-5,190", "EBIT": "-16,688", "EBITDA": "-", "Reconciled Cost of Revenue": "59,895", "Reconciled Depreciation": "2,486", "Net Income from Continuing Operation Net Minority Interest": "-21,898", "Total Unusual Items Excluding Goodwill": "-", "Total Unusual Items": "-", "Normalized EBITDA": "-14,202", "Tax Rate for Calcs": "0", "Tax Effect of Unusual Items": "0"}, "3/31/2019": {"Duration": "3/31/2019", "Total Revenue": "83,412", "Cost of Revenue": "73,960", "Gross Profit": "9,452", "Operating Expense": "24,558", "Operating Income": "-15,106", "Net Non Operating Interest Income Expense": "-1,502", "Other Income Expense": "-43", "Pretax Income": "-16,651", "Tax Provision": "8", "Net Income Common Stockholders": "-16,659", "Diluted NI Available to Com Stockholders": "-16,659", "Basic EPS": "-2.50", "Diluted EPS": "-2.50", "Basic Average Shares": "6,699", "Diluted Average Shares": "6,699", "Total Operating Income as Reported": "-15,106", "Total Expenses": "98,518", "Net Income from Continuing & Discontinued Operation": "-16,659", "Normalized Income": "-16,659", "Interest Income": "0", "Interest Expense": "1,502", "Net Interest Income": "-1,502", "EBIT": "-15,149", "EBITDA": "-", "Reconciled Cost of Revenue": "73,960", "Reconciled Depreciation": "1,261", "Net Income from Continuing Operation Net Minority Interest": "-16,659", "Total Unusual Items Excluding Goodwill": "-", "Total Unusual Items": "-", "Normalized EBITDA": "-13,888", "Tax Rate for Calcs": "0", "Tax Effect of Unusual Items": "0"}}, "bs": {"3/31/2020": {"Duration": "3/31/2020", "Total Assets": "73,955", "Total Liabilities Net Minority Interest": "60,934", "Total Equity Gross Minority Interest": "13,021", "Total Capitalization": "46,058", "Common Stock Equity": "13,021", "Net Tangible Assets": "13,021", "Working Capital": "29,802", "Invested Capital": "46,535", "Tangible Book Value": "13,021", "Total Debt": "33,514", "Net Debt": "18,446", "Share Issued": "10,286", "Ordinary Shares Number": "10,229", "Treasury Shares Number": "57.577"}, "3/31/2019": {"Duration": "3/31/2019", "Total Assets": "79,963", "Total Liabilities Net Minority Interest": "56,809", "Total Equity Gross Minority Interest": "23,154", "Total Capitalization": "50,465", "Common Stock Equity": "23,154", "Net Tangible Assets": "22,967", "Working Capital": "42,023", "Invested Capital": "50,496", "Tangible Book Value": "22,967", "Total Debt": "27,342", "Net Debt": "-", "Share Issued": "7,217", "Ordinary Shares Number": "7,191", "Treasury Shares Number": "26.239"}}, "cf": {"TTM": {"Duration": "TTM", "Operating Cash Flow": "-7,344", "Investing Cash Flow": "-1,576", "Financing Cash Flow": "24,160", "End Cash Position": "31,970", "Income Tax Paid Supplemental Data": "16", "Interest Paid Supplemental Data": "4,016", "Capital Expenditure": "-1,576", "Issuance of Capital Stock": "4,101", "Issuance of Debt": "20,833", "Repayment of Debt": "-675", "Free Cash Flow": "-8,920"}, "3/31/2020": {"Duration": "3/31/2020", "Operating Cash Flow": "-19,698", "Investing Cash Flow": "-4,207", "Financing Cash Flow": "9,246", "End Cash Position": "15,068", "Income Tax Paid Supplemental Data": "17", "Interest Paid Supplemental Data": "3,603", "Capital Expenditure": "-4,207", "Issuance of Capital Stock": "9,959", "Issuance of Debt": "0", "Repayment of Debt": "-613", "Free Cash Flow": "-23,905"}, "3/31/2019": {"Duration": "3/31/2019", "Operating Cash Flow": "-17,703", "Investing Cash Flow": "-3,360", "Financing Cash Flow": "31,382", "End Cash Position": "29,727", "Income Tax Paid Supplemental Data": "6", "Interest Paid Supplemental Data": "453", "Capital Expenditure": "-3,360", "Issuance of Capital Stock": "11,098", "Issuance of Debt": "29,262", "Repayment of Debt": "-337", "Free Cash Flow": "-21,063"}}}}, {"FELE": {"quote": {"03/28/2021": {"value": "79.66", "Market Cap": "3.691B", "Beta (5Y Monthly)": "1.03", "PE Ratio (TTM)": "37.22", "EPS (TTM)": "2.14", "Earnings Date": "Apr 26, 2021 - Apr 30, 2021", "Forward Dividend & Yield": "0.70 (0.88%)", "Ex-Dividend Date": "Feb 03, 2021", "1y Target Est": "84.00"}}, "fin": {"TTM": {"Duration": "TTM", "Total Revenue": "1,247,331", "Cost of Revenue": "814,192", "Gross Profit": "433,139", "Operating Expense": "300,122", "Operating Income": "133,017", "Net Non Operating Interest Income Expense": "-4,627", "Other Income Expense": "-4,693", "Pretax Income": "123,697", "Tax Provision": "22,540", "Net Income Common Stockholders": "100,460", "Diluted NI Available to Com Stockholders": "100,460", "Basic EPS": "-", "Diluted EPS": "-", "Basic Average Shares": "-", "Diluted Average Shares": "-", "Total Operating Income as Reported": "130,511", "Total Expenses": "1,114,314", "Net Income from Continuing & Discontinued Operation": "100,460", "Normalized Income": "103,649", "Interest Expense": "4,627", "Net Interest Income": "-4,627", "EBIT": "128,324", "EBITDA": "164,812", "Reconciled Cost of Revenue": "814,192", "Reconciled Depreciation": "36,488", "Net Income from Continuing Operation Net Minority Interest": "100,460", "Total Unusual Items Excluding Goodwill": "-3,898", "Total Unusual Items": "-3,898", "Normalized EBITDA": "168,710", "Tax Rate for Calcs": "0", "Tax Effect of Unusual Items": "-709.436"}, "12/31/2020": {"Duration": "12/31/2020", "Total Revenue": "1,247,331", "Cost of Revenue": "814,192", "Gross Profit": "433,139", "Operating Expense": "300,122", "Operating Income": "133,017", "Net Non Operating Interest Income Expense": "-4,627", "Other Income Expense": "-4,693", "Pretax Income": "123,697", "Tax Provision": "22,540", "Net Income Common Stockholders": "100,460", "Diluted NI Available to Com Stockholders": "100,460", "Basic EPS": "-", "Diluted EPS": "-", "Basic Average Shares": "-", "Diluted Average Shares": "-", "Total Operating Income as Reported": "130,511", "Total Expenses": "1,114,314", "Net Income from Continuing & Discontinued Operation": "100,460", "Normalized Income": "103,649", "Interest Expense": "4,627", "Net Interest Income": "-4,627", "EBIT": "128,324", "EBITDA": "-", "Reconciled Cost of Revenue": "814,192", "Reconciled Depreciation": "36,488", "Net Income from Continuing Operation Net Minority Interest": "100,460", "Total Unusual Items Excluding Goodwill": "-3,898", "Total Unusual Items": "-3,898", "Normalized EBITDA": "168,710", "Tax Rate for Calcs": "0", "Tax Effect of Unusual Items": "-709.436"}, "12/31/2019": {"Duration": "12/31/2019", "Total Revenue": "1,314,578", "Cost of Revenue": "886,475", "Gross Profit": "428,103", "Operating Expense": "298,451", "Operating Income": "129,652", "Net Non Operating Interest Income Expense": "-8,245", "Other Income Expense": "-4,572", "Pretax Income": "116,835", "Tax Provision": "20,836", "Net Income Common Stockholders": "95,483", "Diluted NI Available to Com Stockholders": "95,483", "Basic EPS": "2.04", "Diluted EPS": "2.03", "Basic Average Shares": "46,805", "Diluted Average Shares": "46,805", "Total Operating Income as Reported": "127,133", "Total Expenses": "1,184,926", "Net Income from Continuing & Discontinued Operation": "95,483", "Normalized Income": "98,903", "Interest Expense": "8,245", "Net Interest Income": "-8,245", "EBIT": "125,080", "EBITDA": "-", "Reconciled Cost of Revenue": "886,475", "Reconciled Depreciation": "36,977", "Net Income from Continuing Operation Net Minority Interest": "95,483", "Total Unusual Items Excluding Goodwill": "-4,160", "Total Unusual Items": "-4,160", "Normalized EBITDA": "166,217", "Tax Rate for Calcs": "0", "Tax Effect of Unusual Items": "-740.48"}, "12/31/2018": {"Duration": "12/31/2018", "Total Revenue": "1,298,129", "Cost of Revenue": "865,763", "Gross Profit": "432,366", "Operating Expense": "298,706", "Operating Income": "133,660", "Net Non Operating Interest Income Expense": "-9,839", "Other Income Expense": "-3,414", "Pretax Income": "120,407", "Tax Provision": "14,890", "Net Income Common Stockholders": "105,100", "Diluted NI Available to Com Stockholders": "105,100", "Basic EPS": "2.25", "Diluted EPS": "2.23", "Basic Average Shares": "47,056", "Diluted Average Shares": "47,056", "Total Operating Income as Reported": "131,994", "Total Expenses": "1,164,469", "Net Income from Continuing & Discontinued Operation": "105,877", "Normalized Income": "107,955", "Interest Expense": "9,839", "Net Interest Income": "-9,839", "EBIT": "130,246", "EBITDA": "-", "Reconciled Cost of Revenue": "865,763", "Reconciled Depreciation": "38,604", "Net Income from Continuing Operation Net Minority Interest": "105,877", "Total Unusual Items Excluding Goodwill": "-2,372", "Total Unusual Items": "-2,372", "Normalized EBITDA": "171,222", "Tax Rate for Calcs": "0", "Tax Effect of Unusual Items": "-294.128"}}, "bs": {"12/31/2020": {"Duration": "12/31/2020", "Total Assets": "1,272,307", "Total Liabilities Net Minority Interest": "422,358", "Total Equity Gross Minority Interest": "849,949", "Total Capitalization": "939,799", "Common Stock Equity": "847,833", "Capital Lease Obligations": "31,956", "Net Tangible Assets": "447,296", "Working Capital": "415,550", "Invested Capital": "942,350", "Tangible Book Value": "447,296", "Total Debt": "126,473", "Net Debt": "-", "Share Issued": "46,222", "Ordinary Shares Number": "46,222"}, "12/31/2019": {"Duration": "12/31/2019", "Total Assets": "1,194,743", "Total Liabilities Net Minority Interest": "396,074", "Total Equity Gross Minority Interest": "798,669", "Total Capitalization": "889,686", "Common Stock Equity": "796,545", "Capital Lease Obligations": "27,623", "Net Tangible Assets": "409,386", "Working Capital": "381,680", "Invested Capital": "911,565", "Tangible Book Value": "409,386", "Total Debt": "142,643", "Net Debt": "50,615", "Share Issued": "46,391", "Ordinary Shares Number": "46,391"}, "12/31/2018": {"Duration": "12/31/2018", "Total Assets": "1,182,365", "Total Liabilities Net Minority Interest": "446,538", "Total Equity Gross Minority Interest": "735,827", "Total Capitalization": "828,251", "Common Stock Equity": "733,872", "Capital Lease Obligations": "-", "Net Tangible Assets": "350,024", "Working Capital": "324,022", "Invested Capital": "940,226", "Tangible Book Value": "350,024", "Total Debt": "206,354", "Net Debt": "147,181", "Share Issued": "46,326", "Ordinary Shares Number": "46,326"}}, "cf": {"TTM": {"Duration": "TTM", "Operating Cash Flow": "211,854", "Investing Cash Flow": "-78,811", "Financing Cash Flow": "-66,580", "End Cash Position": "130,787", "Income Tax Paid Supplemental Data": "23,869", "Interest Paid Supplemental Data": "4,695", "Capital Expenditure": "-22,856", "Issuance of Capital Stock": "3,721", "Issuance of Debt": "117,758", "Repayment of Debt": "-138,831", "Repurchase of Capital Stock": "-19,553", "Free Cash Flow": "188,998"}, "12/31/2020": {"Duration": "12/31/2020", "Operating Cash Flow": "211,854", "Investing Cash Flow": "-78,811", "Financing Cash Flow": "-66,580", "End Cash Position": "130,787", "Income Tax Paid Supplemental Data": "23,869", "Interest Paid Supplemental Data": "4,695", "Capital Expenditure": "-22,856", "Issuance of Capital Stock": "3,721", "Issuance of Debt": "117,758", "Repayment of Debt": "-138,831", "Repurchase of Capital Stock": "-19,553", "Free Cash Flow": "188,998"}, "12/31/2019": {"Duration": "12/31/2019", "Operating Cash Flow": "177,676", "Investing Cash Flow": "-41,806", "Financing Cash Flow": "-126,648", "End Cash Position": "64,405", "Income Tax Paid Supplemental Data": "16,949", "Interest Paid Supplemental Data": "8,388", "Capital Expenditure": "-21,855", "Issuance of Capital Stock": "3,194", "Issuance of Debt": "264,389", "Repayment of Debt": "-355,332", "Repurchase of Capital Stock": "-10,741", "Free Cash Flow": "155,821"}, "12/31/2018": {"Duration": "12/31/2018", "Operating Cash Flow": "128,435", "Investing Cash Flow": "-66,292", "Financing Cash Flow": "-66,786", "End Cash Position": "59,173", "Income Tax Paid Supplemental Data": "27,025", "Interest Paid Supplemental Data": "10,792", "Capital Expenditure": "-22,432", "Issuance of Capital Stock": "8,999", "Issuance of Debt": "232,638", "Repayment of Debt": "-251,623", "Repurchase of Capital Stock": "-34,188", "Free Cash Flow": "106,003"}}}}, {"LIME": {"quote": {"03/28/2021": {"value": "", "Net Assets": "N/A", "Beta (5Y Monthly)": "N/A", "Yield": "N/A", "5y Average Return": "N/A", "Holdings Turnover": "N/A", "Last Dividend": "N/A", "Average for Category": "N/A", "Inception Date": "N/A"}}, "fin": {}, "bs": {}, "cf": {}}}, {"PLPC": {"quote": {"03/28/2021": {"value": "68.54", "Market Cap": "338.04M", "Beta (5Y Monthly)": "1.04", "PE Ratio (TTM)": "11.46", "EPS (TTM)": "5.98", "Earnings Date": "Mar 05, 2021", "Forward Dividend & Yield": "0.80 (1.17%)", "Ex-Dividend Date": "Mar 31, 2021", "1y Target Est": "N/A"}}, "fin": {"TTM": {"Duration": "TTM", "Total Revenue": "466,449", "Cost of Revenue": "312,436", "Gross Profit": "154,013", "Operating Expense": "109,597", "Operating Income": "44,416", "Net Non Operating Interest Income Expense": "-2,137", "Other Income Expense": "-1,708", "Pretax Income": "40,571", "Tax Provision": "10,810", "Net Income Common Stockholders": "29,803", "Diluted NI Available to Com Stockholders": "29,803", "Basic EPS": "-", "Diluted EPS": "-", "Basic Average Shares": "-", "Diluted Average Shares": "-", "Total Operating Income as Reported": "40,207", "Total Expenses": "422,033", "Net Income from Continuing & Discontinued Operation": "29,803", "Normalized Income": "29,803", "Interest Income": "259", "Interest Expense": "2,396", "Net Interest Income": "-2,137", "EBIT": "42,967", "EBITDA": "56,805", "Reconciled Cost of Revenue": "312,436", "Reconciled Depreciation": "13,838", "Net Income from Continuing Operation Net Minority Interest": "29,803", "Total Unusual Items Excluding Goodwill": "-", "Total Unusual Items": "-", "Normalized EBITDA": "56,805", "Tax Rate for Calcs": "0", "Tax Effect of Unusual Items": "0"}, "12/31/2020": {"Duration": "12/31/2020", "Total Revenue": "466,449", "Cost of Revenue": "312,436", "Gross Profit": "154,013", "Operating Expense": "109,597", "Operating Income": "44,416", "Net Non Operating Interest Income Expense": "-2,137", "Other Income Expense": "-1,708", "Pretax Income": "40,571", "Tax Provision": "10,810", "Net Income Common Stockholders": "29,803", "Diluted NI Available to Com Stockholders": "29,803", "Basic EPS": "-", "Diluted EPS": "-", "Basic Average Shares": "-", "Diluted Average Shares": "-", "Total Operating Income as Reported": "40,207", "Total Expenses": "422,033", "Net Income from Continuing & Discontinued Operation": "29,803", "Normalized Income": "29,803", "Interest Income": "259", "Interest Expense": "2,396", "Net Interest Income": "-2,137", "EBIT": "42,967", "EBITDA": "-", "Reconciled Cost of Revenue": "312,436", "Reconciled Depreciation": "13,838", "Net Income from Continuing Operation Net Minority Interest": "29,803", "Total Unusual Items Excluding Goodwill": "-", "Total Unusual Items": "-", "Normalized EBITDA": "56,805", "Tax Rate for Calcs": "0", "Tax Effect of Unusual Items": "0"}, "12/31/2019": {"Duration": "12/31/2019", "Total Revenue": "444,861", "Cost of Revenue": "304,266", "Gross Profit": "140,595", "Operating Expense": "105,602", "Operating Income": "34,993", "Net Non Operating Interest Income Expense": "-1,434", "Other Income Expense": "-2,101", "Pretax Income": "31,458", "Tax Provision": "8,122", "Net Income Common Stockholders": "23,303", "Diluted NI Available to Com Stockholders": "23,303", "Basic EPS": "4.63", "Diluted EPS": "4.58", "Basic Average Shares": "5,031", "Diluted Average Shares": "5,087", "Total Operating Income as Reported": "32,627", "Total Expenses": "409,868", "Net Income from Continuing & Discontinued Operation": "23,303", "Normalized Income": "23,303", "Interest Income": "783", "Interest Expense": "2,217", "Net Interest Income": "-1,434", "EBIT": "33,675", "EBITDA": "-", "Reconciled Cost of Revenue": "304,266", "Reconciled Depreciation": "13,748", "Net Income from Continuing Operation Net Minority Interest": "23,303", "Total Unusual Items Excluding Goodwill": "-", "Total Unusual Items": "-", "Normalized EBITDA": "47,423", "Tax Rate for Calcs": "0", "Tax Effect of Unusual Items": "0"}, "12/31/2018": {"Duration": "12/31/2018", "Total Revenue": "420,878", "Cost of Revenue": "288,647", "Gross Profit": "132,231", "Operating Expense": "96,863", "Operating Income": "35,368", "Net Non Operating Interest Income Expense": "-804", "Other Income Expense": "-1,976", "Pretax Income": "32,588", "Tax Provision": "6,007", "Net Income Common Stockholders": "26,581", "Diluted NI Available to Com Stockholders": "26,581", "Basic EPS": "5.28", "Diluted EPS": "5.21", "Basic Average Shares": "5,032", "Diluted Average Shares": "5,107", "Total Operating Income as Reported": "32,934", "Total Expenses": "385,510", "Net Income from Continuing & Discontinued Operation": "26,581", "Normalized Income": "26,581", "Interest Income": "486", "Interest Expense": "1,290", "Net Interest Income": "-804", "EBIT": "33,878", "EBITDA": "-", "Reconciled Cost of Revenue": "288,647", "Reconciled Depreciation": "12,444", "Net Income from Continuing Operation Net Minority Interest": "26,581", "Total Unusual Items Excluding Goodwill": "-", "Total Unusual Items": "-", "Normalized EBITDA": "46,322", "Tax Rate for Calcs": "0", "Tax Effect of Unusual Items": "0"}}, "bs": {"12/31/2020": {"Duration": "12/31/2020", "Total Assets": "461,087", "Total Liabilities Net Minority Interest": "169,018", "Total Equity Gross Minority Interest": "292,069", "Total Capitalization": "325,411", "Common Stock Equity": "292,078", "Capital Lease Obligations": "10,983", "Net Tangible Assets": "248,127", "Working Capital": "152,540", "Invested Capital": "348,055", "Tangible Book Value": "248,127", "Total Debt": "66,960", "Net Debt": "10,802", "Share Issued": "6,514", "Ordinary Shares Number": "4,902", "Treasury Shares Number": "1,612"}, "12/31/2019": {"Duration": "12/31/2019", "Total Assets": "433,571", "Total Liabilities Net Minority Interest": "165,003", "Total Equity Gross Minority Interest": "268,568", "Total Capitalization": "322,257", "Common Stock Equity": "268,535", "Capital Lease Obligations": "10,308", "Net Tangible Assets": "225,579", "Working Capital": "150,902", "Invested Capital": "334,307", "Tangible Book Value": "225,579", "Total Debt": "76,080", "Net Debt": "26,843", "Share Issued": "6,424", "Ordinary Shares Number": "4,993", "Treasury Shares Number": "1,431"}, "12/31/2018": {"Duration": "12/31/2018", "Total Assets": "358,797", "Total Liabilities Net Minority Interest": "109,427", "Total Equity Gross Minority Interest": "249,370", "Total Capitalization": "274,330", "Common Stock Equity": "249,370", "Capital Lease Obligations": "-", "Net Tangible Assets": "225,291", "Working Capital": "144,776", "Invested Capital": "284,820", "Tangible Book Value": "225,291", "Total Debt": "35,450", "Net Debt": "-", "Share Issued": "6,331", "Ordinary Shares Number": "5,020", "Treasury Shares Number": "1,310"}}, "cf": {"TTM": {"Duration": "TTM", "Operating Cash Flow": "41,642", "Investing Cash Flow": "-14,044", "Financing Cash Flow": "-23,165", "End Cash Position": "45,175", "Capital Expenditure": "-24,569", "Issuance of Capital Stock": "252", "Issuance of Debt": "90,847", "Repayment of Debt": "-110,083", "Repurchase of Capital Stock": "-9,462", "Free Cash Flow": "17,073"}, "12/31/2020": {"Duration": "12/31/2020", "Operating Cash Flow": "41,642", "Investing Cash Flow": "-14,044", "Financing Cash Flow": "-23,165", "End Cash Position": "45,175", "Capital Expenditure": "-24,569", "Issuance of Capital Stock": "252", "Issuance of Debt": "90,847", "Repayment of Debt": "-110,083", "Repurchase of Capital Stock": "-9,462", "Free Cash Flow": "17,073"}, "12/31/2019": {"Duration": "12/31/2019", "Operating Cash Flow": "27,217", "Investing Cash Flow": "-48,803", "Financing Cash Flow": "17,714", "End Cash Position": "39,263", "Capital Expenditure": "-29,467", "Issuance of Capital Stock": "213", "Issuance of Debt": "93,036", "Repayment of Debt": "-64,124", "Repurchase of Capital Stock": "-6,826", "Free Cash Flow": "-2,250"}, "12/31/2018": {"Duration": "12/31/2018", "Operating Cash Flow": "22,976", "Investing Cash Flow": "-14,023", "Financing Cash Flow": "-9,051", "End Cash Position": "43,910", "Capital Expenditure": "-9,528", "Issuance of Capital Stock": "222", "Issuance of Debt": "84,476", "Repayment of Debt": "-85,496", "Repurchase of Capital Stock": "-4,165", "Free Cash Flow": "13,448"}}}}, {"IIN": {"quote": {"03/28/2021": {"value": "25.13", "Market Cap": "226.133M", "Beta (5Y Monthly)": "1.26", "PE Ratio (TTM)": "N/A", "EPS (TTM)": "-0.28", "Earnings Date": "Feb 25, 2021", "Forward Dividend & Yield": "N/A (N/A)", "Ex-Dividend Date": "Sep 12, 2001", "1y Target Est": "29.00"}}, "fin": {"TTM": {"Duration": "TTM", "Total Revenue": "102,773", "Cost of Revenue": "76,598", "Gross Profit": "26,175", "Operating Expense": "28,079", "Operating Income": "-1,904", "Net Non Operating Interest Income Expense": "331", "Other Income Expense": "-855", "Pretax Income": "-2,428", "Tax Provision": "61", "Net Income Common Stockholders": "-2,524", "Diluted NI Available to Com Stockholders": "-2,524", "Basic EPS": "-", "Diluted EPS": "-", "Basic Average Shares": "-", "Diluted Average Shares": "-", "Total Operating Income as Reported": "-3,075", "Total Expenses": "104,677", "Net Income from Continuing & Discontinued Operation": "-2,524", "Normalized Income": "-1,669", "Interest Income": "331", "Interest Expense": "-", "Net Interest Income": "331", "EBIT": "-1,904", "EBITDA": "2,718", "Reconciled Cost of Revenue": "76,598", "Reconciled Depreciation": "4,622", "Net Income from Continuing Operation Net Minority Interest": "-2,524", "Total Unusual Items Excluding Goodwill": "-1,171", "Total Unusual Items": "-1,171", "Normalized EBITDA": "3,889", "Tax Rate for Calcs": "0", "Tax Effect of Unusual Items": "-316.17"}, "12/31/2020": {"Duration": "12/31/2020", "Total Revenue": "102,773", "Cost of Revenue": "76,598", "Gross Profit": "26,175", "Operating Expense": "28,079", "Operating Income": "-1,904", "Net Non Operating Interest Income Expense": "331", "Other Income Expense": "-855", "Pretax Income": "-2,428", "Tax Provision": "61", "Net Income Common Stockholders": "-2,524", "Diluted NI Available to Com Stockholders": "-2,524", "Basic EPS": "-", "Diluted EPS": "-", "Basic Average Shares": "-", "Diluted Average Shares": "-", "Total Operating Income as Reported": "-3,075", "Total Expenses": "104,677", "Net Income from Continuing & Discontinued Operation": "-2,524", "Normalized Income": "-1,669", "Interest Income": "331", "Interest Expense": "-", "Net Interest Income": "331", "EBIT": "-1,904", "EBITDA": "-", "Reconciled Cost of Revenue": "76,598", "Reconciled Depreciation": "4,622", "Net Income from Continuing Operation Net Minority Interest": "-2,524", "Total Unusual Items Excluding Goodwill": "-1,171", "Total Unusual Items": "-1,171", "Normalized EBITDA": "3,889", "Tax Rate for Calcs": "0", "Tax Effect of Unusual Items": "-316.17"}, "12/31/2019": {"Duration": "12/31/2019", "Total Revenue": "113,493", "Cost of Revenue": "82,507", "Gross Profit": "30,986", "Operating Expense": "29,261", "Operating Income": "1,725", "Net Non Operating Interest Income Expense": "920", "Other Income Expense": "-4,508", "Pretax Income": "-1,863", "Tax Provision": "201", "Net Income Common Stockholders": "-3,777", "Diluted NI Available to Com Stockholders": "-3,777", "Basic EPS": "-0.43", "Diluted EPS": "-0.43", "Basic Average Shares": "8,748", "Diluted Average Shares": "8,748", "Total Operating Income as Reported": "-2,040", "Total Expenses": "111,768", "Net Income from Continuing & Discontinued Operation": "-3,777", "Normalized Income": "684.45", "Interest Income": "-", "Interest Expense": "-", "Net Interest Income": "920", "EBIT": "1,725", "EBITDA": "-", "Reconciled Cost of Revenue": "82,507", "Reconciled Depreciation": "3,277", "Net Income from Continuing Operation Net Minority Interest": "-2,064", "Total Unusual Items Excluding Goodwill": "-3,765", "Total Unusual Items": "-3,765", "Normalized EBITDA": "8,767", "Tax Rate for Calcs": "0", "Tax Effect of Unusual Items": "-1,017"}, "12/31/2018": {"Duration": "12/31/2018", "Total Revenue": "116,462", "Cost of Revenue": "79,299", "Gross Profit": "37,163", "Operating Expense": "30,049", "Operating Income": "7,114", "Net Non Operating Interest Income Expense": "-314", "Other Income Expense": "-769", "Pretax Income": "6,031", "Tax Provision": "484", "Net Income Common Stockholders": "5,547", "Diluted NI Available to Com Stockholders": "5,547", "Basic EPS": "0.73", "Diluted EPS": "0.64", "Basic Average Shares": "7,599", "Diluted Average Shares": "8,630", "Total Operating Income as Reported": "7,114", "Total Expenses": "109,348", "Net Income from Continuing & Discontinued Operation": "5,547", "Normalized Income": "5,547", "Interest Income": "-", "Interest Expense": "314", "Net Interest Income": "-314", "EBIT": "7,114", "EBITDA": "-", "Reconciled Cost of Revenue": "79,299", "Reconciled Depreciation": "2,943", "Net Income from Continuing Operation Net Minority Interest": "5,547", "Total Unusual Items Excluding Goodwill": "0", "Total Unusual Items": "0", "Normalized EBITDA": "10,057", "Tax Rate for Calcs": "0", "Tax Effect of Unusual Items": "0"}}, "bs": {"12/31/2020": {"Duration": "12/31/2020", "Total Assets": "121,296", "Total Liabilities Net Minority Interest": "30,097", "Total Equity Gross Minority Interest": "91,199", "Total Capitalization": "91,164", "Common Stock Equity": "91,164", "Capital Lease Obligations": "6,903", "Net Tangible Assets": "66,665", "Working Capital": "50,611", "Invested Capital": "91,164", "Tangible Book Value": "66,665", "Total Debt": "6,903", "Net Debt": "-", "Share Issued": "8,951", "Ordinary Shares Number": "8,951"}, "12/31/2019": {"Duration": "12/31/2019", "Total Assets": "113,593", "Total Liabilities Net Minority Interest": "23,101", "Total Equity Gross Minority Interest": "90,492", "Total Capitalization": "90,745", "Common Stock Equity": "90,745", "Capital Lease Obligations": "4,797", "Net Tangible Assets": "81,194", "Working Capital": "53,349", "Invested Capital": "90,745", "Tangible Book Value": "81,194", "Total Debt": "4,797", "Net Debt": "-", "Share Issued": "8,781", "Ordinary Shares Number": "8,781"}, "12/31/2018": {"Duration": "12/31/2018", "Total Assets": "115,248", "Total Liabilities Net Minority Interest": "23,274", "Total Equity Gross Minority Interest": "91,974", "Total Capitalization": "92,227", "Common Stock Equity": "92,227", "Capital Lease Obligations": "-", "Net Tangible Assets": "78,834", "Working Capital": "62,897", "Invested Capital": "92,227", "Tangible Book Value": "78,834", "Total Debt": "-", "Net Debt": "-", "Share Issued": "8,664", "Ordinary Shares Number": "8,664"}}, "cf": {"TTM": {"Duration": "TTM", "Operating Cash Flow": "5,616", "Investing Cash Flow": "-3,504", "Financing Cash Flow": "-1,992", "End Cash Position": "9,280", "Capital Expenditure": "-3,629", "Issuance of Capital Stock": "0", "Issuance of Debt": "0", "Repayment of Debt": "-96", "Repurchase of Capital Stock": "0", "Free Cash Flow": "1,987"}, "12/31/2020": {"Duration": "12/31/2020", "Operating Cash Flow": "5,616", "Investing Cash Flow": "-3,504", "Financing Cash Flow": "-1,992", "End Cash Position": "9,280", "Capital Expenditure": "-3,629", "Issuance of Capital Stock": "0", "Issuance of Debt": "0", "Repayment of Debt": "-96", "Repurchase of Capital Stock": "0", "Free Cash Flow": "1,987"}, "12/31/2019": {"Duration": "12/31/2019", "Operating Cash Flow": "1,470", "Investing Cash Flow": "-242", "Financing Cash Flow": "-109", "End Cash Position": "9,162", "Capital Expenditure": "-4,593", "Issuance of Capital Stock": "0", "Issuance of Debt": "0", "Repayment of Debt": "-111", "Repurchase of Capital Stock": "0", "Free Cash Flow": "-3,123"}, "12/31/2018": {"Duration": "12/31/2018", "Operating Cash Flow": "177", "Investing Cash Flow": "-44,997", "Financing Cash Flow": "52,000", "End Cash Position": "8,047", "Capital Expenditure": "-5,507", "Issuance of Capital Stock": "88,967", "Issuance of Debt": "14,169", "Repayment of Debt": "-25,868", "Repurchase of Capital Stock": "-25,907", "Free Cash Flow": "-5,330"}}}}, {"ENS": {"quote": {"03/28/2021": {"value": "93.70", "Market Cap": "4B", "Beta (5Y Monthly)": "1.48", "PE Ratio (TTM)": "37.29", "EPS (TTM)": "2.51", "Earnings Date": "May 31, 2021 - Jun 04, 2021", "Forward Dividend & Yield": "0.70 (0.75%)", "Ex-Dividend Date": "Mar 11, 2021", "1y Target Est": "105.33"}}, "fin": {"TTM": {"Duration": "TTM", "Total Revenue": "2,946,196", "Cost of Revenue": "2,203,551", "Gross Profit": "742,645", "Operating Expense": "491,215", "Operating Income": "251,430", "Net Non Operating Interest Income Expense": "-40,934", "Other Income Expense": "-76,236", "Pretax Income": "134,260", "Tax Provision": "26,245", "Net Income Common Stockholders": "108,015", "Diluted NI Available to Com Stockholders": "108,015", "Basic EPS": "-", "Diluted EPS": "-", "Basic Average Shares": "-", "Diluted Average Shares": "-", "Total Operating Income as Reported": "184,771", "Total Expenses": "2,694,766", "Net Income from Continuing & Discontinued Operation": "108,015", "Normalized Income": "161,644", "Interest Expense": "40,934", "Net Interest Income": "-40,934", "EBIT": "175,194", "EBITDA": "266,942", "Reconciled Cost of Revenue": "2,203,551", "Reconciled Depreciation": "91,748", "Net Income from Continuing Operation Net Minority Interest": "108,015", "Total Unusual Items Excluding Goodwill": "-66,659", "Total Unusual Items": "-66,659", "Normalized EBITDA": "333,601", "Tax Rate for Calcs": "0", "Tax Effect of Unusual Items": "-13,030"}, "3/31/2020": {"Duration": "3/31/2020", "Total Revenue": "3,087,868", "Cost of Revenue": "2,303,002", "Gross Profit": "784,866", "Operating Expense": "529,643", "Operating Income": "255,223", "Net Non Operating Interest Income Expense": "-43,673", "Other Income Expense": "-64,613", "Pretax Income": "146,937", "Tax Provision": "9,821", "Net Income Common Stockholders": "137,116", "Diluted NI Available to Com Stockholders": "137,116", "Basic EPS": "3.23", "Diluted EPS": "3.20", "Basic Average Shares": "42,412", "Diluted Average Shares": "42,897", "Total Operating Income as Reported": "190,195", "Total Expenses": "2,832,645", "Net Income from Continuing & Discontinued Operation": "137,116", "Normalized Income": "198,033", "Interest Expense": "43,673", "Net Interest Income": "-43,673", "EBIT": "190,610", "EBITDA": "-", "Reconciled Cost of Revenue": "2,303,002", "Reconciled Depreciation": "87,344", "Net Income from Continuing Operation Net Minority Interest": "137,116", "Total Unusual Items Excluding Goodwill": "-65,292", "Total Unusual Items": "-65,292", "Normalized EBITDA": "343,246", "Tax Rate for Calcs": "0", "Tax Effect of Unusual Items": "-4,375"}, "3/31/2019": {"Duration": "3/31/2019", "Total Revenue": "2,808,017", "Cost of Revenue": "2,114,991", "Gross Profit": "693,026", "Operating Expense": "441,415", "Operating Income": "251,611", "Net Non Operating Interest Income Expense": "-30,868", "Other Income Expense": "-38,532", "Pretax Income": "182,211", "Tax Provision": "21,584", "Net Income Common Stockholders": "160,239", "Diluted NI Available to Com Stockholders": "160,239", "Basic EPS": "3.79", "Diluted EPS": "3.73", "Basic Average Shares": "42,335", "Diluted Average Shares": "43,009", "Total Operating Income as Reported": "212,465", "Total Expenses": "2,556,406", "Net Income from Continuing & Discontinued Operation": "160,239", "Normalized Income": "192,045", "Interest Expense": "30,868", "Net Interest Income": "-30,868", "EBIT": "213,079", "EBITDA": "-", "Reconciled Cost of Revenue": "2,114,991", "Reconciled Depreciation": "63,348", "Net Income from Continuing Operation Net Minority Interest": "160,239", "Total Unusual Items Excluding Goodwill": "-36,102", "Total Unusual Items": "-36,102", "Normalized EBITDA": "312,529", "Tax Rate for Calcs": "0", "Tax Effect of Unusual Items": "-4,296"}}, "bs": {"3/31/2020": {"Duration": "3/31/2020", "Total Assets": "3,301,698", "Total Liabilities Net Minority Interest": "1,997,636", "Total Equity Gross Minority Interest": "1,304,062", "Total Capitalization": "2,405,256", "Common Stock Equity": "1,300,525", "Capital Lease Obligations": "72,912", "Net Tangible Assets": "180,904", "Working Capital": "962,586", "Invested Capital": "2,451,800", "Tangible Book Value": "180,904", "Total Debt": "1,224,187", "Net Debt": "824,296", "Share Issued": "55,115", "Ordinary Shares Number": "42,323", "Treasury Shares Number": "12,792"}, "3/31/2019": {"Duration": "3/31/2019", "Total Assets": "3,118,193", "Total Liabilities Net Minority Interest": "1,832,176", "Total Equity Gross Minority Interest": "1,286,017", "Total Capitalization": "2,254,043", "Common Stock Equity": "1,282,287", "Capital Lease Obligations": "10,288", "Net Tangible Assets": "163,572", "Working Capital": "923,715", "Invested Capital": "2,308,533", "Tangible Book Value": "163,572", "Total Debt": "1,036,534", "Net Debt": "727,034", "Share Issued": "54,849", "Ordinary Shares Number": "42,621", "Treasury Shares Number": "12,228"}}, "cf": {"TTM": {"Duration": "TTM", "Operating Cash Flow": "349,665", "Investing Cash Flow": "-89,253", "Financing Cash Flow": "-63,326", "End Cash Position": "469,596", "Capital Expenditure": "-94,231", "Issuance of Capital Stock": "-", "Issuance of Debt": "150,995", "Repayment of Debt": "-179,791", "Repurchase of Capital Stock": "-", "Free Cash Flow": "255,434"}, "3/31/2020": {"Duration": "3/31/2020", "Operating Cash Flow": "253,398", "Investing Cash Flow": "-274,819", "Financing Cash Flow": "62,683", "End Cash Position": "326,979", "Capital Expenditure": "-101,425", "Issuance of Capital Stock": "-", "Issuance of Debt": "687,695", "Repayment of Debt": "-545,838", "Repurchase of Capital Stock": "-34,561", "Free Cash Flow": "151,973"}, "3/31/2019": {"Duration": "3/31/2019", "Operating Cash Flow": "197,855", "Investing Cash Flow": "-723,883", "Financing Cash Flow": "346,577", "End Cash Position": "299,212", "Capital Expenditure": "-70,372", "Issuance of Capital Stock": "-", "Issuance of Debt": "830,573", "Repayment of Debt": "-439,266", "Repurchase of Capital Stock": "-56,436", "Free Cash Flow": "127,483"}}}}, {"ESNC": {"quote": {"03/28/2021": {"value": "0.0290", "Market Cap": "680,879", "Beta (5Y Monthly)": "1.45", "PE Ratio (TTM)": "N/A", "EPS (TTM)": "-0.2140", "Earnings Date": "Nov 12, 2018", "Forward Dividend & Yield": "N/A (N/A)", "Ex-Dividend Date": "N/A", "1y Target Est": "1.00"}}, "fin": {"TTM": {"Duration": "TTM", "Total Revenue": "12,308", "Cost of Revenue": "9,873", "Gross Profit": "2,436", "Operating Expense": "14,358", "Operating Income": "-11,922", "Net Non Operating Interest Income Expense": "-12.64", "Other Income Expense": "-258.433", "Pretax Income": "-12,194", "Tax Provision": "0", "Net Income Common Stockholders": "-12,204", "Diluted NI Available to Com Stockholders": "-12,204", "Basic EPS": "-", "Diluted EPS": "-", "Basic Average Shares": "-", "Diluted Average Shares": "-", "Total Operating Income as Reported": "-11,922", "Total Expenses": "24,231", "Interest Income": "17.145", "Interest Expense": "29.785", "Net Interest Income": "-12.64", "Net Income from Continuing & Discontinued Operation": "-11,850", "Normalized Income": "-11,850", "EBIT": "-12,164", "EBITDA": "-11,926", "Reconciled Cost of Revenue": "9,873", "Reconciled Depreciation": "237.369", "Net Income from Continuing Operation Net Minority Interest": "-11,850", "Total Unusual Items Excluding Goodwill": "0", "Total Unusual Items": "0", "Normalized EBITDA": "-11,926", "Tax Rate for Calcs": "0", "Tax Effect of Unusual Items": "0"}, "6/30/2018": {"Duration": "6/30/2018", "Total Revenue": "11,932", "Cost of Revenue": "9,562", "Gross Profit": "2,370", "Operating Expense": "14,999", "Operating Income": "-12,629", "Net Non Operating Interest Income Expense": "-14.689", "Other Income Expense": "-680.643", "Pretax Income": "-13,325", "Tax Provision": "0", "Net Income Common Stockholders": "-13,316", "Diluted NI Available to Com Stockholders": "-13,316", "Basic EPS": "-0.24", "Diluted EPS": "-0.24", "Basic Average Shares": "56,003", "Diluted Average Shares": "56,003", "Total Operating Income as Reported": "-13,076", "Total Expenses": "24,562", "Interest Income": "23.795", "Interest Expense": "38.484", "Net Interest Income": "-14.689", "Net Income from Continuing & Discontinued Operation": "-12,970", "Normalized Income": "-12,523", "EBIT": "-13,286", "EBITDA": "-", "Reconciled Cost of Revenue": "9,562", "Reconciled Depreciation": "296.417", "Net Income from Continuing Operation Net Minority Interest": "-12,970", "Total Unusual Items Excluding Goodwill": "-447", "Total Unusual Items": "-447", "Normalized EBITDA": "-12,543", "Tax Rate for Calcs": "0", "Tax Effect of Unusual Items": "0"}}, "bs": {"6/30/2018": {"Duration": "6/30/2018", "Total Assets": "10,281", "Total Liabilities Net Minority Interest": "4,498", "Total Equity Gross Minority Interest": "5,783", "Total Capitalization": "5,418", "Preferred Stock Equity": "0.303", "Common Stock Equity": "5,086", "Net Tangible Assets": "3,190", "Working Capital": "3,322", "Invested Capital": "5,418", "Tangible Book Value": "3,189", "Total Debt": "331.827", "Share Issued": "56,609", "Ordinary Shares Number": "56,609", "Preferred Shares Number": "30.348"}}, "cf": {"TTM": {"Duration": "TTM", "Operating Cash Flow": "-10,010", "Investing Cash Flow": "1,890", "Financing Cash Flow": "1,998", "End Cash Position": "2,982", "Interest Paid Supplemental Data": "31.995", "Capital Expenditure": "-", "Issuance of Capital Stock": "2,679", "Repayment of Debt": "-641.908", "Free Cash Flow": "-10,375"}, "6/30/2018": {"Duration": "6/30/2018", "Operating Cash Flow": "-10,162", "Investing Cash Flow": "2,030", "Financing Cash Flow": "-666.289", "End Cash Position": "2,985", "Interest Paid Supplemental Data": "40.888", "Capital Expenditure": "-288.846", "Issuance of Capital Stock": "96.674", "Repayment of Debt": "-726.256", "Free Cash Flow": "-10,451"}}}}, {"REFR": {"quote": {"03/28/2021": {"value": "2.9900", "Market Cap": "94.635M", "Beta (5Y Monthly)": "1.03", "PE Ratio (TTM)": "N/A", "EPS (TTM)": "-0.0740", "Earnings Date": "May 05, 2021 - May 10, 2021", "Forward Dividend & Yield": "N/A (N/A)", "Ex-Dividend Date": "N/A", "1y Target Est": "N/A"}}, "fin": {"TTM": {"Duration": "TTM", "Total Revenue": "828.45", "Cost of Revenue": "-", "Gross Profit": "-", "Operating Expense": "3,406", "Operating Income": "-2,577", "Other Income Expense": "236.525", "Pretax Income": "-2,341", "Net Income Common Stockholders": "-2,341", "Diluted NI Available to Com Stockholders": "-2,341", "Basic EPS": "-", "Diluted EPS": "-", "Basic Average Shares": "-", "Diluted Average Shares": "-", "Total Operating Income as Reported": "-2,577", "Total Expenses": "3,406", "Net Income from Continuing & Discontinued Operation": "-2,341", "Normalized Income": "-2,577", "EBIT": "-2,577", "EBITDA": "-2,510", "Reconciled Cost of Revenue": "-", "Reconciled Depreciation": "67.082", "Net Income from Continuing Operation Net Minority Interest": "-2,341", "Total Unusual Items Excluding Goodwill": "236.525", "Total Unusual Items": "236.525", "Normalized EBITDA": "-2,747", "Tax Rate for Calcs": "0", "Tax Effect of Unusual Items": "0"}, "12/31/2020": {"Duration": "12/31/2020", "Total Revenue": "828.45", "Cost of Revenue": "-", "Gross Profit": "-", "Operating Expense": "3,406", "Operating Income": "-2,577", "Other Income Expense": "236.525", "Pretax Income": "-2,341", "Net Income Common Stockholders": "-2,341", "Diluted NI Available to Com Stockholders": "-2,341", "Basic EPS": "-", "Diluted EPS": "-", "Basic Average Shares": "-", "Diluted Average Shares": "-", "Total Operating Income as Reported": "-2,577", "Total Expenses": "3,406", "Net Income from Continuing & Discontinued Operation": "-2,341", "Normalized Income": "-2,577", "EBIT": "-2,577", "EBITDA": "-", "Reconciled Cost of Revenue": "-", "Reconciled Depreciation": "67.082", "Net Income from Continuing Operation Net Minority Interest": "-2,341", "Total Unusual Items Excluding Goodwill": "236.525", "Total Unusual Items": "236.525", "Normalized EBITDA": "-2,747", "Tax Rate for Calcs": "0", "Tax Effect of Unusual Items": "0"}, "12/31/2019": {"Duration": "12/31/2019", "Total Revenue": "1,564", "Cost of Revenue": "-", "Gross Profit": "-", "Operating Expense": "4,713", "Operating Income": "-3,149", "Other Income Expense": "-659.639", "Pretax Income": "-3,809", "Net Income Common Stockholders": "-3,809", "Diluted NI Available to Com Stockholders": "-3,809", "Basic EPS": "-0.13", "Diluted EPS": "-0.13", "Basic Average Shares": "30,012", "Diluted Average Shares": "30,012", "Total Operating Income as Reported": "-3,200", "Total Expenses": "4,713", "Net Income from Continuing & Discontinued Operation": "-3,809", "Normalized Income": "-3,149", "EBIT": "-3,149", "EBITDA": "-", "Reconciled Cost of Revenue": "-", "Reconciled Depreciation": "195.377", "Net Income from Continuing Operation Net Minority Interest": "-3,809", "Total Unusual Items Excluding Goodwill": "-659.639", "Total Unusual Items": "-659.639", "Normalized EBITDA": "-2,294", "Tax Rate for Calcs": "0", "Tax Effect of Unusual Items": "0"}, "12/31/2018": {"Duration": "12/31/2018", "Total Revenue": "1,489", "Cost of Revenue": "-", "Gross Profit": "-", "Operating Expense": "3,907", "Operating Income": "-2,418", "Other Income Expense": "-267.909", "Pretax Income": "-2,686", "Net Income Common Stockholders": "-2,686", "Diluted NI Available to Com Stockholders": "-2,686", "Basic EPS": "-0.10", "Diluted EPS": "-0.10", "Basic Average Shares": "25,956", "Diluted Average Shares": "25,956", "Total Operating Income as Reported": "-2,418", "Total Expenses": "3,907", "Net Income from Continuing & Discontinued Operation": "-2,686", "Normalized Income": "-2,418", "EBIT": "-2,418", "EBITDA": "-", "Reconciled Cost of Revenue": "-", "Reconciled Depreciation": "181.047", "Net Income from Continuing Operation Net Minority Interest": "-2,686", "Total Unusual Items Excluding Goodwill": "-267.909", "Total Unusual Items": "-267.909", "Normalized EBITDA": "-1,969", "Tax Rate for Calcs": "0", "Tax Effect of Unusual Items": "0"}}, "bs": {"12/31/2020": {"Duration": "12/31/2020", "Total Assets": "6,199", "Total Liabilities Net Minority Interest": "872.285", "Total Equity Gross Minority Interest": "5,327", "Total Capitalization": "5,327", "Common Stock Equity": "5,327", "Capital Lease Obligations": "812.596", "Net Tangible Assets": "5,327", "Working Capital": "5,201", "Invested Capital": "5,327", "Tangible Book Value": "5,327", "Total Debt": "812.596", "Share Issued": "31,576", "Ordinary Shares Number": "31,576"}, "12/31/2019": {"Duration": "12/31/2019", "Total Assets": "8,256", "Total Liabilities Net Minority Interest": "1,200", "Total Equity Gross Minority Interest": "7,056", "Total Capitalization": "7,056", "Common Stock Equity": "7,056", "Capital Lease Obligations": "975.832", "Net Tangible Assets": "7,056", "Working Capital": "6,919", "Invested Capital": "7,056", "Tangible Book Value": "7,056", "Total Debt": "975.832", "Share Issued": "31,254", "Ordinary Shares Number": "31,254"}, "12/31/2018": {"Duration": "12/31/2018", "Total Assets": "4,059", "Total Liabilities Net Minority Interest": "959.076", "Total Equity Gross Minority Interest": "3,099", "Total Capitalization": "3,099", "Common Stock Equity": "3,099", "Capital Lease Obligations": "-", "Net Tangible Assets": "3,099", "Working Capital": "3,254", "Invested Capital": "3,099", "Tangible Book Value": "3,099", "Total Debt": "-", "Share Issued": "27,665", "Ordinary Shares Number": "27,665"}}, "cf": {"TTM": {"Duration": "TTM", "Operating Cash Flow": "-2,253", "Investing Cash Flow": "-52.823", "Financing Cash Flow": "486.259", "End Cash Position": "4,773", "Capital Expenditure": "-56.536", "Issuance of Capital Stock": "284.207", "Issuance of Debt": "202.052", "Free Cash Flow": "-2,309"}, "12/31/2020": {"Duration": "12/31/2020", "Operating Cash Flow": "-2,253", "Investing Cash Flow": "-52.823", "Financing Cash Flow": "486.259", "End Cash Position": "4,773", "Capital Expenditure": "-56.536", "Issuance of Capital Stock": "284.207", "Issuance of Debt": "202.052", "Free Cash Flow": "-2,309"}, "12/31/2019": {"Duration": "12/31/2019", "Operating Cash Flow": "-2,083", "Investing Cash Flow": "-65.282", "Financing Cash Flow": "5,771", "End Cash Position": "6,592", "Capital Expenditure": "-65.282", "Issuance of Capital Stock": "5,771", "Issuance of Debt": "-", "Free Cash Flow": "-2,148"}, "12/31/2018": {"Duration": "12/31/2018", "Operating Cash Flow": "-2,071", "Investing Cash Flow": "-11.663", "Financing Cash Flow": "3,314", "End Cash Position": "2,969", "Capital Expenditure": "-11.663", "Issuance of Capital Stock": "3,314", "Issuance of Debt": "-", "Free Cash Flow": "-2,083"}}}}, {"LGL": {"quote": {"03/28/2021": {"value": "11.28", "Market Cap": "59.325M", "Beta (5Y Monthly)": "0.92", "PE Ratio (TTM)": "60.32", "EPS (TTM)": "0.19", "Earnings Date": "May 12, 2021 - May 17, 2021", "Forward Dividend & Yield": "N/A (N/A)", "Ex-Dividend Date": "Jan 03, 1989", "1y Target Est": "N/A"}}, "fin": {"TTM": {"Duration": "TTM", "Total Revenue": "31,162", "Cost of Revenue": "20,233", "Gross Profit": "10,929", "Operating Expense": "9,514", "Operating Income": "1,415", "Net Non Operating Interest Income Expense": "-11", "Other Income Expense": "-100", "Pretax Income": "1,304", "Tax Provision": "336", "Net Income Common Stockholders": "968", "Diluted NI Available to Com Stockholders": "968", "Basic EPS": "-", "Diluted EPS": "-", "Basic Average Shares": "-", "Diluted Average Shares": "-", "Total Operating Income as Reported": "1,415", "Total Expenses": "29,747", "Net Income from Continuing & Discontinued Operation": "968", "Normalized Income": "968", "Interest Income": "-", "Interest Expense": "-", "Net Interest Income": "-11", "EBIT": "1,415", "EBITDA": "1,943", "Reconciled Cost of Revenue": "20,233", "Reconciled Depreciation": "528", "Net Income from Continuing Operation Net Minority Interest": "968", "Total Unusual Items Excluding Goodwill": "-", "Total Unusual Items": "-", "Normalized EBITDA": "1,943", "Tax Rate for Calcs": "0", "Tax Effect of Unusual Items": "0"}, "12/31/2020": {"Duration": "12/31/2020", "Total Revenue": "31,162", "Cost of Revenue": "20,233", "Gross Profit": "10,929", "Operating Expense": "9,514", "Operating Income": "1,415", "Net Non Operating Interest Income Expense": "-11", "Other Income Expense": "-100", "Pretax Income": "1,304", "Tax Provision": "336", "Net Income Common Stockholders": "968", "Diluted NI Available to Com Stockholders": "968", "Basic EPS": "-", "Diluted EPS": "-", "Basic Average Shares": "-", "Diluted Average Shares": "-", "Total Operating Income as Reported": "1,415", "Total Expenses": "29,747", "Net Income from Continuing & Discontinued Operation": "968", "Normalized Income": "968", "Interest Income": "-", "Interest Expense": "-", "Net Interest Income": "-11", "EBIT": "1,415", "EBITDA": "-", "Reconciled Cost of Revenue": "20,233", "Reconciled Depreciation": "528", "Net Income from Continuing Operation Net Minority Interest": "968", "Total Unusual Items Excluding Goodwill": "-", "Total Unusual Items": "-", "Normalized EBITDA": "1,943", "Tax Rate for Calcs": "0", "Tax Effect of Unusual Items": "0"}, "12/31/2019": {"Duration": "12/31/2019", "Total Revenue": "31,897", "Cost of Revenue": "19,381", "Gross Profit": "12,516", "Operating Expense": "9,077", "Operating Income": "3,439", "Net Non Operating Interest Income Expense": "2", "Other Income Expense": "468", "Pretax Income": "3,909", "Tax Provision": "-3,107", "Net Income Common Stockholders": "7,016", "Diluted NI Available to Com Stockholders": "7,016", "Basic EPS": "1.44", "Diluted EPS": "1.41", "Basic Average Shares": "4,884", "Diluted Average Shares": "4,978", "Total Operating Income as Reported": "3,439", "Total Expenses": "28,458", "Net Income from Continuing & Discontinued Operation": "7,016", "Normalized Income": "7,016", "Interest Income": "-", "Interest Expense": "-", "Net Interest Income": "2", "EBIT": "3,439", "EBITDA": "-", "Reconciled Cost of Revenue": "19,381", "Reconciled Depreciation": "493", "Net Income from Continuing Operation Net Minority Interest": "7,016", "Total Unusual Items Excluding Goodwill": "-", "Total Unusual Items": "-", "Normalized EBITDA": "3,932", "Tax Rate for Calcs": "0", "Tax Effect of Unusual Items": "0"}, "12/31/2018": {"Duration": "12/31/2018", "Total Revenue": "24,870", "Cost of Revenue": "15,211", "Gross Profit": "9,659", "Operating Expense": "8,229", "Operating Income": "1,430", "Net Non Operating Interest Income Expense": "2", "Other Income Expense": "138", "Pretax Income": "1,570", "Tax Provision": "165", "Net Income Common Stockholders": "1,405", "Diluted NI Available to Com Stockholders": "1,405", "Basic EPS": "0.30", "Diluted EPS": "0.29", "Basic Average Shares": "4,749", "Diluted Average Shares": "4,875", "Total Operating Income as Reported": "1,430", "Total Expenses": "23,440", "Net Income from Continuing & Discontinued Operation": "1,405", "Normalized Income": "1,405", "Interest Income": "2", "Interest Expense": "2", "Net Interest Income": "2", "EBIT": "1,430", "EBITDA": "-", "Reconciled Cost of Revenue": "15,211", "Reconciled Depreciation": "492", "Net Income from Continuing Operation Net Minority Interest": "1,405", "Total Unusual Items Excluding Goodwill": "-", "Total Unusual Items": "-", "Normalized EBITDA": "1,922", "Tax Rate for Calcs": "0", "Tax Effect of Unusual Items": "0"}}, "bs": {"12/31/2020": {"Duration": "12/31/2020", "Total Assets": "43,455", "Total Liabilities Net Minority Interest": "3,690", "Total Equity Gross Minority Interest": "39,765", "Total Capitalization": "39,765", "Common Stock Equity": "39,765", "Capital Lease Obligations": "293", "Net Tangible Assets": "39,438", "Working Capital": "30,384", "Invested Capital": "39,765", "Tangible Book Value": "39,438", "Total Debt": "293", "Share Issued": "5,410", "Ordinary Shares Number": "5,272", "Treasury Shares Number": "137.346"}, "12/31/2019": {"Duration": "12/31/2019", "Total Assets": "39,217", "Total Liabilities Net Minority Interest": "4,324", "Total Equity Gross Minority Interest": "34,893", "Total Capitalization": "34,893", "Common Stock Equity": "34,893", "Capital Lease Obligations": "-", "Net Tangible Assets": "34,491", "Working Capital": "24,586", "Invested Capital": "34,893", "Tangible Book Value": "34,491", "Total Debt": "-", "Share Issued": "5,015", "Ordinary Shares Number": "4,933", "Treasury Shares Number": "81.584"}, "12/31/2018": {"Duration": "12/31/2018", "Total Assets": "30,075", "Total Liabilities Net Minority Interest": "2,752", "Total Equity Gross Minority Interest": "27,323", "Total Capitalization": "27,323", "Common Stock Equity": "27,323", "Capital Lease Obligations": "-", "Net Tangible Assets": "26,846", "Working Capital": "24,633", "Invested Capital": "27,323", "Tangible Book Value": "26,846", "Total Debt": "-", "Share Issued": "4,913", "Ordinary Shares Number": "4,831", "Treasury Shares Number": "81.584"}}, "cf": {"TTM": {"Duration": "TTM", "Operating Cash Flow": "3,192", "Investing Cash Flow": "-428", "Financing Cash Flow": "3,114", "End Cash Position": "18,331", "Income Tax Paid Supplemental Data": "60", "Interest Paid Supplemental Data": "3", "Capital Expenditure": "-407", "Issuance of Capital Stock": "3,254", "Repurchase of Capital Stock": "-", "Free Cash Flow": "2,785"}, "12/31/2020": {"Duration": "12/31/2020", "Operating Cash Flow": "3,192", "Investing Cash Flow": "-428", "Financing Cash Flow": "3,114", "End Cash Position": "18,331", "Income Tax Paid Supplemental Data": "60", "Interest Paid Supplemental Data": "3", "Capital Expenditure": "-407", "Issuance of Capital Stock": "3,254", "Repurchase of Capital Stock": "-", "Free Cash Flow": "2,785"}, "12/31/2019": {"Duration": "12/31/2019", "Operating Cash Flow": "2,666", "Investing Cash Flow": "-6,163", "Financing Cash Flow": "442", "End Cash Position": "12,453", "Income Tax Paid Supplemental Data": "86", "Interest Paid Supplemental Data": "6", "Capital Expenditure": "-1,163", "Issuance of Capital Stock": "-", "Repurchase of Capital Stock": "0", "Free Cash Flow": "1,503"}, "12/31/2018": {"Duration": "12/31/2018", "Operating Cash Flow": "1,656", "Investing Cash Flow": "-324", "Financing Cash Flow": "926", "End Cash Position": "15,508", "Income Tax Paid Supplemental Data": "69", "Interest Paid Supplemental Data": "23", "Capital Expenditure": "-324", "Issuance of Capital Stock": "-", "Repurchase of Capital Stock": "-28", "Free Cash Flow": "1,332"}}}}, {"LSCG": {"quote": {"03/28/2021": {"value": "0.0650", "Market Cap": "1.394M", "Beta (5Y Monthly)": "77.87", "PE Ratio (TTM)": "N/A", "EPS (TTM)": "-0.1020", "Earnings Date": "N/A", "Forward Dividend & Yield": "N/A (N/A)", "Ex-Dividend Date": "N/A", "1y Target Est": "N/A"}}, "fin": {}, "bs": {}, "cf": {}}}, {"CYLU": {"quote": {"03/28/2021": {"value": "", "Net Assets": "N/A", "Beta (5Y Monthly)": "N/A", "Yield": "N/A", "5y Average Return": "N/A", "Holdings Turnover": "N/A", "Last Dividend": "N/A", "Average for Category": "N/A", "Inception Date": "N/A"}}, "fin": {}, "bs": {}, "cf": {}}}, {"LPTH": {"quote": {"03/28/2021": {"value": "2.9000", "Market Cap": "77.017M", "Beta (5Y Monthly)": "1.47", "PE Ratio (TTM)": "61.70", "EPS (TTM)": "0.0470", "Earnings Date": "Feb 03, 2021", "Forward Dividend & Yield": "N/A (N/A)", "Ex-Dividend Date": "N/A", "1y Target Est": "5.33"}}, "fin": {"TTM": {"Duration": "TTM", "Total Revenue": "37,247", "Cost of Revenue": "22,244", "Gross Profit": "15,003", "Operating Expense": "12,546", "Operating Income": "2,457", "Net Non Operating Interest Income Expense": "-265.344", "Other Income Expense": "201.866", "Pretax Income": "2,393", "Tax Provision": "969.563", "Net Income Common Stockholders": "1,423", "Diluted NI Available to Com Stockholders": "1,423", "Basic EPS": "-", "Diluted EPS": "-", "Basic Average Shares": "-", "Diluted Average Shares": "-", "Total Operating Income as Reported": "2,435", "Total Expenses": "34,791", "Net Income from Continuing & Discontinued Operation": "1,423", "Normalized Income": "1,439", "Interest Expense": "265.344", "Net Interest Income": "-265.344", "EBIT": "2,658", "EBITDA": "6,014", "Reconciled Cost of Revenue": "20,014", "Reconciled Depreciation": "3,355", "Net Income from Continuing Operation Net Minority Interest": "1,423", "Total Unusual Items Excluding Goodwill": "-21.422", "Total Unusual Items": "-21.422", "Normalized EBITDA": "6,035", "Tax Rate for Calcs": "0", "Tax Effect of Unusual Items": "-5.7839"}, "6/30/2020": {"Duration": "6/30/2020", "Total Revenue": "34,968", "Cost of Revenue": "21,125", "Gross Profit": "13,842", "Operating Expense": "11,805", "Operating Income": "2,038", "Net Non Operating Interest Income Expense": "-339.446", "Other Income Expense": "-67.558", "Pretax Income": "1,631", "Tax Provision": "763.998", "Net Income Common Stockholders": "866.929", "Diluted NI Available to Com Stockholders": "866.929", "Basic EPS": "0.03", "Diluted EPS": "0.03", "Basic Average Shares": "25,853", "Diluted Average Shares": "27,470", "Total Operating Income as Reported": "2,145", "Total Expenses": "32,930", "Net Income from Continuing & Discontinued Operation": "866.929", "Normalized Income": "788.6146", "Interest Expense": "339.446", "Net Interest Income": "-339.446", "EBIT": "1,970", "EBITDA": "-", "Reconciled Cost of Revenue": "18,830", "Reconciled Depreciation": "3,424", "Net Income from Continuing Operation Net Minority Interest": "866.929", "Total Unusual Items Excluding Goodwill": "107.28", "Total Unusual Items": "107.28", "Normalized EBITDA": "5,288", "Tax Rate for Calcs": "0", "Tax Effect of Unusual Items": "28.9656"}, "6/30/2019": {"Duration": "6/30/2019", "Total Revenue": "33,749", "Cost of Revenue": "21,230", "Gross Profit": "12,519", "Operating Expense": "13,736", "Operating Income": "-1,217", "Net Non Operating Interest Income Expense": "-697.113", "Other Income Expense": "-310.994", "Pretax Income": "-2,225", "Tax Provision": "455.206", "Net Income Common Stockholders": "-2,680", "Diluted NI Available to Com Stockholders": "-2,680", "Basic EPS": "-0.10", "Diluted EPS": "-0.10", "Basic Average Shares": "25,795", "Diluted Average Shares": "25,795", "Total Operating Income as Reported": "-1,140", "Total Expenses": "34,966", "Net Income from Continuing & Discontinued Operation": "-2,680", "Normalized Income": "-2,737", "Interest Expense": "697.113", "Net Interest Income": "-697.113", "EBIT": "-1,528", "EBITDA": "-", "Reconciled Cost of Revenue": "18,987", "Reconciled Depreciation": "3,464", "Net Income from Continuing Operation Net Minority Interest": "-2,680", "Total Unusual Items Excluding Goodwill": "77.047", "Total Unusual Items": "77.047", "Normalized EBITDA": "1,859", "Tax Rate for Calcs": "0", "Tax Effect of Unusual Items": "20.8027"}, "6/30/2018": {"Duration": "6/30/2018", "Total Revenue": "32,525", "Cost of Revenue": "19,998", "Gross Profit": "12,528", "Operating Expense": "12,154", "Operating Income": "373.309", "Net Non Operating Interest Income Expense": "-186.948", "Other Income Expense": "46.666", "Pretax Income": "233.027", "Tax Provision": "-827.077", "Net Income Common Stockholders": "1,060", "Diluted NI Available to Com Stockholders": "1,060", "Basic EPS": "0.04", "Diluted EPS": "0.04", "Basic Average Shares": "25,006", "Diluted Average Shares": "26,811", "Total Operating Income as Reported": "373.567", "Total Expenses": "32,152", "Net Income from Continuing & Discontinued Operation": "1,060", "Normalized Income": "1,202", "Interest Expense": "186.948", "Net Interest Income": "-186.948", "EBIT": "419.975", "EBITDA": "-", "Reconciled Cost of Revenue": "17,911", "Reconciled Depreciation": "3,404", "Net Income from Continuing Operation Net Minority Interest": "1,060", "Total Unusual Items Excluding Goodwill": "-194.374", "Total Unusual Items": "-194.374", "Normalized EBITDA": "4,018", "Tax Rate for Calcs": "0", "Tax Effect of Unusual Items": "-52.481"}}, "bs": {"6/30/2020": {"Duration": "6/30/2020", "Total Assets": "47,575", "Total Liabilities Net Minority Interest": "13,008", "Total Equity Gross Minority Interest": "34,567", "Total Capitalization": "39,004", "Common Stock Equity": "34,567", "Capital Lease Obligations": "2,211", "Net Tangible Assets": "22,004", "Working Capital": "13,854", "Invested Capital": "39,986", "Tangible Book Value": "22,004", "Total Debt": "7,629", "Net Debt": "31.327", "Share Issued": "25,892", "Ordinary Shares Number": "25,892"}, "6/30/2019": {"Duration": "6/30/2019", "Total Assets": "45,973", "Total Liabilities Net Minority Interest": "12,514", "Total Equity Gross Minority Interest": "33,459", "Total Capitalization": "38,459", "Common Stock Equity": "33,459", "Capital Lease Obligations": "1,045", "Net Tangible Assets": "19,767", "Working Capital": "13,253", "Invested Capital": "39,041", "Tangible Book Value": "19,767", "Total Debt": "6,626", "Net Debt": "976.792", "Share Issued": "25,814", "Ordinary Shares Number": "25,814"}, "6/30/2018": {"Duration": "6/30/2018", "Total Assets": "47,117", "Total Liabilities Net Minority Interest": "11,760", "Total Equity Gross Minority Interest": "35,357", "Total Capitalization": "40,477", "Common Stock Equity": "35,357", "Capital Lease Obligations": "857.326", "Net Tangible Assets": "20,445", "Working Capital": "13,677", "Invested Capital": "41,936", "Tangible Book Value": "20,445", "Total Debt": "7,436", "Net Debt": "1,070", "Share Issued": "25,765", "Ordinary Shares Number": "25,765"}}, "cf": {"TTM": {"Duration": "TTM", "Operating Cash Flow": "4,336", "Investing Cash Flow": "-3,443", "Financing Cash Flow": "-249.344", "End Cash Position": "4,922", "Income Tax Paid Supplemental Data": "788.947", "Interest Paid Supplemental Data": "253.698", "Capital Expenditure": "-3,450", "Issuance of Capital Stock": "-", "Issuance of Debt": "675.377", "Repayment of Debt": "-1,099", "Repurchase of Capital Stock": "-", "Free Cash Flow": "886.115"}, "6/30/2020": {"Duration": "6/30/2020", "Operating Cash Flow": "3,733", "Investing Cash Flow": "-2,256", "Financing Cash Flow": "-621.708", "End Cash Position": "5,387", "Income Tax Paid Supplemental Data": "526.225", "Interest Paid Supplemental Data": "330.91", "Capital Expenditure": "-2,443", "Issuance of Capital Stock": "-", "Issuance of Debt": "400", "Repayment of Debt": "-1,069", "Repurchase of Capital Stock": "-", "Free Cash Flow": "1,290"}, "6/30/2019": {"Duration": "6/30/2019", "Operating Cash Flow": "411.185", "Investing Cash Flow": "-1,249", "Financing Cash Flow": "-1,402", "End Cash Position": "4,605", "Income Tax Paid Supplemental Data": "406.526", "Interest Paid Supplemental Data": "500.985", "Capital Expenditure": "-1,932", "Issuance of Capital Stock": "-", "Issuance of Debt": "5,814", "Repayment of Debt": "-7,174", "Repurchase of Capital Stock": "-", "Free Cash Flow": "-1,521"}, "6/30/2018": {"Duration": "6/30/2018", "Operating Cash Flow": "2,619", "Investing Cash Flow": "-2,518", "Financing Cash Flow": "-1,314", "End Cash Position": "6,509", "Income Tax Paid Supplemental Data": "386.471", "Interest Paid Supplemental Data": "546.306", "Capital Expenditure": "-2,518", "Issuance of Capital Stock": "0", "Issuance of Debt": "2,943", "Repayment of Debt": "-5,004", "Repurchase of Capital Stock": "-", "Free Cash Flow": "101.303"}}}}, {"LYTS": {"quote": {"03/28/2021": {"value": "8.55", "Market Cap": "226.025M", "Beta (5Y Monthly)": "1.97", "PE Ratio (TTM)": "31.55", "EPS (TTM)": "0.27", "Earnings Date": "Jan 21, 2021", "Forward Dividend & Yield": "0.20 (2.34%)", "Ex-Dividend Date": "Jan 29, 2021", "1y Target Est": "13.50"}}, "fin": {"TTM": {"Duration": "TTM", "Total Revenue": "280,873", "Cost of Revenue": "211,184", "Gross Profit": "69,689", "Operating Expense": "63,844", "Operating Income": "5,845", "Net Non Operating Interest Income Expense": "-325", "Other Income Expense": "3,238", "Pretax Income": "8,758", "Tax Provision": "1,186", "Net Income Common Stockholders": "7,572", "Diluted NI Available to Com Stockholders": "7,572", "Basic EPS": "-", "Diluted EPS": "-", "Basic Average Shares": "-", "Diluted Average Shares": "-", "Total Operating Income as Reported": "9,365", "Total Expenses": "275,028", "Net Income from Continuing & Discontinued Operation": "7,572", "Normalized Income": "4,529", "Interest Income": "3", "Interest Expense": "328", "Net Interest Income": "-325", "EBIT": "9,086", "EBITDA": "17,212", "Reconciled Cost of Revenue": "211,184", "Reconciled Depreciation": "8,126", "Net Income from Continuing Operation Net Minority Interest": "7,572", "Total Unusual Items Excluding Goodwill": "3,520", "Total Unusual Items": "3,520", "Normalized EBITDA": "13,692", "Tax Rate for Calcs": "0", "Tax Effect of Unusual Items": "476.675"}, "6/30/2020": {"Duration": "6/30/2020", "Total Revenue": "305,558", "Cost of Revenue": "232,028", "Gross Profit": "73,530", "Operating Expense": "68,783", "Operating Income": "4,747", "Net Non Operating Interest Income Expense": "-870", "Other Income Expense": "7,816", "Pretax Income": "11,693", "Tax Provision": "2,101", "Net Income Common Stockholders": "9,592", "Diluted NI Available to Com Stockholders": "9,592", "Basic EPS": "0.37", "Diluted EPS": "0.36", "Basic Average Shares": "26,274", "Diluted Average Shares": "26,473", "Total Operating Income as Reported": "13,076", "Total Expenses": "300,811", "Net Income from Continuing & Discontinued Operation": "9,592", "Normalized Income": "2,762", "Interest Income": "3", "Interest Expense": "873", "Net Interest Income": "-870", "EBIT": "12,566", "EBITDA": "-", "Reconciled Cost of Revenue": "232,028", "Reconciled Depreciation": "8,654", "Net Income from Continuing Operation Net Minority Interest": "9,592", "Total Unusual Items Excluding Goodwill": "8,329", "Total Unusual Items": "8,329", "Normalized EBITDA": "12,891", "Tax Rate for Calcs": "0", "Tax Effect of Unusual Items": "1,499"}, "6/30/2019": {"Duration": "6/30/2019", "Total Revenue": "328,852", "Cost of Revenue": "255,139", "Gross Profit": "73,713", "Operating Expense": "72,470", "Operating Income": "1,243", "Net Non Operating Interest Income Expense": "-2,240", "Other Income Expense": "-21,271", "Pretax Income": "-22,268", "Tax Provision": "-5,929", "Net Income Common Stockholders": "-16,339", "Diluted NI Available to Com Stockholders": "-16,339", "Basic EPS": "-0.63", "Diluted EPS": "-0.63", "Basic Average Shares": "26,109", "Diluted Average Shares": "26,109", "Total Operating Income as Reported": "-19,890", "Total Expenses": "327,609", "Net Income from Continuing & Discontinued Operation": "-16,339", "Normalized Income": "-827.378", "Interest Income": "38", "Interest Expense": "2,278", "Net Interest Income": "-2,240", "EBIT": "-19,990", "EBITDA": "-", "Reconciled Cost of Revenue": "255,139", "Reconciled Depreciation": "10,221", "Net Income from Continuing Operation Net Minority Interest": "-16,339", "Total Unusual Items Excluding Goodwill": "-21,133", "Total Unusual Items": "-21,133", "Normalized EBITDA": "11,364", "Tax Rate for Calcs": "0", "Tax Effect of Unusual Items": "-5,621"}, "6/30/2018": {"Duration": "6/30/2018", "Total Revenue": "342,023", "Cost of Revenue": "252,789", "Gross Profit": "89,234", "Operating Expense": "79,750", "Operating Income": "9,484", "Net Non Operating Interest Income Expense": "-1,680", "Other Income Expense": "-31,136", "Pretax Income": "-23,332", "Tax Provision": "-3,791", "Net Income Common Stockholders": "-19,541", "Diluted NI Available to Com Stockholders": "-19,541", "Basic EPS": "-0.76", "Diluted EPS": "-0.76", "Basic Average Shares": "25,866", "Diluted Average Shares": "25,866", "Total Operating Income as Reported": "-21,652", "Total Expenses": "332,539", "Net Income from Continuing & Discontinued Operation": "-19,541", "Normalized Income": "6,520", "Interest Income": "39", "Interest Expense": "1,719", "Net Interest Income": "-1,680", "EBIT": "-21,613", "EBITDA": "-", "Reconciled Cost of Revenue": "252,789", "Reconciled Depreciation": "10,222", "Net Income from Continuing Operation Net Minority Interest": "-19,541", "Total Unusual Items Excluding Goodwill": "-31,136", "Total Unusual Items": "-31,136", "Normalized EBITDA": "19,745", "Tax Rate for Calcs": "0", "Tax Effect of Unusual Items": "-5,075"}}, "bs": {"6/30/2020": {"Duration": "6/30/2020", "Total Assets": "172,263", "Total Liabilities Net Minority Interest": "46,563", "Total Equity Gross Minority Interest": "125,700", "Total Capitalization": "125,700", "Common Stock Equity": "125,700", "Capital Lease Obligations": "11,391", "Net Tangible Assets": "85,367", "Working Capital": "51,209", "Invested Capital": "125,700", "Tangible Book Value": "85,367", "Total Debt": "11,391", "Net Debt": "-", "Share Issued": "26,286", "Ordinary Shares Number": "26,286", "Treasury Shares Number": "-"}, "6/30/2019": {"Duration": "6/30/2019", "Total Assets": "201,100", "Total Liabilities Net Minority Interest": "81,163", "Total Equity Gross Minority Interest": "119,937", "Total Capitalization": "159,478", "Common Stock Equity": "119,937", "Capital Lease Obligations": "-", "Net Tangible Assets": "76,917", "Working Capital": "71,105", "Invested Capital": "159,478", "Tangible Book Value": "76,917", "Total Debt": "39,541", "Net Debt": "38,575", "Share Issued": "26,176", "Ordinary Shares Number": "25,967", "Treasury Shares Number": "208.965"}, "6/30/2018": {"Duration": "6/30/2018", "Total Assets": "229,517", "Total Liabilities Net Minority Interest": "90,266", "Total Equity Gross Minority Interest": "139,251", "Total Capitalization": "184,611", "Common Stock Equity": "139,251", "Capital Lease Obligations": "-", "Net Tangible Assets": "73,304", "Working Capital": "67,882", "Invested Capital": "184,611", "Tangible Book Value": "73,304", "Total Debt": "45,360", "Net Debt": "42,182", "Share Issued": "25,642", "Ordinary Shares Number": "25,642", "Treasury Shares Number": "-"}}, "cf": {"TTM": {"Duration": "TTM", "Operating Cash Flow": "22,226", "Investing Cash Flow": "5,310", "Financing Cash Flow": "-15,161", "End Cash Position": "13,623", "Income Tax Paid Supplemental Data": "-", "Interest Paid Supplemental Data": "-", "Capital Expenditure": "-2,500", "Issuance of Capital Stock": "-", "Issuance of Debt": "-", "Repayment of Debt": "-105,087", "Repurchase of Capital Stock": "-", "Free Cash Flow": "19,726"}, "6/30/2020": {"Duration": "6/30/2020", "Operating Cash Flow": "29,712", "Investing Cash Flow": "17,411", "Financing Cash Flow": "-44,396", "End Cash Position": "3,517", "Income Tax Paid Supplemental Data": "-", "Interest Paid Supplemental Data": "-", "Capital Expenditure": "-2,739", "Issuance of Capital Stock": "-", "Issuance of Debt": "165,135", "Repayment of Debt": "-204,715", "Repurchase of Capital Stock": "-", "Free Cash Flow": "26,973"}, "6/30/2019": {"Duration": "6/30/2019", "Operating Cash Flow": "11,491", "Investing Cash Flow": "-2,586", "Financing Cash Flow": "-11,117", "End Cash Position": "966", "Income Tax Paid Supplemental Data": "-", "Interest Paid Supplemental Data": "-", "Capital Expenditure": "-2,618", "Issuance of Capital Stock": "-", "Issuance of Debt": "120,612", "Repayment of Debt": "-126,431", "Repurchase of Capital Stock": "-114", "Free Cash Flow": "8,873"}, "6/30/2018": {"Duration": "6/30/2018", "Operating Cash Flow": "11,500", "Investing Cash Flow": "-1,868", "Financing Cash Flow": "-9,493", "End Cash Position": "3,178", "Income Tax Paid Supplemental Data": "-", "Interest Paid Supplemental Data": "-", "Capital Expenditure": "-3,406", "Issuance of Capital Stock": "-", "Issuance of Debt": "94,920", "Repayment of Debt": "-99,258", "Repurchase of Capital Stock": "-107", "Free Cash Flow": "8,094"}}}}, {"OSIS": {"quote": {"03/28/2021": {"value": "97.94", "Market Cap": "1.76B", "Beta (5Y Monthly)": "0.75", "PE Ratio (TTM)": "28.50", "EPS (TTM)": "3.44", "Earnings Date": "Apr 28, 2021 - May 03, 2021", "Forward Dividend & Yield": "N/A (N/A)", "Ex-Dividend Date": "N/A", "1y Target Est": "107.33"}}, "fin": {"TTM": {"Duration": "TTM", "Total Revenue": "1,100,767", "Cost of Revenue": "692,280", "Gross Profit": "408,487", "Operating Expense": "294,647", "Operating Income": "113,840", "Net Non Operating Interest Income Expense": "-17,642", "Other Income Expense": "-17,708", "Pretax Income": "78,525", "Tax Provision": "15,620", "Net Income Common Stockholders": "62,905", "Diluted NI Available to Com Stockholders": "62,905", "Basic EPS": "-", "Diluted EPS": "-", "Basic Average Shares": "-", "Diluted Average Shares": "-", "Total Operating Income as Reported": "96,132", "Total Expenses": "986,927", "Net Income from Continuing & Discontinued Operation": "62,905", "Normalized Income": "77,091", "Interest Expense": "17,642", "Net Interest Income": "-17,642", "EBIT": "96,167", "EBITDA": "140,126", "Reconciled Cost of Revenue": "692,280", "Reconciled Depreciation": "43,959", "Net Income from Continuing Operation Net Minority Interest": "62,905", "Total Unusual Items Excluding Goodwill": "-17,708", "Total Unusual Items": "-17,708", "Normalized EBITDA": "157,834", "Tax Rate for Calcs": "0", "Tax Effect of Unusual Items": "-3,522"}, "6/30/2020": {"Duration": "6/30/2020", "Total Revenue": "1,166,044", "Cost of Revenue": "745,405", "Gross Profit": "420,639", "Operating Expense": "309,269", "Operating Income": "111,370", "Net Non Operating Interest Income Expense": "-18,800", "Other Income Expense": "-6,483", "Pretax Income": "86,122", "Tax Provision": "10,870", "Net Income Common Stockholders": "75,252", "Diluted NI Available to Com Stockholders": "75,252", "Basic EPS": "4.18", "Diluted EPS": "4.05", "Basic Average Shares": "18,012", "Diluted Average Shares": "18,600", "Total Operating Income as Reported": "104,887", "Total Expenses": "1,054,674", "Net Income from Continuing & Discontinued Operation": "75,252", "Normalized Income": "80,918", "Interest Expense": "18,800", "Net Interest Income": "-18,800", "EBIT": "104,922", "EBITDA": "-", "Reconciled Cost of Revenue": "745,405", "Reconciled Depreciation": "49,758", "Net Income from Continuing Operation Net Minority Interest": "75,252", "Total Unusual Items Excluding Goodwill": "-6,483", "Total Unusual Items": "-6,483", "Normalized EBITDA": "161,163", "Tax Rate for Calcs": "0", "Tax Effect of Unusual Items": "-816.858"}, "6/30/2019": {"Duration": "6/30/2019", "Total Revenue": "1,182,115", "Cost of Revenue": "751,521", "Gross Profit": "430,594", "Operating Expense": "318,993", "Operating Income": "111,601", "Net Non Operating Interest Income Expense": "-21,603", "Other Income Expense": "-3,834", "Pretax Income": "86,164", "Tax Provision": "21,368", "Net Income Common Stockholders": "64,796", "Diluted NI Available to Com Stockholders": "64,796", "Basic EPS": "3.57", "Diluted EPS": "3.46", "Basic Average Shares": "18,167", "Diluted Average Shares": "18,720", "Total Operating Income as Reported": "107,774", "Total Expenses": "1,070,514", "Net Income from Continuing & Discontinued Operation": "64,796", "Normalized Income": "67,674", "Interest Expense": "21,603", "Net Interest Income": "-21,603", "EBIT": "107,767", "EBITDA": "-", "Reconciled Cost of Revenue": "751,521", "Reconciled Depreciation": "56,234", "Net Income from Continuing Operation Net Minority Interest": "64,796", "Total Unusual Items Excluding Goodwill": "-3,827", "Total Unusual Items": "-3,827", "Normalized EBITDA": "167,828", "Tax Rate for Calcs": "0", "Tax Effect of Unusual Items": "-949.096"}, "6/30/2018": {"Duration": "6/30/2018", "Total Revenue": "1,089,286", "Cost of Revenue": "697,634", "Gross Profit": "391,652", "Operating Expense": "300,781", "Operating Income": "90,871", "Net Non Operating Interest Income Expense": "-19,293", "Other Income Expense": "-34,724", "Pretax Income": "36,854", "Tax Provision": "65,981", "Net Income Common Stockholders": "-29,127", "Diluted NI Available to Com Stockholders": "-29,127", "Basic EPS": "-1.62", "Diluted EPS": "-1.62", "Basic Average Shares": "18,032", "Diluted Average Shares": "18,592", "Total Operating Income as Reported": "55,908", "Total Expenses": "998,415", "Net Income from Continuing & Discontinued Operation": "-29,127", "Normalized Income": "-3,604", "Interest Expense": "19,293", "Net Interest Income": "-19,293", "EBIT": "56,147", "EBITDA": "-", "Reconciled Cost of Revenue": "697,634", "Reconciled Depreciation": "69,754", "Net Income from Continuing Operation Net Minority Interest": "-29,127", "Total Unusual Items Excluding Goodwill": "-34,963", "Total Unusual Items": "-34,963", "Normalized EBITDA": "160,864", "Tax Rate for Calcs": "0", "Tax Effect of Unusual Items": "-9,440"}}, "bs": {"6/30/2020": {"Duration": "6/30/2020", "Total Assets": "1,268,541", "Total Liabilities Net Minority Interest": "696,389", "Total Equity Gross Minority Interest": "572,152", "Total Capitalization": "839,224", "Common Stock Equity": "572,152", "Net Tangible Assets": "133,246", "Working Capital": "287,608", "Invested Capital": "899,150", "Tangible Book Value": "133,246", "Total Debt": "326,998", "Net Debt": "250,896", "Share Issued": "18,012", "Ordinary Shares Number": "18,012"}, "6/30/2019": {"Duration": "6/30/2019", "Total Assets": "1,264,864", "Total Liabilities Net Minority Interest": "713,137", "Total Equity Gross Minority Interest": "551,727", "Total Capitalization": "809,479", "Common Stock Equity": "551,727", "Net Tangible Assets": "111,665", "Working Capital": "258,891", "Invested Capital": "898,283", "Tangible Book Value": "111,665", "Total Debt": "346,556", "Net Debt": "250,240", "Share Issued": "18,167", "Ordinary Shares Number": "18,167"}, "6/30/2018": {"Duration": "6/30/2018", "Total Assets": "1,255,691", "Total Liabilities Net Minority Interest": "766,255", "Total Equity Gross Minority Interest": "489,436", "Total Capitalization": "738,416", "Common Stock Equity": "489,436", "Net Tangible Assets": "55,222", "Working Capital": "207,375", "Invested Capital": "853,678", "Tangible Book Value": "55,222", "Total Debt": "364,242", "Net Debt": "279,428", "Share Issued": "18,032", "Ordinary Shares Number": "18,032"}}, "cf": {"TTM": {"Duration": "TTM", "Operating Cash Flow": "159,032", "Investing Cash Flow": "-47,553", "Financing Cash Flow": "-134,274", "End Cash Position": "72,261", "Income Tax Paid Supplemental Data": "14,534", "Interest Paid Supplemental Data": "6,483", "Capital Expenditure": "-33,856", "Issuance of Debt": "644", "Repayment of Debt": "-1,029", "Repurchase of Capital Stock": "-49,597", "Free Cash Flow": "125,176"}, "6/30/2020": {"Duration": "6/30/2020", "Operating Cash Flow": "129,180", "Investing Cash Flow": "-42,687", "Financing Cash Flow": "-104,730", "End Cash Position": "76,102", "Income Tax Paid Supplemental Data": "19,077", "Interest Paid Supplemental Data": "7,713", "Capital Expenditure": "-33,747", "Issuance of Debt": "770", "Repayment of Debt": "-970", "Repurchase of Capital Stock": "-51,775", "Free Cash Flow": "95,433"}, "6/30/2019": {"Duration": "6/30/2019", "Operating Cash Flow": "119,112", "Investing Cash Flow": "-48,486", "Financing Cash Flow": "-58,314", "End Cash Position": "96,316", "Income Tax Paid Supplemental Data": "34,794", "Interest Paid Supplemental Data": "11,862", "Capital Expenditure": "-30,215", "Issuance of Debt": "1,409", "Repayment of Debt": "-3,122", "Repurchase of Capital Stock": "-21,029", "Free Cash Flow": "88,897"}, "6/30/2018": {"Duration": "6/30/2018", "Operating Cash Flow": "133,109", "Investing Cash Flow": "-149,444", "Financing Cash Flow": "-68,448", "End Cash Position": "84,814", "Income Tax Paid Supplemental Data": "29,445", "Interest Paid Supplemental Data": "9,249", "Capital Expenditure": "-45,651", "Issuance of Debt": "1,044", "Repayment of Debt": "-2,592", "Repurchase of Capital Stock": "-62,932", "Free Cash Flow": "87,458"}}}}, {"MAG": {"quote": {"03/28/2021": {"value": "15.30", "Market Cap": "1.446B", "Beta (5Y Monthly)": "1.22", "PE Ratio (TTM)": "N/A", "EPS (TTM)": "-0.20", "Earnings Date": "N/A", "Forward Dividend & Yield": "N/A (N/A)", "Ex-Dividend Date": "N/A", "1y Target Est": "18.04"}}, "fin": {"TTM": {"Duration": "TTM", "Total Revenue": "0", "Cost of Revenue": "121", "Gross Profit": "-121", "Operating Expense": "8,972", "Operating Income": "-9,093", "Net Non Operating Interest Income Expense": "637", "Other Income Expense": "2,385", "Pretax Income": "-6,071", "Tax Provision": "1,026", "Net Income Common Stockholders": "-7,097", "Diluted NI Available to Com Stockholders": "-7,097", "Basic EPS": "-", "Diluted EPS": "-", "Basic Average Shares": "-", "Diluted Average Shares": "-", "Total Expenses": "9,093", "Interest Income": "637", "Net Interest Income": "637", "Net Income from Continuing & Discontinued Operation": "-7,097", "Normalized Income": "-7,223", "EBIT": "-9,093", "EBITDA": "-8,972", "Reconciled Cost of Revenue": "121", "Reconciled Depreciation": "121", "Net Income from Continuing Operation Net Minority Interest": "-7,097", "Total Unusual Items Excluding Goodwill": "171", "Total Unusual Items": "171", "Normalized EBITDA": "-9,143", "Tax Rate for Calcs": "0", "Tax Effect of Unusual Items": "45.315"}, "12/31/2020": {"Duration": "12/31/2020", "Total Revenue": "0", "Cost of Revenue": "121", "Gross Profit": "-121", "Operating Expense": "8,972", "Operating Income": "-9,093", "Net Non Operating Interest Income Expense": "637", "Other Income Expense": "2,385", "Pretax Income": "-6,071", "Tax Provision": "1,026", "Net Income Common Stockholders": "-7,097", "Diluted NI Available to Com Stockholders": "-7,097", "Basic EPS": "-", "Diluted EPS": "-", "Basic Average Shares": "-", "Diluted Average Shares": "-", "Total Expenses": "9,093", "Interest Income": "637", "Net Interest Income": "637", "Net Income from Continuing & Discontinued Operation": "-7,097", "Normalized Income": "-7,223", "EBIT": "-9,093", "EBITDA": "-", "Reconciled Cost of Revenue": "121", "Reconciled Depreciation": "121", "Net Income from Continuing Operation Net Minority Interest": "-7,097", "Total Unusual Items Excluding Goodwill": "171", "Total Unusual Items": "171", "Normalized EBITDA": "-9,143", "Tax Rate for Calcs": "0", "Tax Effect of Unusual Items": "45.315"}, "12/31/2019": {"Duration": "12/31/2019", "Total Revenue": "0", "Cost of Revenue": "106", "Gross Profit": "-106", "Operating Expense": "8,902", "Operating Income": "-9,008", "Net Non Operating Interest Income Expense": "2,627", "Other Income Expense": "1,824", "Pretax Income": "-4,557", "Tax Provision": "-131", "Net Income Common Stockholders": "-4,426", "Diluted NI Available to Com Stockholders": "-4,426", "Basic EPS": "-0.05", "Diluted EPS": "-0.05", "Basic Average Shares": "86,143", "Diluted Average Shares": "86,143", "Total Expenses": "9,008", "Interest Income": "2,627", "Net Interest Income": "2,627", "Net Income from Continuing & Discontinued Operation": "-4,426", "Normalized Income": "-4,368", "EBIT": "-9,008", "EBITDA": "-", "Reconciled Cost of Revenue": "106", "Reconciled Depreciation": "106", "Net Income from Continuing Operation Net Minority Interest": "-4,426", "Total Unusual Items Excluding Goodwill": "-60", "Total Unusual Items": "-60", "Normalized EBITDA": "-8,842", "Tax Rate for Calcs": "0", "Tax Effect of Unusual Items": "-1.7248"}, "12/31/2018": {"Duration": "12/31/2018", "Total Revenue": "0", "Cost of Revenue": "15", "Gross Profit": "-15", "Operating Expense": "8,793", "Operating Income": "-8,808", "Net Non Operating Interest Income Expense": "3,118", "Other Income Expense": "684", "Pretax Income": "-5,006", "Tax Provision": "796", "Net Income Common Stockholders": "-5,802", "Diluted NI Available to Com Stockholders": "-5,802", "Basic EPS": "-0.07", "Diluted EPS": "-0.07", "Basic Average Shares": "85,519", "Diluted Average Shares": "85,519", "Total Expenses": "8,808", "Interest Income": "3,118", "Net Interest Income": "3,118", "Net Income from Continuing & Discontinued Operation": "-5,802", "Normalized Income": "-6,138", "EBIT": "-8,808", "EBITDA": "-", "Reconciled Cost of Revenue": "15", "Reconciled Depreciation": "15", "Net Income from Continuing Operation Net Minority Interest": "-5,802", "Total Unusual Items Excluding Goodwill": "457", "Total Unusual Items": "457", "Normalized EBITDA": "-9,250", "Tax Rate for Calcs": "0", "Tax Effect of Unusual Items": "121.105"}}, "bs": {"12/31/2020": {"Duration": "12/31/2020", "Total Assets": "323,082", "Total Liabilities Net Minority Interest": "6,414", "Total Equity Gross Minority Interest": "316,668", "Total Capitalization": "316,668", "Common Stock Equity": "316,668", "Capital Lease Obligations": "476", "Net Tangible Assets": "316,668", "Working Capital": "94,513", "Invested Capital": "316,668", "Tangible Book Value": "316,668", "Total Debt": "476", "Share Issued": "94,813", "Ordinary Shares Number": "94,813"}, "12/31/2019": {"Duration": "12/31/2019", "Total Assets": "218,810", "Total Liabilities Net Minority Interest": "3,563", "Total Equity Gross Minority Interest": "215,247", "Total Capitalization": "215,247", "Common Stock Equity": "215,247", "Capital Lease Obligations": "541", "Net Tangible Assets": "215,247", "Working Capital": "71,858", "Invested Capital": "215,247", "Tangible Book Value": "215,247", "Total Debt": "541", "Share Issued": "86,580", "Ordinary Shares Number": "86,580"}, "12/31/2018": {"Duration": "12/31/2018", "Total Assets": "217,557", "Total Liabilities Net Minority Interest": "3,676", "Total Equity Gross Minority Interest": "213,881", "Total Capitalization": "213,881", "Common Stock Equity": "213,881", "Capital Lease Obligations": "-", "Net Tangible Assets": "213,881", "Working Capital": "129,316", "Invested Capital": "213,881", "Tangible Book Value": "213,881", "Total Debt": "-", "Share Issued": "85,539", "Ordinary Shares Number": "85,539"}}, "cf": {"TTM": {"Duration": "TTM", "Operating Cash Flow": "-6,214", "Investing Cash Flow": "-65,312", "Financing Cash Flow": "92,429", "End Cash Position": "94,008", "Capital Expenditure": "-4,947", "Issuance of Capital Stock": "89,164", "Repayment of Debt": "-72", "Free Cash Flow": "-11,161"}, "12/31/2020": {"Duration": "12/31/2020", "Operating Cash Flow": "-6,214", "Investing Cash Flow": "-65,312", "Financing Cash Flow": "92,429", "End Cash Position": "94,008", "Capital Expenditure": "-4,947", "Issuance of Capital Stock": "89,164", "Repayment of Debt": "-72", "Free Cash Flow": "-11,161"}, "12/31/2019": {"Duration": "12/31/2019", "Operating Cash Flow": "-3,207", "Investing Cash Flow": "-57,133", "Financing Cash Flow": "2,748", "End Cash Position": "72,360", "Capital Expenditure": "-3,584", "Issuance of Capital Stock": "2,819", "Repayment of Debt": "-71", "Free Cash Flow": "-6,791"}, "12/31/2018": {"Duration": "12/31/2018", "Operating Cash Flow": "-3,945", "Investing Cash Flow": "-26,212", "Financing Cash Flow": "0", "End Cash Position": "130,180", "Capital Expenditure": "-2,270", "Issuance of Capital Stock": "0", "Repayment of Debt": "-", "Free Cash Flow": "-6,215"}}}}, {"SVT": {"quote": {"03/28/2021": {"value": "8.80", "Market Cap": "21.898M", "Beta (5Y Monthly)": "0.82", "PE Ratio (TTM)": "17.22", "EPS (TTM)": "0.51", "Earnings Date": "Nov 13, 2020", "Forward Dividend & Yield": "N/A (N/A)", "Ex-Dividend Date": "Jun 27, 2019", "1y Target Est": "N/A"}}, "fin": {"TTM": {"Duration": "TTM", "Total Revenue": "49,844", "Cost of Revenue": "41,604", "Gross Profit": "8,240", "Operating Expense": "7,998", "Operating Income": "242", "Net Non Operating Interest Income Expense": "-180", "Other Income Expense": "-", "Pretax Income": "62", "Tax Provision": "-38", "Net Income Common Stockholders": "100", "Diluted NI Available to Com Stockholders": "100", "Basic EPS": "-", "Diluted EPS": "-", "Basic Average Shares": "-", "Diluted Average Shares": "-", "Total Operating Income as Reported": "-", "Total Expenses": "49,602", "Net Income from Continuing & Discontinued Operation": "100", "Normalized Income": "100", "Interest Expense": "180", "Net Interest Income": "-180", "EBIT": "242", "EBITDA": "1,684", "Reconciled Cost of Revenue": "41,604", "Reconciled Depreciation": "1,442", "Net Income from Continuing Operation Net Minority Interest": "100", "Total Unusual Items": "-", "Normalized EBITDA": "1,684", "Tax Rate for Calcs": "0", "Tax Effect of Unusual Items": "0"}, "12/31/2020": {"Duration": "12/31/2020", "Total Revenue": "49,844", "Cost of Revenue": "41,604", "Gross Profit": "8,240", "Operating Expense": "7,998", "Operating Income": "242", "Net Non Operating Interest Income Expense": "-180", "Other Income Expense": "-", "Pretax Income": "62", "Tax Provision": "-38", "Net Income Common Stockholders": "100", "Diluted NI Available to Com Stockholders": "100", "Basic EPS": "-", "Diluted EPS": "-", "Basic Average Shares": "-", "Diluted Average Shares": "-", "Total Operating Income as Reported": "-", "Total Expenses": "49,602", "Net Income from Continuing & Discontinued Operation": "100", "Normalized Income": "100", "Interest Expense": "180", "Net Interest Income": "-180", "EBIT": "242", "EBITDA": "-", "Reconciled Cost of Revenue": "41,604", "Reconciled Depreciation": "1,442", "Net Income from Continuing Operation Net Minority Interest": "100", "Total Unusual Items": "-", "Normalized EBITDA": "1,684", "Tax Rate for Calcs": "0", "Tax Effect of Unusual Items": "0"}, "12/31/2019": {"Duration": "12/31/2019", "Total Revenue": "55,272", "Cost of Revenue": "43,146", "Gross Profit": "12,126", "Operating Expense": "9,313", "Operating Income": "2,813", "Net Non Operating Interest Income Expense": "-125", "Other Income Expense": "-", "Pretax Income": "2,688", "Tax Provision": "579", "Net Income Common Stockholders": "2,109", "Diluted NI Available to Com Stockholders": "2,109", "Basic EPS": "0.91", "Diluted EPS": "0.88", "Basic Average Shares": "2,330", "Diluted Average Shares": "2,386", "Total Operating Income as Reported": "-", "Total Expenses": "52,459", "Net Income from Continuing & Discontinued Operation": "2,109", "Normalized Income": "2,109", "Interest Expense": "125", "Net Interest Income": "-125", "EBIT": "2,813", "EBITDA": "-", "Reconciled Cost of Revenue": "43,146", "Reconciled Depreciation": "1,268", "Net Income from Continuing Operation Net Minority Interest": "2,109", "Total Unusual Items": "-", "Normalized EBITDA": "4,081", "Tax Rate for Calcs": "0", "Tax Effect of Unusual Items": "0"}, "12/31/2018": {"Duration": "12/31/2018", "Total Revenue": "47,857", "Cost of Revenue": "35,772", "Gross Profit": "12,085", "Operating Expense": "7,743", "Operating Income": "4,342", "Net Non Operating Interest Income Expense": "-107", "Other Income Expense": "-", "Pretax Income": "4,235", "Tax Provision": "737", "Net Income Common Stockholders": "3,498", "Diluted NI Available to Com Stockholders": "3,498", "Basic EPS": "1.54", "Diluted EPS": "1.49", "Basic Average Shares": "2,272", "Diluted Average Shares": "2,353", "Total Operating Income as Reported": "-", "Total Expenses": "43,515", "Net Income from Continuing & Discontinued Operation": "3,498", "Normalized Income": "3,498", "Interest Expense": "107", "Net Interest Income": "-107", "EBIT": "4,342", "EBITDA": "-", "Reconciled Cost of Revenue": "35,772", "Reconciled Depreciation": "1,025", "Net Income from Continuing Operation Net Minority Interest": "3,498", "Total Unusual Items": "-", "Normalized EBITDA": "5,367", "Tax Rate for Calcs": "0", "Tax Effect of Unusual Items": "0"}}, "bs": {"12/31/2020": {"Duration": "12/31/2020", "Total Assets": "50,328", "Total Liabilities Net Minority Interest": "16,591", "Total Equity Gross Minority Interest": "33,737", "Total Capitalization": "41,030", "Common Stock Equity": "33,737", "Capital Lease Obligations": "301", "Net Tangible Assets": "33,737", "Working Capital": "31,074", "Invested Capital": "43,364", "Tangible Book Value": "33,737", "Total Debt": "9,928", "Net Debt": "3,692", "Share Issued": "2,543", "Ordinary Shares Number": "2,417", "Treasury Shares Number": "126.079"}, "12/31/2019": {"Duration": "12/31/2019", "Total Assets": "49,470", "Total Liabilities Net Minority Interest": "15,938", "Total Equity Gross Minority Interest": "33,532", "Total Capitalization": "38,702", "Common Stock Equity": "33,532", "Capital Lease Obligations": "301", "Net Tangible Assets": "33,532", "Working Capital": "27,659", "Invested Capital": "39,250", "Tangible Book Value": "33,532", "Total Debt": "6,019", "Net Debt": "3,689", "Share Issued": "2,527", "Ordinary Shares Number": "2,400", "Treasury Shares Number": "127.504"}, "12/31/2018": {"Duration": "12/31/2018", "Total Assets": "41,685", "Total Liabilities Net Minority Interest": "10,172", "Total Equity Gross Minority Interest": "31,513", "Total Capitalization": "33,923", "Common Stock Equity": "31,513", "Capital Lease Obligations": "175", "Net Tangible Assets": "31,513", "Working Capital": "23,141", "Invested Capital": "34,471", "Tangible Book Value": "31,513", "Total Debt": "3,133", "Net Debt": "360", "Share Issued": "2,510", "Ordinary Shares Number": "2,392", "Treasury Shares Number": "117.979"}}, "cf": {"TTM": {"Duration": "TTM", "Operating Cash Flow": "826", "Investing Cash Flow": "-729", "Financing Cash Flow": "3,809", "End Cash Position": "5,935", "Capital Expenditure": "-729", "Issuance of Debt": "4,750", "Repayment of Debt": "-841", "Repurchase of Capital Stock": "-100", "Free Cash Flow": "97"}, "12/31/2020": {"Duration": "12/31/2020", "Operating Cash Flow": "826", "Investing Cash Flow": "-729", "Financing Cash Flow": "3,809", "End Cash Position": "5,935", "Capital Expenditure": "-729", "Issuance of Debt": "4,750", "Repayment of Debt": "-841", "Repurchase of Capital Stock": "-100", "Free Cash Flow": "97"}, "12/31/2019": {"Duration": "12/31/2019", "Operating Cash Flow": "-620", "Investing Cash Flow": "-2,271", "Financing Cash Flow": "2,322", "End Cash Position": "2,029", "Capital Expenditure": "-2,271", "Issuance of Debt": "3,721", "Repayment of Debt": "-833", "Repurchase of Capital Stock": "-157", "Free Cash Flow": "-2,891"}, "12/31/2018": {"Duration": "12/31/2018", "Operating Cash Flow": "833", "Investing Cash Flow": "-1,866", "Financing Cash Flow": "-1,076", "End Cash Position": "2,598", "Capital Expenditure": "-1,866", "Issuance of Debt": "210", "Repayment of Debt": "-708", "Repurchase of Capital Stock": "-175", "Free Cash Flow": "-1,033"}}}}, {"ULBI": {"quote": {"03/28/2021": {"value": "8.57", "Market Cap": "136.777M", "Beta (5Y Monthly)": "1.56", "PE Ratio (TTM)": "26.05", "EPS (TTM)": "0.33", "Earnings Date": "Feb 04, 2021", "Forward Dividend & Yield": "N/A (N/A)", "Ex-Dividend Date": "N/A", "1y Target Est": "3.25"}}, "fin": {"TTM": {"Duration": "TTM", "Total Revenue": "107,712", "Cost of Revenue": "78,553", "Gross Profit": "29,159", "Operating Expense": "23,458", "Operating Income": "5,701", "Net Non Operating Interest Income Expense": "-436", "Other Income Expense": "1,758", "Pretax Income": "7,023", "Tax Provision": "1,692", "Net Income Common Stockholders": "5,232", "Diluted NI Available to Com Stockholders": "5,232", "Basic EPS": "-", "Diluted EPS": "-", "Basic Average Shares": "-", "Diluted Average Shares": "-", "Total Operating Income as Reported": "5,701", "Total Expenses": "102,011", "Net Income from Continuing & Discontinued Operation": "5,232", "Normalized Income": "4,023", "Interest Expense": "436", "Net Interest Income": "-436", "EBIT": "7,459", "EBITDA": "10,394", "Reconciled Cost of Revenue": "78,553", "Reconciled Depreciation": "2,935", "Net Income from Continuing Operation Net Minority Interest": "5,232", "Total Unusual Items Excluding Goodwill": "1,593", "Total Unusual Items": "1,593", "Normalized EBITDA": "8,801", "Tax Rate for Calcs": "0", "Tax Effect of Unusual Items": "383.913"}, "12/31/2020": {"Duration": "12/31/2020", "Total Revenue": "107,712", "Cost of Revenue": "78,553", "Gross Profit": "29,159", "Operating Expense": "23,458", "Operating Income": "5,701", "Net Non Operating Interest Income Expense": "-436", "Other Income Expense": "1,758", "Pretax Income": "7,023", "Tax Provision": "1,692", "Net Income Common Stockholders": "5,232", "Diluted NI Available to Com Stockholders": "5,232", "Basic EPS": "0.33", "Diluted EPS": "0.33", "Basic Average Shares": "15,902", "Diluted Average Shares": "16,096", "Total Operating Income as Reported": "5,701", "Total Expenses": "102,011", "Net Income from Continuing & Discontinued Operation": "5,232", "Normalized Income": "4,023", "Interest Expense": "436", "Net Interest Income": "-436", "EBIT": "7,459", "EBITDA": "-", "Reconciled Cost of Revenue": "78,553", "Reconciled Depreciation": "2,935", "Net Income from Continuing Operation Net Minority Interest": "5,232", "Total Unusual Items Excluding Goodwill": "1,593", "Total Unusual Items": "1,593", "Normalized EBITDA": "8,801", "Tax Rate for Calcs": "0", "Tax Effect of Unusual Items": "383.913"}, "12/31/2019": {"Duration": "12/31/2019", "Total Revenue": "106,795", "Cost of Revenue": "75,630", "Gross Profit": "31,165", "Operating Expense": "23,797", "Operating Income": "7,368", "Net Non Operating Interest Income Expense": "-539", "Other Income Expense": "-58", "Pretax Income": "6,771", "Tax Provision": "1,457", "Net Income Common Stockholders": "5,205", "Diluted NI Available to Com Stockholders": "5,205", "Basic EPS": "0.33", "Diluted EPS": "0.32", "Basic Average Shares": "15,783", "Diluted Average Shares": "16,179", "Total Operating Income as Reported": "7,368", "Total Expenses": "99,427", "Net Income from Continuing & Discontinued Operation": "5,205", "Normalized Income": "5,205", "Interest Expense": "539", "Net Interest Income": "-539", "EBIT": "7,310", "EBITDA": "-", "Reconciled Cost of Revenue": "75,630", "Reconciled Depreciation": "2,745", "Net Income from Continuing Operation Net Minority Interest": "5,205", "Total Unusual Items Excluding Goodwill": "-", "Total Unusual Items": "-", "Normalized EBITDA": "10,055", "Tax Rate for Calcs": "0", "Tax Effect of Unusual Items": "0"}, "12/31/2018": {"Duration": "12/31/2018", "Total Revenue": "87,190", "Cost of Revenue": "61,607", "Gross Profit": "25,583", "Operating Expense": "19,028", "Operating Income": "6,555", "Net Non Operating Interest Income Expense": "-63", "Other Income Expense": "121", "Pretax Income": "6,613", "Tax Provision": "-18,386", "Net Income Common Stockholders": "24,930", "Diluted NI Available to Com Stockholders": "24,930", "Basic EPS": "1.57", "Diluted EPS": "1.53", "Basic Average Shares": "15,882", "Diluted Average Shares": "16,347", "Total Operating Income as Reported": "6,555", "Total Expenses": "80,635", "Net Income from Continuing & Discontinued Operation": "24,930", "Normalized Income": "24,930", "Interest Expense": "63", "Net Interest Income": "-63", "EBIT": "6,676", "EBITDA": "-", "Reconciled Cost of Revenue": "61,607", "Reconciled Depreciation": "2,369", "Net Income from Continuing Operation Net Minority Interest": "24,930", "Total Unusual Items Excluding Goodwill": "-", "Total Unusual Items": "-", "Normalized EBITDA": "9,045", "Tax Rate for Calcs": "0", "Tax Effect of Unusual Items": "0"}}, "bs": {"12/31/2020": {"Duration": "12/31/2020", "Total Assets": "137,701", "Total Liabilities Net Minority Interest": "20,778", "Total Equity Gross Minority Interest": "116,923", "Total Capitalization": "116,800", "Common Stock Equity": "116,800", "Net Tangible Assets": "80,573", "Working Capital": "45,790", "Invested Capital": "118,161", "Tangible Book Value": "80,573", "Total Debt": "1,361", "Net Debt": "-", "Share Issued": "20,374", "Ordinary Shares Number": "15,960", "Treasury Shares Number": "4,414"}, "12/31/2019": {"Duration": "12/31/2019", "Total Assets": "144,557", "Total Liabilities Net Minority Interest": "34,807", "Total Equity Gross Minority Interest": "109,750", "Total Capitalization": "125,506", "Common Stock Equity": "109,726", "Net Tangible Assets": "73,252", "Working Capital": "53,183", "Invested Capital": "126,878", "Tangible Book Value": "73,252", "Total Debt": "17,152", "Net Debt": "10,017", "Share Issued": "20,268", "Ordinary Shares Number": "15,867", "Treasury Shares Number": "4,401"}, "12/31/2018": {"Duration": "12/31/2018", "Total Assets": "120,104", "Total Liabilities Net Minority Interest": "15,570", "Total Equity Gross Minority Interest": "104,534", "Total Capitalization": "104,619", "Common Stock Equity": "104,619", "Net Tangible Assets": "78,006", "Working Capital": "52,274", "Invested Capital": "104,619", "Tangible Book Value": "78,006", "Total Debt": "-", "Net Debt": "-", "Share Issued": "20,053", "Ordinary Shares Number": "15,921", "Treasury Shares Number": "4,133"}}, "cf": {"TTM": {"Duration": "TTM", "Operating Cash Flow": "21,720", "Investing Cash Flow": "-2,981", "Financing Cash Flow": "-15,694", "End Cash Position": "10,653", "Income Tax Paid Supplemental Data": "264", "Interest Paid Supplemental Data": "375", "Capital Expenditure": "-3,101", "Issuance of Debt": "3,459", "Repayment of Debt": "-19,301", "Repurchase of Capital Stock": "0", "Free Cash Flow": "18,619"}, "12/31/2020": {"Duration": "12/31/2020", "Operating Cash Flow": "21,720", "Investing Cash Flow": "-2,981", "Financing Cash Flow": "-15,694", "End Cash Position": "10,653", "Income Tax Paid Supplemental Data": "264", "Interest Paid Supplemental Data": "375", "Capital Expenditure": "-3,101", "Issuance of Debt": "3,459", "Repayment of Debt": "-19,301", "Repurchase of Capital Stock": "0", "Free Cash Flow": "18,619"}, "12/31/2019": {"Duration": "12/31/2019", "Operating Cash Flow": "-2,970", "Investing Cash Flow": "-31,529", "Financing Cash Flow": "16,124", "End Cash Position": "7,405", "Income Tax Paid Supplemental Data": "266", "Interest Paid Supplemental Data": "576", "Capital Expenditure": "-6,281", "Issuance of Debt": "18,182", "Repayment of Debt": "-866", "Repurchase of Capital Stock": "-1,957", "Free Cash Flow": "-9,251"}, "12/31/2018": {"Duration": "12/31/2018", "Operating Cash Flow": "10,886", "Investing Cash Flow": "-4,185", "Financing Cash Flow": "1,168", "End Cash Position": "25,934", "Income Tax Paid Supplemental Data": "220", "Interest Paid Supplemental Data": "132", "Capital Expenditure": "-4,185", "Issuance of Debt": "-", "Repayment of Debt": "-", "Repurchase of Capital Stock": "-742", "Free Cash Flow": "6,701"}}}}, {"CAPC": {"quote": {"03/28/2021": {"value": "1.4000", "Market Cap": "64.815M", "Beta (5Y Monthly)": "-1.76", "PE Ratio (TTM)": "N/A", "EPS (TTM)": "-0.0580", "Earnings Date": "Mar 31, 2021", "Forward Dividend & Yield": "N/A (N/A)", "Ex-Dividend Date": "N/A", "1y Target Est": "N/A"}}, "fin": {"TTM": {"Duration": "TTM", "Total Revenue": "2,770", "Cost of Revenue": "2,267", "Gross Profit": "503.766", "Operating Expense": "2,966", "Operating Income": "-2,462", "Net Non Operating Interest Income Expense": "0.179", "Other Income Expense": "-533.938", "Pretax Income": "-2,996", "Tax Provision": "-611.939", "Net Income Common Stockholders": "-2,384", "Diluted NI Available to Com Stockholders": "-2,384", "Basic EPS": "-", "Diluted EPS": "-", "Basic Average Shares": "-", "Diluted Average Shares": "-", "Total Operating Income as Reported": "-3,086", "Total Expenses": "5,232", "Net Income from Continuing & Discontinued Operation": "-2,384", "Normalized Income": "-1,888", "Interest Income": "0.179", "Interest Expense": "-", "Net Interest Income": "0.179", "EBIT": "-2,462", "EBITDA": "-2,438", "Reconciled Cost of Revenue": "2,267", "Reconciled Depreciation": "24.297", "Net Income from Continuing Operation Net Minority Interest": "-2,384", "Total Unusual Items Excluding Goodwill": "-623.538", "Total Unusual Items": "-623.538", "Normalized EBITDA": "-1,814", "Tax Rate for Calcs": "0", "Tax Effect of Unusual Items": "-127.3888"}, "12/31/2020": {"Duration": "12/31/2020", "Total Revenue": "2,770", "Cost of Revenue": "2,267", "Gross Profit": "503.766", "Operating Expense": "2,966", "Operating Income": "-2,462", "Net Non Operating Interest Income Expense": "0.179", "Other Income Expense": "-533.938", "Pretax Income": "-2,996", "Tax Provision": "-611.939", "Net Income Common Stockholders": "-2,384", "Diluted NI Available to Com Stockholders": "-2,384", "Basic EPS": "-", "Diluted EPS": "-", "Basic Average Shares": "-", "Diluted Average Shares": "-", "Total Operating Income as Reported": "-3,086", "Total Expenses": "5,232", "Net Income from Continuing & Discontinued Operation": "-2,384", "Normalized Income": "-1,888", "Interest Income": "0.179", "Interest Expense": "-", "Net Interest Income": "0.179", "EBIT": "-2,462", "EBITDA": "-", "Reconciled Cost of Revenue": "2,267", "Reconciled Depreciation": "24.297", "Net Income from Continuing Operation Net Minority Interest": "-2,384", "Total Unusual Items Excluding Goodwill": "-623.538", "Total Unusual Items": "-623.538", "Normalized EBITDA": "-1,814", "Tax Rate for Calcs": "0", "Tax Effect of Unusual Items": "-127.3888"}, "12/31/2019": {"Duration": "12/31/2019", "Total Revenue": "12,404", "Cost of Revenue": "9,973", "Gross Profit": "2,432", "Operating Expense": "3,364", "Operating Income": "-932.901", "Net Non Operating Interest Income Expense": "-3.206", "Other Income Expense": "29.505", "Pretax Income": "-906.602", "Tax Provision": "-14.933", "Net Income Common Stockholders": "-891.669", "Diluted NI Available to Com Stockholders": "-891.669", "Basic EPS": "-0.02", "Diluted EPS": "-0.02", "Basic Average Shares": "46,863", "Diluted Average Shares": "46,863", "Total Operating Income as Reported": "-932.901", "Total Expenses": "13,337", "Net Income from Continuing & Discontinued Operation": "-891.669", "Normalized Income": "-891.669", "Interest Income": "-", "Interest Expense": "3.206", "Net Interest Income": "-3.206", "EBIT": "-903.396", "EBITDA": "-", "Reconciled Cost of Revenue": "9,973", "Reconciled Depreciation": "44.194", "Net Income from Continuing Operation Net Minority Interest": "-891.669", "Total Unusual Items Excluding Goodwill": "-", "Total Unusual Items": "-", "Normalized EBITDA": "-859.202", "Tax Rate for Calcs": "0", "Tax Effect of Unusual Items": "0"}, "12/31/2018": {"Duration": "12/31/2018", "Total Revenue": "12,830", "Cost of Revenue": "9,937", "Gross Profit": "2,894", "Operating Expense": "4,138", "Operating Income": "-1,245", "Net Non Operating Interest Income Expense": "0", "Other Income Expense": "-55.36", "Pretax Income": "-1,300", "Tax Provision": "-288.975", "Net Income Common Stockholders": "-1,011", "Diluted NI Available to Com Stockholders": "-1,011", "Basic EPS": "-0.02", "Diluted EPS": "-0.02", "Basic Average Shares": "47,046", "Diluted Average Shares": "47,046", "Total Operating Income as Reported": "-1,245", "Total Expenses": "14,075", "Net Income from Continuing & Discontinued Operation": "-1,011", "Normalized Income": "-1,011", "Interest Income": "-", "Interest Expense": "0", "Net Interest Income": "0", "EBIT": "-1,300", "EBITDA": "-", "Reconciled Cost of Revenue": "9,937", "Reconciled Depreciation": "45.51", "Net Income from Continuing Operation Net Minority Interest": "-1,011", "Total Unusual Items Excluding Goodwill": "-", "Total Unusual Items": "-", "Normalized EBITDA": "-1,255", "Tax Rate for Calcs": "0", "Tax Effect of Unusual Items": "0"}}, "bs": {"12/31/2020": {"Duration": "12/31/2020", "Total Assets": "3,841", "Total Liabilities Net Minority Interest": "1,256", "Total Equity Gross Minority Interest": "2,585", "Total Capitalization": "2,585", "Common Stock Equity": "2,585", "Capital Lease Obligations": "170.997", "Net Tangible Assets": "1,272", "Working Capital": "1,401", "Invested Capital": "2,585", "Tangible Book Value": "1,272", "Total Debt": "170.997", "Share Issued": "46,296", "Ordinary Shares Number": "46,296"}, "12/31/2019": {"Duration": "12/31/2019", "Total Assets": "5,834", "Total Liabilities Net Minority Interest": "857.765", "Total Equity Gross Minority Interest": "4,977", "Total Capitalization": "4,977", "Common Stock Equity": "4,977", "Capital Lease Obligations": "222.172", "Net Tangible Assets": "3,041", "Working Capital": "2,886", "Invested Capital": "4,977", "Tangible Book Value": "3,041", "Total Debt": "222.172", "Share Issued": "46,580", "Ordinary Shares Number": "46,580"}, "12/31/2018": {"Duration": "12/31/2018", "Total Assets": "6,493", "Total Liabilities Net Minority Interest": "593.984", "Total Equity Gross Minority Interest": "5,899", "Total Capitalization": "5,899", "Common Stock Equity": "5,899", "Capital Lease Obligations": "-", "Net Tangible Assets": "3,963", "Working Capital": "3,796", "Invested Capital": "5,899", "Tangible Book Value": "3,963", "Total Debt": "-", "Share Issued": "47,046", "Ordinary Shares Number": "47,046"}}, "cf": {"TTM": {"Duration": "TTM", "Operating Cash Flow": "-1,858", "Investing Cash Flow": "-13.5", "Financing Cash Flow": "-36.333", "End Cash Position": "1,224", "Income Tax Paid Supplemental Data": "-", "Interest Paid Supplemental Data": "0", "Capital Expenditure": "-13.5", "Issuance of Debt": "-", "Repayment of Debt": "-", "Repurchase of Capital Stock": "-36.333", "Free Cash Flow": "-1,871"}, "12/31/2020": {"Duration": "12/31/2020", "Operating Cash Flow": "-1,858", "Investing Cash Flow": "-13.5", "Financing Cash Flow": "-36.333", "End Cash Position": "1,224", "Income Tax Paid Supplemental Data": "-", "Interest Paid Supplemental Data": "0", "Capital Expenditure": "-13.5", "Issuance of Debt": "-", "Repayment of Debt": "-", "Repurchase of Capital Stock": "-36.333", "Free Cash Flow": "-1,871"}, "12/31/2019": {"Duration": "12/31/2019", "Operating Cash Flow": "-585.58", "Investing Cash Flow": "-34.123", "Financing Cash Flow": "-71.407", "End Cash Position": "3,131", "Income Tax Paid Supplemental Data": "0", "Interest Paid Supplemental Data": "3.206", "Capital Expenditure": "-34.123", "Issuance of Debt": "-", "Repayment of Debt": "-", "Repurchase of Capital Stock": "-71.407", "Free Cash Flow": "-619.703"}, "12/31/2018": {"Duration": "12/31/2018", "Operating Cash Flow": "208.029", "Investing Cash Flow": "-53.866", "Financing Cash Flow": "0", "End Cash Position": "3,822", "Income Tax Paid Supplemental Data": "865", "Interest Paid Supplemental Data": "0", "Capital Expenditure": "-53.866", "Issuance of Debt": "0", "Repayment of Debt": "0", "Repurchase of Capital Stock": "0", "Free Cash Flow": "154.163"}}}}, {"RTBC": {"quote": {"03/28/2021": {"value": "", "Net Assets": "N/A", "Beta (5Y Monthly)": "N/A", "Yield": "N/A", "5y Average Return": "N/A", "Holdings Turnover": "N/A", "Last Dividend": "N/A", "Average for Category": "N/A", "Inception Date": "N/A"}}, "fin": {}, "bs": {}, "cf": {}}}, {"ARTX": {"fin": {}, "bs": {}, "cf": {}}}, {"AETI": {"fin": {}, "bs": {}, "cf": {}}}, {"CUI": {"fin": {}, "bs": {}, "cf": {}}}, {"HYGS": {"fin": {}, "bs": {}, "cf": {}}}, {"HPJ": {"fin": {}, "bs": {}, "cf": {}}}, {"CSTU": {"fin": {}, "bs": {}, "cf": {}}}, {"GBLL": {"fin": {}, "bs": {}, "cf": {}}}]