[{"SWK": {"quote": {"05/12/2021": {"value": "214.41", "Market Cap": "34.626B", "Beta (5Y Monthly)": "1.44", "PE Ratio (TTM)": "21.78", "EPS (TTM)": "9.84", "Earnings Date": "Jul 28, 2021 - Aug 02, 2021", "Forward Dividend & Yield": "2.80 (1.29%)", "Ex-Dividend Date": "Jun 07, 2021", "1y Target Est": "236.54"}}, "fin": {"TTM": {"Duration": "TTM", "Total Revenue": "14,534,600", "Cost of Revenue": "9,566,700", "Gross Profit": "4,967,900", "Operating Expense": "3,089,600", "Operating Income": "1,878,300", "Net Non Operating Interest Income Expense": "-205,100", "Other Income Expense": "-406,200", "Pretax Income": "1,267,000", "Tax Provision": "41,400", "Earnings from Equity Interest Net of Tax": "9,100", "Net Income Common Stockholders": "1,210,400", "Diluted NI Available to Com Stockholders": "1,210,400", "Basic EPS": "-", "Diluted EPS": "-", "Basic Average Shares": "-", "Diluted Average Shares": "-", "Total Operating Income as Reported": "1,472,100", "Total Expenses": "12,656,300", "Net Income from Continuing & Discontinued Operation": "1,233,800", "Normalized Income": "1,372,468", "Interest Income": "18,000", "Interest Expense": "223,100", "Net Interest Income": "-205,100", "EBIT": "1,490,100", "EBITDA": "2,068,200", "Reconciled Cost of Revenue": "9,566,700", "Reconciled Depreciation": "578,100", "Net Income from Continuing Operation Net Minority Interest": "1,233,800", "Total Unusual Items Excluding Goodwill": "-143,400", "Total Unusual Items": "-143,400", "Normalized EBITDA": "2,211,600", "Tax Rate for Calcs": "0", "Tax Effect of Unusual Items": "-4,732"}, "12/31/2020": {"Duration": "12/31/2020", "Total Revenue": "14,534,600", "Cost of Revenue": "9,566,700", "Gross Profit": "4,967,900", "Operating Expense": "3,089,600", "Operating Income": "1,878,300", "Net Non Operating Interest Income Expense": "-205,100", "Other Income Expense": "-406,200", "Pretax Income": "1,267,000", "Tax Provision": "41,400", "Earnings from Equity Interest Net of Tax": "9,100", "Net Income Common Stockholders": "1,210,400", "Diluted NI Available to Com Stockholders": "1,210,400", "Basic EPS": "7.85", "Diluted EPS": "7.77", "Basic Average Shares": "154,176", "Diluted Average Shares": "155,861", "Total Operating Income as Reported": "1,472,100", "Total Expenses": "12,656,300", "Net Income from Continuing & Discontinued Operation": "1,233,800", "Normalized Income": "1,372,468", "Interest Income": "18,000", "Interest Expense": "223,100", "Net Interest Income": "-205,100", "EBIT": "1,490,100", "EBITDA": "-", "Reconciled Cost of Revenue": "9,566,700", "Reconciled Depreciation": "578,100", "Net Income from Continuing Operation Net Minority Interest": "1,233,800", "Total Unusual Items Excluding Goodwill": "-143,400", "Total Unusual Items": "-143,400", "Normalized EBITDA": "2,211,600", "Tax Rate for Calcs": "0", "Tax Effect of Unusual Items": "-4,732"}, "12/31/2019": {"Duration": "12/31/2019", "Total Revenue": "14,442,200", "Cost of Revenue": "9,636,700", "Gross Profit": "4,805,500", "Operating Expense": "3,041,000", "Operating Income": "1,764,500", "Net Non Operating Interest Income Expense": "-230,400", "Other Income Expense": "-404,100", "Pretax Income": "1,130,000", "Tax Provision": "160,800", "Earnings from Equity Interest Net of Tax": "-11,200", "Net Income Common Stockholders": "955,800", "Diluted NI Available to Com Stockholders": "955,800", "Basic EPS": "6.44", "Diluted EPS": "6.35", "Basic Average Shares": "148,365", "Diluted Average Shares": "150,558", "Total Operating Income as Reported": "1,360,400", "Total Expenses": "12,677,700", "Net Income from Continuing & Discontinued Operation": "955,800", "Normalized Income": "1,088,790", "Interest Income": "53,900", "Interest Expense": "284,300", "Net Interest Income": "-230,400", "EBIT": "1,414,300", "EBITDA": "-", "Reconciled Cost of Revenue": "9,636,700", "Reconciled Depreciation": "560,200", "Net Income from Continuing Operation Net Minority Interest": "955,800", "Total Unusual Items Excluding Goodwill": "-155,000", "Total Unusual Items": "-155,000", "Normalized EBITDA": "2,129,500", "Tax Rate for Calcs": "0", "Tax Effect of Unusual Items": "-22,010"}, "12/31/2018": {"Duration": "12/31/2018", "Total Revenue": "13,982,400", "Cost of Revenue": "9,131,300", "Gross Profit": "4,851,100", "Operating Expense": "3,171,700", "Operating Income": "1,679,400", "Net Non Operating Interest Income Expense": "-209,200", "Other Income Expense": "-448,100", "Pretax Income": "1,022,100", "Tax Provision": "416,300", "Earnings from Equity Interest Net of Tax": "-", "Net Income Common Stockholders": "605,200", "Diluted NI Available to Com Stockholders": "605,200", "Basic EPS": "4.33", "Diluted EPS": "4.26", "Basic Average Shares": "148,919", "Diluted Average Shares": "151,643", "Total Operating Income as Reported": "1,282,100", "Total Expenses": "12,303,000", "Net Income from Continuing & Discontinued Operation": "605,200", "Normalized Income": "722,803", "Interest Income": "68,700", "Interest Expense": "277,900", "Net Interest Income": "-209,200", "EBIT": "1,300,000", "EBITDA": "-", "Reconciled Cost of Revenue": "9,131,300", "Reconciled Depreciation": "506,500", "Net Income from Continuing Operation Net Minority Interest": "605,200", "Total Unusual Items Excluding Goodwill": "-161,100", "Total Unusual Items": "-161,100", "Normalized EBITDA": "1,967,600", "Tax Rate for Calcs": "0", "Tax Effect of Unusual Items": "-43,497"}}, "bs": {"12/31/2020": {"Duration": "12/31/2020", "Total Assets": "23,566,300", "Total Liabilities Net Minority Interest": "12,499,900", "Total Equity Gross Minority Interest": "11,066,400", "Total Capitalization": "15,305,000", "Preferred Stock Equity": "1,500,000", "Common Stock Equity": "9,559,600", "Capital Lease Obligations": "138,800", "Net Tangible Assets": "-3,034,300", "Working Capital": "1,477,700", "Invested Capital": "13,806,500", "Tangible Book Value": "-4,534,300", "Total Debt": "4,385,700", "Net Debt": "2,865,900", "Share Issued": "176,903", "Ordinary Shares Number": "160,752", "Treasury Shares Number": "16,150"}, "12/31/2019": {"Duration": "12/31/2019", "Total Assets": "20,596,600", "Total Liabilities Net Minority Interest": "11,454,400", "Total Equity Gross Minority Interest": "9,142,200", "Total Capitalization": "12,312,700", "Preferred Stock Equity": "1,500,000", "Common Stock Equity": "7,636,300", "Capital Lease Obligations": "141,300", "Net Tangible Assets": "-3,723,200", "Working Capital": "50,900", "Invested Capital": "11,153,100", "Tangible Book Value": "-5,223,200", "Total Debt": "3,658,100", "Net Debt": "3,219,100", "Share Issued": "176,903", "Ordinary Shares Number": "153,506", "Treasury Shares Number": "23,396"}, "12/31/2018": {"Duration": "12/31/2018", "Total Assets": "19,408,000", "Total Liabilities Net Minority Interest": "11,568,100", "Total Equity Gross Minority Interest": "7,839,900", "Total Capitalization": "11,656,000", "Preferred Stock Equity": "750,000", "Common Stock Equity": "7,086,200", "Capital Lease Obligations": "-", "Net Tangible Assets": "-4,605,000", "Working Capital": "567,800", "Invested Capital": "11,284,600", "Tangible Book Value": "-5,355,000", "Total Debt": "4,198,400", "Net Debt": "3,909,700", "Share Issued": "176,903", "Ordinary Shares Number": "151,302", "Treasury Shares Number": "25,600"}}, "cf": {"TTM": {"Duration": "TTM", "Operating Cash Flow": "2,022,100", "Investing Cash Flow": "-1,577,100", "Financing Cash Flow": "615,900", "End Cash Position": "1,398,300", "Capital Expenditure": "-348,100", "Issuance of Capital Stock": "897,000", "Issuance of Debt": "2,173,800", "Repayment of Debt": "-1,154,300", "Repurchase of Capital Stock": "-26,200", "Free Cash Flow": "1,674,000"}, "12/31/2020": {"Duration": "12/31/2020", "Operating Cash Flow": "2,022,100", "Investing Cash Flow": "-1,577,100", "Financing Cash Flow": "615,900", "End Cash Position": "1,398,300", "Capital Expenditure": "-348,100", "Issuance of Capital Stock": "897,000", "Issuance of Debt": "2,173,800", "Repayment of Debt": "-1,154,300", "Repurchase of Capital Stock": "-26,200", "Free Cash Flow": "1,674,000"}, "12/31/2019": {"Duration": "12/31/2019", "Operating Cash Flow": "1,505,700", "Investing Cash Flow": "-1,208,600", "Financing Cash Flow": "-292,500", "End Cash Position": "314,600", "Capital Expenditure": "-424,700", "Issuance of Capital Stock": "881,000", "Issuance of Debt": "496,200", "Repayment of Debt": "-1,150,000", "Repurchase of Capital Stock": "-27,500", "Free Cash Flow": "1,081,000"}, "12/31/2018": {"Duration": "12/31/2018", "Operating Cash Flow": "1,260,900", "Investing Cash Flow": "-989,100", "Financing Cash Flow": "-561,600", "End Cash Position": "311,400", "Capital Expenditure": "-492,100", "Issuance of Capital Stock": "38,500", "Issuance of Debt": "990,000", "Repayment of Debt": "-977,500", "Repurchase of Capital Stock": "-527,100", "Free Cash Flow": "768,800"}}}}, {"ROLL": {"quote": {"05/12/2021": {"value": "193.19", "Market Cap": "4.857B", "Beta (5Y Monthly)": "1.37", "PE Ratio (TTM)": "49.03", "EPS (TTM)": "3.94", "Earnings Date": "May 21, 2021", "Forward Dividend & Yield": "N/A (N/A)", "Ex-Dividend Date": "May 28, 2014", "1y Target Est": "165.50"}}, "fin": {"TTM": {"Duration": "TTM", "Total Revenue": "634,532", "Cost of Revenue": "386,311", "Gross Profit": "248,221", "Operating Expense": "118,568", "Operating Income": "129,653", "Net Non Operating Interest Income Expense": "-1,494", "Other Income Expense": "-4,798", "Pretax Income": "123,361", "Tax Provision": "24,930", "Net Income Common Stockholders": "98,431", "Diluted NI Available to Com Stockholders": "98,431", "Basic EPS": "-", "Diluted EPS": "-", "Basic Average Shares": "-", "Diluted Average Shares": "-", "Total Operating Income as Reported": "125,238", "Total Expenses": "504,879", "Interest Expense": "1,494", "Net Interest Income": "-1,494", "Net Income from Continuing & Discontinued Operation": "98,431", "Normalized Income": "98,431", "EBIT": "124,855", "EBITDA": "157,812", "Reconciled Cost of Revenue": "386,311", "Reconciled Depreciation": "32,957", "Net Income from Continuing Operation Net Minority Interest": "98,431", "Total Unusual Items Excluding Goodwill": "-", "Total Unusual Items": "-", "Normalized EBITDA": "157,812", "Tax Rate for Calcs": "0", "Tax Effect of Unusual Items": "0"}, "3/31/2020": {"Duration": "3/31/2020", "Total Revenue": "727,461", "Cost of Revenue": "438,358", "Gross Profit": "289,103", "Operating Expense": "131,557", "Operating Income": "157,546", "Net Non Operating Interest Income Expense": "-1,885", "Other Income Expense": "-1,522", "Pretax Income": "154,139", "Tax Provision": "28,103", "Net Income Common Stockholders": "126,036", "Diluted NI Available to Com Stockholders": "126,036", "Basic EPS": "5.12", "Diluted EPS": "5.06", "Basic Average Shares": "24,633", "Diluted Average Shares": "24,923", "Total Operating Income as Reported": "156,785", "Total Expenses": "569,915", "Interest Expense": "1,885", "Net Interest Income": "-1,885", "Net Income from Continuing & Discontinued Operation": "126,036", "Normalized Income": "126,658", "EBIT": "156,024", "EBITDA": "-", "Reconciled Cost of Revenue": "416,550", "Reconciled Depreciation": "31,420", "Net Income from Continuing Operation Net Minority Interest": "126,036", "Total Unusual Items Excluding Goodwill": "-761", "Total Unusual Items": "-761", "Normalized EBITDA": "188,205", "Tax Rate for Calcs": "0", "Tax Effect of Unusual Items": "-138.502"}, "3/31/2019": {"Duration": "3/31/2019", "Total Revenue": "702,516", "Cost of Revenue": "425,863", "Gross Profit": "276,653", "Operating Expense": "127,712", "Operating Income": "148,941", "Net Non Operating Interest Income Expense": "-5,173", "Other Income Expense": "-17,678", "Pretax Income": "126,090", "Tax Provision": "20,897", "Net Income Common Stockholders": "105,193", "Diluted NI Available to Com Stockholders": "105,193", "Basic EPS": "4.32", "Diluted EPS": "4.26", "Basic Average Shares": "24,358", "Diluted Average Shares": "24,716", "Total Operating Income as Reported": "132,035", "Total Expenses": "553,575", "Interest Expense": "5,173", "Net Interest Income": "-5,173", "Net Income from Continuing & Discontinued Operation": "105,193", "Normalized Income": "119,293", "EBIT": "131,263", "EBITDA": "-", "Reconciled Cost of Revenue": "405,871", "Reconciled Depreciation": "29,658", "Net Income from Continuing Operation Net Minority Interest": "105,193", "Total Unusual Items Excluding Goodwill": "-16,906", "Total Unusual Items": "-16,906", "Normalized EBITDA": "177,827", "Tax Rate for Calcs": "0", "Tax Effect of Unusual Items": "-2,806"}}, "bs": {"3/31/2020": {"Duration": "3/31/2020", "Total Assets": "1,321,912", "Total Liabilities Net Minority Interest": "203,913", "Total Equity Gross Minority Interest": "1,117,999", "Total Capitalization": "1,134,582", "Common Stock Equity": "1,117,999", "Capital Lease Obligations": "29,104", "Net Tangible Assets": "677,476", "Working Capital": "508,251", "Invested Capital": "1,141,011", "Tangible Book Value": "677,476", "Total Debt": "52,116", "Net Debt": "-", "Share Issued": "25,881", "Ordinary Shares Number": "25,042", "Treasury Shares Number": "838.982"}, "3/31/2019": {"Duration": "3/31/2019", "Total Assets": "1,147,367", "Total Liabilities Net Minority Interest": "178,801", "Total Equity Gross Minority Interest": "968,566", "Total Capitalization": "1,011,745", "Common Stock Equity": "968,566", "Capital Lease Obligations": "-", "Net Tangible Assets": "551,494", "Working Capital": "413,152", "Invested Capital": "1,012,212", "Tangible Book Value": "551,494", "Total Debt": "43,646", "Net Debt": "13,762", "Share Issued": "25,607", "Ordinary Shares Number": "24,854", "Treasury Shares Number": "752.913"}}, "cf": {"TTM": {"Duration": "TTM", "Operating Cash Flow": "155,012", "Investing Cash Flow": "-85,302", "Financing Cash Flow": "-4,215", "End Cash Position": "125,823", "Income Tax Paid Supplemental Data": "18,382", "Interest Paid Supplemental Data": "996", "Capital Expenditure": "-18,544", "Issuance of Debt": "0", "Repayment of Debt": "-4,974", "Repurchase of Capital Stock": "-6,867", "Free Cash Flow": "136,468"}, "3/31/2020": {"Duration": "3/31/2020", "Operating Cash Flow": "155,621", "Investing Cash Flow": "-62,785", "Financing Cash Flow": "-20,367", "End Cash Position": "103,255", "Income Tax Paid Supplemental Data": "27,071", "Interest Paid Supplemental Data": "1,288", "Capital Expenditure": "-37,297", "Issuance of Debt": "24,818", "Repayment of Debt": "-46,298", "Repurchase of Capital Stock": "-12,209", "Free Cash Flow": "118,324"}, "3/31/2019": {"Duration": "3/31/2019", "Operating Cash Flow": "108,547", "Investing Cash Flow": "-17,142", "Financing Cash Flow": "-113,284", "End Cash Position": "29,884", "Income Tax Paid Supplemental Data": "22,141", "Interest Paid Supplemental Data": "4,228", "Capital Expenditure": "-41,346", "Issuance of Debt": "149,250", "Repayment of Debt": "-279,721", "Repurchase of Capital Stock": "-5,232", "Free Cash Flow": "67,201"}}}}, {"TKR": {"quote": {"04/26/2021": {"value": "83.91", "Market Cap": "6.442B", "Beta (5Y Monthly)": "1.78", "PE Ratio (TTM)": "22.56", "EPS (TTM)": "3.72", "Earnings Date": "Apr 28, 2021", "Forward Dividend & Yield": "1.16 (1.39%)", "Ex-Dividend Date": "Feb 19, 2021", "1y Target Est": "91.80"}}, "fin": {"TTM": {"Duration": "TTM", "Total Revenue": "3,513,200", "Cost of Revenue": "2,503,300", "Gross Profit": "1,009,900", "Operating Expense": "533,800", "Operating Income": "476,100", "Net Non Operating Interest Income Expense": "-63,900", "Other Income Expense": "-15,900", "Pretax Income": "396,300", "Tax Provision": "103,900", "Net Income Common Stockholders": "284,500", "Diluted NI Available to Com Stockholders": "284,500", "Basic EPS": "-", "Diluted EPS": "-", "Basic Average Shares": "-", "Diluted Average Shares": "-", "Total Operating Income as Reported": "454,900", "Total Expenses": "3,037,100", "Interest Income": "3,700", "Interest Expense": "67,600", "Net Interest Income": "-63,900", "Net Income from Continuing & Discontinued Operation": "284,500", "Normalized Income": "300,146", "EBIT": "463,900", "EBITDA": "631,000", "Reconciled Cost of Revenue": "2,503,300", "Reconciled Depreciation": "167,100", "Net Income from Continuing Operation Net Minority Interest": "284,500", "Total Unusual Items Excluding Goodwill": "-21,200", "Total Unusual Items": "-21,200", "Normalized EBITDA": "652,200", "Tax Rate for Calcs": "0", "Tax Effect of Unusual Items": "-5,554"}, "12/31/2020": {"Duration": "12/31/2020", "Total Revenue": "3,513,200", "Cost of Revenue": "2,503,300", "Gross Profit": "1,009,900", "Operating Expense": "533,800", "Operating Income": "476,100", "Net Non Operating Interest Income Expense": "-63,900", "Other Income Expense": "-15,900", "Pretax Income": "396,300", "Tax Provision": "103,900", "Net Income Common Stockholders": "284,500", "Diluted NI Available to Com Stockholders": "284,500", "Basic EPS": "-", "Diluted EPS": "-", "Basic Average Shares": "-", "Diluted Average Shares": "-", "Total Operating Income as Reported": "454,900", "Total Expenses": "3,037,100", "Interest Income": "3,700", "Interest Expense": "67,600", "Net Interest Income": "-63,900", "Net Income from Continuing & Discontinued Operation": "284,500", "Normalized Income": "300,146", "EBIT": "463,900", "EBITDA": "-", "Reconciled Cost of Revenue": "2,503,300", "Reconciled Depreciation": "167,100", "Net Income from Continuing Operation Net Minority Interest": "284,500", "Total Unusual Items Excluding Goodwill": "-21,200", "Total Unusual Items": "-21,200", "Normalized EBITDA": "652,200", "Tax Rate for Calcs": "0", "Tax Effect of Unusual Items": "-5,554"}, "12/31/2019": {"Duration": "12/31/2019", "Total Revenue": "3,789,900", "Cost of Revenue": "2,648,100", "Gross Profit": "1,141,800", "Operating Expense": "618,600", "Operating Income": "523,200", "Net Non Operating Interest Income Expense": "-67,200", "Other Income Expense": "16,400", "Pretax Income": "472,400", "Tax Provision": "97,700", "Net Income Common Stockholders": "362,100", "Diluted NI Available to Com Stockholders": "362,100", "Basic EPS": "4.78", "Diluted EPS": "4.71", "Basic Average Shares": "75,758", "Diluted Average Shares": "76,897", "Total Operating Income as Reported": "516,400", "Total Expenses": "3,266,700", "Interest Income": "4,900", "Interest Expense": "72,100", "Net Interest Income": "-67,200", "Net Income from Continuing & Discontinued Operation": "362,100", "Normalized Income": "367,492", "EBIT": "544,500", "EBITDA": "-", "Reconciled Cost of Revenue": "2,648,100", "Reconciled Depreciation": "160,600", "Net Income from Continuing Operation Net Minority Interest": "362,100", "Total Unusual Items Excluding Goodwill": "-6,800", "Total Unusual Items": "-6,800", "Normalized EBITDA": "711,900", "Tax Rate for Calcs": "0", "Tax Effect of Unusual Items": "-1,408"}, "12/31/2018": {"Duration": "12/31/2018", "Total Revenue": "3,580,800", "Cost of Revenue": "2,540,700", "Gross Profit": "1,040,100", "Operating Expense": "580,700", "Operating Income": "459,400", "Net Non Operating Interest Income Expense": "-49,600", "Other Income Expense": "-1,700", "Pretax Income": "408,100", "Tax Provision": "102,600", "Net Income Common Stockholders": "302,800", "Diluted NI Available to Com Stockholders": "302,800", "Basic EPS": "3.93", "Diluted EPS": "3.86", "Basic Average Shares": "77,120", "Diluted Average Shares": "78,337", "Total Operating Income as Reported": "454,500", "Total Expenses": "3,121,400", "Interest Income": "2,100", "Interest Expense": "51,700", "Net Interest Income": "-49,600", "Net Income from Continuing & Discontinued Operation": "302,800", "Normalized Income": "306,470", "EBIT": "459,800", "EBITDA": "-", "Reconciled Cost of Revenue": "2,540,700", "Reconciled Depreciation": "146,000", "Net Income from Continuing Operation Net Minority Interest": "302,800", "Total Unusual Items Excluding Goodwill": "-4,900", "Total Unusual Items": "-4,900", "Normalized EBITDA": "610,700", "Tax Rate for Calcs": "0", "Tax Effect of Unusual Items": "-1,230"}}, "bs": {"12/31/2020": {"Duration": "12/31/2020", "Total Assets": "5,041,600", "Total Liabilities Net Minority Interest": "2,816,400", "Total Equity Gross Minority Interest": "2,225,200", "Total Capitalization": "3,586,800", "Common Stock Equity": "2,152,900", "Capital Lease Obligations": "102,700", "Net Tangible Assets": "363,900", "Working Capital": "1,152,300", "Invested Capital": "3,717,500", "Tangible Book Value": "363,900", "Total Debt": "1,667,300", "Net Debt": "1,244,300", "Share Issued": "75,835", "Ordinary Shares Number": "75,676", "Treasury Shares Number": "158.836"}, "12/31/2019": {"Duration": "12/31/2019", "Total Assets": "4,859,900", "Total Liabilities Net Minority Interest": "2,905,100", "Total Equity Gross Minority Interest": "1,954,800", "Total Capitalization": "3,516,300", "Common Stock Equity": "1,868,200", "Capital Lease Obligations": "99,600", "Net Tangible Assets": "116,000", "Working Capital": "1,138,000", "Invested Capital": "3,598,300", "Tangible Book Value": "116,000", "Total Debt": "1,829,700", "Net Debt": "1,520,600", "Share Issued": "98,375", "Ordinary Shares Number": "75,539", "Treasury Shares Number": "22,836"}, "12/31/2018": {"Duration": "12/31/2018", "Total Assets": "4,445,200", "Total Liabilities Net Minority Interest": "2,802,500", "Total Equity Gross Minority Interest": "1,642,700", "Total Capitalization": "3,218,200", "Common Stock Equity": "1,579,600", "Capital Lease Obligations": "-", "Net Tangible Assets": "-114,100", "Working Capital": "1,051,600", "Invested Capital": "3,261,200", "Tangible Book Value": "-114,100", "Total Debt": "1,681,600", "Net Debt": "1,549,100", "Share Issued": "98,375", "Ordinary Shares Number": "75,954", "Treasury Shares Number": "22,421"}}, "cf": {"TTM": {"Duration": "TTM", "Operating Cash Flow": "577,600", "Investing Cash Flow": "-153,500", "Financing Cash Flow": "-331,100", "End Cash Position": "321,100", "Capital Expenditure": "-121,600", "Issuance of Debt": "706,000", "Repayment of Debt": "-943,700", "Repurchase of Capital Stock": "-49,300", "Free Cash Flow": "456,000"}, "12/31/2020": {"Duration": "12/31/2020", "Operating Cash Flow": "577,600", "Investing Cash Flow": "-153,500", "Financing Cash Flow": "-331,100", "End Cash Position": "321,100", "Capital Expenditure": "-121,600", "Issuance of Debt": "706,000", "Repayment of Debt": "-943,700", "Repurchase of Capital Stock": "-49,300", "Free Cash Flow": "456,000"}, "12/31/2019": {"Duration": "12/31/2019", "Operating Cash Flow": "550,100", "Investing Cash Flow": "-364,900", "Financing Cash Flow": "-100,700", "End Cash Position": "216,200", "Capital Expenditure": "-140,600", "Issuance of Debt": "687,800", "Repayment of Debt": "-633,800", "Repurchase of Capital Stock": "-62,700", "Free Cash Flow": "409,500"}, "12/31/2018": {"Duration": "12/31/2018", "Operating Cash Flow": "332,500", "Investing Cash Flow": "-865,200", "Financing Cash Flow": "553,100", "End Cash Position": "133,100", "Capital Expenditure": "-112,600", "Issuance of Debt": "1,543,100", "Repayment of Debt": "-803,700", "Repurchase of Capital Stock": "-98,500", "Free Cash Flow": "219,900"}}}}, {"CVR": {"quote": {"05/12/2021": {"value": "26.70", "Market Cap": "25.796M", "Beta (5Y Monthly)": "N/A", "PE Ratio (TTM)": "48.37", "EPS (TTM)": "0.55", "Earnings Date": "May 07, 2021", "Forward Dividend & Yield": "0.88 (3.27%)", "Ex-Dividend Date": "Mar 04, 2021", "1y Target Est": "N/A"}}, "fin": {"TTM": {"Duration": "TTM", "Total Revenue": "27,591", "Cost of Revenue": "22,675", "Gross Profit": "4,915", "Operating Expense": "4,998", "Operating Income": "-83.014", "Net Non Operating Interest Income Expense": "94.956", "Other Income Expense": "53.508", "Pretax Income": "65.45", "Tax Provision": "15", "Net Income Common Stockholders": "50.45", "Diluted NI Available to Com Stockholders": "50.45", "Basic EPS": "-", "Diluted EPS": "-", "Basic Average Shares": "-", "Diluted Average Shares": "-", "Total Operating Income as Reported": "-83.014", "Total Expenses": "27,674", "Net Income from Continuing & Discontinued Operation": "50.45", "Normalized Income": "50.45", "Interest Income": "94.956", "Net Interest Income": "94.956", "EBIT": "-83.014", "EBITDA": "1,264", "Reconciled Cost of Revenue": "22,675", "Reconciled Depreciation": "1,347", "Net Income from Continuing Operation Net Minority Interest": "50.45", "Total Unusual Items Excluding Goodwill": "-", "Total Unusual Items": "-", "Normalized EBITDA": "1,264", "Tax Rate for Calcs": "0", "Tax Effect of Unusual Items": "0"}, "12/31/2020": {"Duration": "12/31/2020", "Total Revenue": "27,591", "Cost of Revenue": "22,675", "Gross Profit": "4,915", "Operating Expense": "4,998", "Operating Income": "-83.014", "Net Non Operating Interest Income Expense": "94.956", "Other Income Expense": "53.508", "Pretax Income": "65.45", "Tax Provision": "15", "Net Income Common Stockholders": "50.45", "Diluted NI Available to Com Stockholders": "50.45", "Basic EPS": "-", "Diluted EPS": "-", "Basic Average Shares": "-", "Diluted Average Shares": "-", "Total Operating Income as Reported": "-83.014", "Total Expenses": "27,674", "Net Income from Continuing & Discontinued Operation": "50.45", "Normalized Income": "50.45", "Interest Income": "94.956", "Net Interest Income": "94.956", "EBIT": "-83.014", "EBITDA": "-", "Reconciled Cost of Revenue": "22,675", "Reconciled Depreciation": "1,347", "Net Income from Continuing Operation Net Minority Interest": "50.45", "Total Unusual Items Excluding Goodwill": "-", "Total Unusual Items": "-", "Normalized EBITDA": "1,264", "Tax Rate for Calcs": "0", "Tax Effect of Unusual Items": "0"}, "12/31/2019": {"Duration": "12/31/2019", "Total Revenue": "32,873", "Cost of Revenue": "27,128", "Gross Profit": "5,745", "Operating Expense": "5,253", "Operating Income": "491.584", "Net Non Operating Interest Income Expense": "144.73", "Other Income Expense": "47", "Pretax Income": "683.314", "Tax Provision": "145", "Net Income Common Stockholders": "538.314", "Diluted NI Available to Com Stockholders": "538.314", "Basic EPS": "0.56", "Diluted EPS": "0.56", "Basic Average Shares": "966.132", "Diluted Average Shares": "966.132", "Total Operating Income as Reported": "491.584", "Total Expenses": "32,381", "Net Income from Continuing & Discontinued Operation": "538.314", "Normalized Income": "538.314", "Interest Income": "144.73", "Net Interest Income": "144.73", "EBIT": "491.584", "EBITDA": "-", "Reconciled Cost of Revenue": "27,128", "Reconciled Depreciation": "1,382", "Net Income from Continuing Operation Net Minority Interest": "538.314", "Total Unusual Items Excluding Goodwill": "-", "Total Unusual Items": "-", "Normalized EBITDA": "1,874", "Tax Rate for Calcs": "0", "Tax Effect of Unusual Items": "0"}, "12/31/2018": {"Duration": "12/31/2018", "Total Revenue": "37,174", "Cost of Revenue": "29,268", "Gross Profit": "7,906", "Operating Expense": "5,503", "Operating Income": "2,403", "Net Non Operating Interest Income Expense": "120.141", "Other Income Expense": "33.396", "Pretax Income": "2,556", "Tax Provision": "555", "Net Income Common Stockholders": "2,001", "Diluted NI Available to Com Stockholders": "2,001", "Basic EPS": "2.07", "Diluted EPS": "2.07", "Basic Average Shares": "966.132", "Diluted Average Shares": "966.132", "Total Operating Income as Reported": "2,403", "Total Expenses": "34,772", "Net Income from Continuing & Discontinued Operation": "2,001", "Normalized Income": "2,001", "Interest Income": "120.141", "Net Interest Income": "120.141", "EBIT": "2,403", "EBITDA": "-", "Reconciled Cost of Revenue": "29,268", "Reconciled Depreciation": "1,308", "Net Income from Continuing Operation Net Minority Interest": "2,001", "Total Unusual Items Excluding Goodwill": "-", "Total Unusual Items": "-", "Normalized EBITDA": "3,711", "Tax Rate for Calcs": "0", "Tax Effect of Unusual Items": "0"}}, "bs": {"12/31/2020": {"Duration": "12/31/2020", "Total Assets": "31,238", "Total Liabilities Net Minority Interest": "2,532", "Total Equity Gross Minority Interest": "28,706", "Total Capitalization": "28,706", "Common Stock Equity": "28,706", "Net Tangible Assets": "28,706", "Working Capital": "16,566", "Invested Capital": "28,706", "Tangible Book Value": "28,706", "Share Issued": "1,138", "Ordinary Shares Number": "966.132", "Treasury Shares Number": "171.964"}, "12/31/2019": {"Duration": "12/31/2019", "Total Assets": "31,723", "Total Liabilities Net Minority Interest": "2,565", "Total Equity Gross Minority Interest": "29,158", "Total Capitalization": "29,158", "Common Stock Equity": "29,158", "Net Tangible Assets": "29,158", "Working Capital": "16,427", "Invested Capital": "29,158", "Tangible Book Value": "29,158", "Share Issued": "1,138", "Ordinary Shares Number": "966.132", "Treasury Shares Number": "171.964"}, "12/31/2018": {"Duration": "12/31/2018", "Total Assets": "33,247", "Total Liabilities Net Minority Interest": "3,487", "Total Equity Gross Minority Interest": "29,760", "Total Capitalization": "29,760", "Common Stock Equity": "29,760", "Net Tangible Assets": "29,760", "Working Capital": "17,423", "Invested Capital": "29,760", "Tangible Book Value": "29,760", "Share Issued": "1,138", "Ordinary Shares Number": "966.132", "Treasury Shares Number": "171.964"}}, "cf": {"TTM": {"Duration": "TTM", "Operating Cash Flow": "623.801", "Investing Cash Flow": "1,017", "Financing Cash Flow": "-502.388", "End Cash Position": "2,568", "Income Tax Paid Supplemental Data": "-", "Capital Expenditure": "-824.136", "Free Cash Flow": "-200.335"}, "12/31/2020": {"Duration": "12/31/2020", "Operating Cash Flow": "623.801", "Investing Cash Flow": "1,017", "Financing Cash Flow": "-502.388", "End Cash Position": "2,568", "Income Tax Paid Supplemental Data": "-", "Capital Expenditure": "-824.136", "Free Cash Flow": "-200.335"}, "12/31/2019": {"Duration": "12/31/2019", "Operating Cash Flow": "3,172", "Investing Cash Flow": "-1,309", "Financing Cash Flow": "-1,140", "End Cash Position": "1,429", "Income Tax Paid Supplemental Data": "30.5", "Capital Expenditure": "-1,803", "Free Cash Flow": "1,369"}, "12/31/2018": {"Duration": "12/31/2018", "Operating Cash Flow": "1,880", "Investing Cash Flow": "-1,225", "Financing Cash Flow": "-1,101", "End Cash Position": "706.873", "Income Tax Paid Supplemental Data": "437.574", "Capital Expenditure": "-1,998", "Free Cash Flow": "-117.94"}}}}, {"HDNG": {"quote": {"05/12/2021": {"value": "", "Net Assets": "N/A", "Beta (5Y Monthly)": "N/A", "Yield": "N/A", "5y Average Return": "N/A", "Holdings Turnover": "N/A", "Last Dividend": "N/A", "Average for Category": "N/A", "Inception Date": "N/A"}}, "fin": {}, "bs": {}, "cf": {}}}, {"PRLB": {"quote": {"05/12/2021": {"value": "91.49", "Market Cap": "2.533B", "Beta (5Y Monthly)": "1.64", "PE Ratio (TTM)": "61.28", "EPS (TTM)": "1.49", "Earnings Date": "Jul 26, 2021 - Jul 30, 2021", "Forward Dividend & Yield": "N/A (N/A)", "Ex-Dividend Date": "N/A", "1y Target Est": "114.00"}}, "fin": {"TTM": {"Duration": "TTM", "Total Revenue": "434,395", "Cost of Revenue": "216,568", "Gross Profit": "217,827", "Operating Expense": "157,991", "Operating Income": "59,836", "Other Income Expense": "3,109", "Pretax Income": "62,945", "Tax Provision": "12,078", "Net Income Common Stockholders": "50,867", "Diluted NI Available to Com Stockholders": "50,867", "Basic EPS": "-", "Diluted EPS": "-", "Basic Average Shares": "-", "Diluted Average Shares": "-", "Total Operating Income as Reported": "59,836", "Total Expenses": "374,559", "Net Income from Continuing & Discontinued Operation": "50,867", "Normalized Income": "50,867", "EBIT": "59,836", "EBITDA": "92,430", "Reconciled Cost of Revenue": "216,568", "Reconciled Depreciation": "32,594", "Net Income from Continuing Operation Net Minority Interest": "50,867", "Normalized EBITDA": "92,430", "Tax Rate for Calcs": "0", "Tax Effect of Unusual Items": "0"}, "12/31/2020": {"Duration": "12/31/2020", "Total Revenue": "434,395", "Cost of Revenue": "216,568", "Gross Profit": "217,827", "Operating Expense": "157,991", "Operating Income": "59,836", "Other Income Expense": "3,109", "Pretax Income": "62,945", "Tax Provision": "12,078", "Net Income Common Stockholders": "50,867", "Diluted NI Available to Com Stockholders": "50,867", "Basic EPS": "1.90", "Diluted EPS": "1.89", "Basic Average Shares": "26,737", "Diluted Average Shares": "26,896", "Total Operating Income as Reported": "59,836", "Total Expenses": "374,559", "Net Income from Continuing & Discontinued Operation": "50,867", "Normalized Income": "50,867", "EBIT": "59,836", "EBITDA": "-", "Reconciled Cost of Revenue": "216,568", "Reconciled Depreciation": "32,594", "Net Income from Continuing Operation Net Minority Interest": "50,867", "Normalized EBITDA": "92,430", "Tax Rate for Calcs": "0", "Tax Effect of Unusual Items": "0"}, "12/31/2019": {"Duration": "12/31/2019", "Total Revenue": "458,728", "Cost of Revenue": "223,438", "Gross Profit": "235,290", "Operating Expense": "155,434", "Operating Income": "79,856", "Other Income Expense": "1,337", "Pretax Income": "81,193", "Tax Provision": "17,538", "Net Income Common Stockholders": "63,655", "Diluted NI Available to Com Stockholders": "63,655", "Basic EPS": "2.37", "Diluted EPS": "2.35", "Basic Average Shares": "26,867", "Diluted Average Shares": "27,049", "Total Operating Income as Reported": "79,856", "Total Expenses": "378,872", "Net Income from Continuing & Discontinued Operation": "63,655", "Normalized Income": "63,655", "EBIT": "79,856", "EBITDA": "-", "Reconciled Cost of Revenue": "223,438", "Reconciled Depreciation": "30,864", "Net Income from Continuing Operation Net Minority Interest": "63,655", "Normalized EBITDA": "110,720", "Tax Rate for Calcs": "0", "Tax Effect of Unusual Items": "0"}, "12/31/2018": {"Duration": "12/31/2018", "Total Revenue": "445,596", "Cost of Revenue": "206,917", "Gross Profit": "238,679", "Operating Expense": "149,781", "Operating Income": "88,898", "Other Income Expense": "2,757", "Pretax Income": "91,655", "Tax Provision": "15,067", "Net Income Common Stockholders": "76,588", "Diluted NI Available to Com Stockholders": "76,588", "Basic EPS": "2.84", "Diluted EPS": "2.81", "Basic Average Shares": "26,983", "Diluted Average Shares": "27,279", "Total Operating Income as Reported": "88,898", "Total Expenses": "356,698", "Net Income from Continuing & Discontinued Operation": "76,588", "Normalized Income": "76,588", "EBIT": "88,898", "EBITDA": "-", "Reconciled Cost of Revenue": "206,917", "Reconciled Depreciation": "26,754", "Net Income from Continuing Operation Net Minority Interest": "76,588", "Normalized EBITDA": "115,652", "Tax Rate for Calcs": "0", "Tax Effect of Unusual Items": "0"}}, "bs": {"12/31/2020": {"Duration": "12/31/2020", "Total Assets": "744,204", "Total Liabilities Net Minority Interest": "99,848", "Total Equity Gross Minority Interest": "644,356", "Total Capitalization": "644,356", "Common Stock Equity": "644,356", "Capital Lease Obligations": "13,329", "Net Tangible Assets": "501,254", "Working Capital": "191,748", "Invested Capital": "644,356", "Tangible Book Value": "501,254", "Total Debt": "13,329", "Share Issued": "26,777", "Ordinary Shares Number": "26,777"}, "12/31/2019": {"Duration": "12/31/2019", "Total Assets": "673,667", "Total Liabilities Net Minority Interest": "87,877", "Total Equity Gross Minority Interest": "585,790", "Total Capitalization": "585,790", "Common Stock Equity": "585,790", "Capital Lease Obligations": "11,905", "Net Tangible Assets": "439,669", "Working Capital": "188,838", "Invested Capital": "585,790", "Tangible Book Value": "439,669", "Total Debt": "11,905", "Share Issued": "26,786", "Ordinary Shares Number": "26,786"}, "12/31/2018": {"Duration": "12/31/2018", "Total Assets": "618,985", "Total Liabilities Net Minority Interest": "77,488", "Total Equity Gross Minority Interest": "541,497", "Total Capitalization": "541,497", "Common Stock Equity": "541,497", "Capital Lease Obligations": "-", "Net Tangible Assets": "392,895", "Working Capital": "162,628", "Invested Capital": "541,497", "Tangible Book Value": "392,895", "Total Debt": "-", "Share Issued": "26,985", "Ordinary Shares Number": "26,985"}}, "cf": {"TTM": {"Duration": "TTM", "Operating Cash Flow": "106,969", "Investing Cash Flow": "-95,473", "Financing Cash Flow": "-10,726", "End Cash Position": "127,603", "Income Tax Paid Supplemental Data": "5,650", "Interest Paid Supplemental Data": "23", "Capital Expenditure": "-47,010", "Issuance of Debt": "-", "Repayment of Debt": "-154", "Repurchase of Capital Stock": "-18,129", "Free Cash Flow": "59,959"}, "12/31/2020": {"Duration": "12/31/2020", "Operating Cash Flow": "106,969", "Investing Cash Flow": "-95,473", "Financing Cash Flow": "-10,726", "End Cash Position": "127,603", "Income Tax Paid Supplemental Data": "5,650", "Interest Paid Supplemental Data": "23", "Capital Expenditure": "-47,010", "Issuance of Debt": "-", "Repayment of Debt": "-154", "Repurchase of Capital Stock": "-18,129", "Free Cash Flow": "59,959"}, "12/31/2019": {"Duration": "12/31/2019", "Operating Cash Flow": "116,052", "Investing Cash Flow": "-44,303", "Financing Cash Flow": "-31,617", "End Cash Position": "125,225", "Income Tax Paid Supplemental Data": "4,002", "Interest Paid Supplemental Data": "14", "Capital Expenditure": "-62,230", "Issuance of Debt": "0", "Repayment of Debt": "0", "Repurchase of Capital Stock": "-36,008", "Free Cash Flow": "53,822"}, "12/31/2018": {"Duration": "12/31/2018", "Operating Cash Flow": "122,929", "Investing Cash Flow": "-63,281", "Financing Cash Flow": "-10,438", "End Cash Position": "85,046", "Income Tax Paid Supplemental Data": "9,966", "Interest Paid Supplemental Data": "39", "Capital Expenditure": "-87,104", "Issuance of Debt": "0", "Repayment of Debt": "-5,000", "Repurchase of Capital Stock": "-12,229", "Free Cash Flow": "35,825"}}}}, {"KMT": {"quote": {"05/12/2021": {"value": "40.83", "Market Cap": "3.424B", "Beta (5Y Monthly)": "2.07", "PE Ratio (TTM)": "334.67", "EPS (TTM)": "0.12", "Earnings Date": "Aug 02, 2021 - Aug 06, 2021", "Forward Dividend & Yield": "0.80 (1.95%)", "Ex-Dividend Date": "May 10, 2021", "1y Target Est": "39.00"}}, "fin": {"TTM": {"Duration": "TTM", "Total Revenue": "1,702,949", "Cost of Revenue": "1,217,874", "Gross Profit": "485,075", "Operating Expense": "371,278", "Operating Income": "113,797", "Net Non Operating Interest Income Expense": "-38,114", "Other Income Expense": "-42,581", "Pretax Income": "33,102", "Tax Provision": "39,940", "Net Income Common Stockholders": "-8,476", "Diluted NI Available to Com Stockholders": "-8,476", "Basic EPS": "-", "Diluted EPS": "-", "Basic Average Shares": "-", "Diluted Average Shares": "-", "Total Operating Income as Reported": "55,370", "Total Expenses": "1,589,152", "Net Income from Continuing & Discontinued Operation": "-8,476", "Normalized Income": "34,176", "Interest Expense": "38,114", "Net Interest Income": "-38,114", "EBIT": "71,216", "EBITDA": "192,431", "Reconciled Cost of Revenue": "1,110,143", "Reconciled Depreciation": "121,215", "Net Income from Continuing Operation Net Minority Interest": "-8,476", "Total Unusual Items Excluding Goodwill": "-58,427", "Total Unusual Items": "-58,427", "Normalized EBITDA": "250,858", "Tax Rate for Calcs": "0", "Tax Effect of Unusual Items": "-15,775"}, "6/30/2020": {"Duration": "6/30/2020", "Total Revenue": "1,885,305", "Cost of Revenue": "1,355,834", "Gross Profit": "529,471", "Operating Expense": "402,247", "Operating Income": "127,224", "Net Non Operating Interest Income Expense": "-35,154", "Other Income Expense": "-90,110", "Pretax Income": "1,960", "Tax Provision": "7,007", "Net Income Common Stockholders": "-5,661", "Diluted NI Available to Com Stockholders": "-5,661", "Basic EPS": "-0.07", "Diluted EPS": "-0.07", "Basic Average Shares": "83,047", "Diluted Average Shares": "83,047", "Total Operating Income as Reported": "22,252", "Total Expenses": "1,758,081", "Net Income from Continuing & Discontinued Operation": "-5,661", "Normalized Income": "70,969", "Interest Expense": "35,154", "Net Interest Income": "-35,154", "EBIT": "37,114", "EBITDA": "-", "Reconciled Cost of Revenue": "1,249,785", "Reconciled Depreciation": "119,860", "Net Income from Continuing Operation Net Minority Interest": "-5,661", "Total Unusual Items Excluding Goodwill": "-104,972", "Total Unusual Items": "-104,972", "Normalized EBITDA": "261,946", "Tax Rate for Calcs": "0", "Tax Effect of Unusual Items": "-28,342"}, "6/30/2019": {"Duration": "6/30/2019", "Total Revenue": "2,375,234", "Cost of Revenue": "1,543,738", "Gross Profit": "831,496", "Operating Expense": "488,562", "Operating Income": "342,934", "Net Non Operating Interest Income Expense": "-32,994", "Other Income Expense": "1,295", "Pretax Income": "311,235", "Tax Provision": "63,359", "Net Income Common Stockholders": "241,925", "Diluted NI Available to Com Stockholders": "241,925", "Basic EPS": "2.94", "Diluted EPS": "2.90", "Basic Average Shares": "82,379", "Diluted Average Shares": "83,291", "Total Operating Income as Reported": "328,850", "Total Expenses": "2,032,300", "Net Income from Continuing & Discontinued Operation": "241,925", "Normalized Income": "253,136", "Interest Expense": "32,994", "Net Interest Income": "-32,994", "EBIT": "344,229", "EBITDA": "-", "Reconciled Cost of Revenue": "1,446,097", "Reconciled Depreciation": "112,052", "Net Income from Continuing Operation Net Minority Interest": "241,925", "Total Unusual Items Excluding Goodwill": "-14,084", "Total Unusual Items": "-14,084", "Normalized EBITDA": "470,365", "Tax Rate for Calcs": "0", "Tax Effect of Unusual Items": "-2,873"}, "6/30/2018": {"Duration": "6/30/2018", "Total Revenue": "2,367,853", "Cost of Revenue": "1,535,561", "Gross Profit": "832,292", "Operating Expense": "512,820", "Operating Income": "319,472", "Net Non Operating Interest Income Expense": "-30,081", "Other Income Expense": "-14,350", "Pretax Income": "275,041", "Tax Provision": "69,981", "Net Income Common Stockholders": "200,180", "Diluted NI Available to Com Stockholders": "200,180", "Basic EPS": "2.45", "Diluted EPS": "2.42", "Basic Average Shares": "81,544", "Diluted Average Shares": "82,754", "Total Operating Income as Reported": "307,565", "Total Expenses": "2,048,381", "Net Income from Continuing & Discontinued Operation": "200,180", "Normalized Income": "209,063", "Interest Expense": "30,081", "Net Interest Income": "-30,081", "EBIT": "305,122", "EBITDA": "-", "Reconciled Cost of Revenue": "1,441,549", "Reconciled Depreciation": "108,680", "Net Income from Continuing Operation Net Minority Interest": "200,180", "Total Unusual Items Excluding Goodwill": "-11,907", "Total Unusual Items": "-11,907", "Normalized EBITDA": "425,709", "Tax Rate for Calcs": "0", "Tax Effect of Unusual Items": "-3,024"}}, "bs": {"6/30/2020": {"Duration": "6/30/2020", "Total Assets": "3,037,591", "Total Liabilities Net Minority Interest": "1,768,803", "Total Equity Gross Minority Interest": "1,268,788", "Total Capitalization": "1,823,968", "Common Stock Equity": "1,229,885", "Capital Lease Obligations": "48,618", "Net Tangible Assets": "826,737", "Working Capital": "542,732", "Invested Capital": "2,324,336", "Tangible Book Value": "826,737", "Total Debt": "1,143,069", "Net Debt": "487,767", "Share Issued": "82,923", "Ordinary Shares Number": "82,923"}, "6/30/2019": {"Duration": "6/30/2019", "Total Assets": "2,656,269", "Total Liabilities Net Minority Interest": "1,281,565", "Total Equity Gross Minority Interest": "1,374,704", "Total Capitalization": "1,927,646", "Common Stock Equity": "1,335,172", "Capital Lease Obligations": "-", "Net Tangible Assets": "874,163", "Working Capital": "729,101", "Invested Capital": "1,927,803", "Tangible Book Value": "874,163", "Total Debt": "592,631", "Net Debt": "410,616", "Share Issued": "82,421", "Ordinary Shares Number": "82,421"}, "6/30/2018": {"Duration": "6/30/2018", "Total Assets": "2,925,737", "Total Liabilities Net Minority Interest": "1,695,410", "Total Equity Gross Minority Interest": "1,230,327", "Total Capitalization": "1,785,830", "Common Stock Equity": "1,194,325", "Capital Lease Obligations": "-", "Net Tangible Assets": "716,055", "Working Capital": "659,635", "Invested Capital": "2,186,030", "Tangible Book Value": "716,055", "Total Debt": "991,705", "Net Debt": "435,552", "Share Issued": "81,646", "Ordinary Shares Number": "81,646"}}, "cf": {"TTM": {"Duration": "TTM", "Operating Cash Flow": "203,993", "Investing Cash Flow": "-162,286", "Financing Cash Flow": "-47,902", "End Cash Position": "99,015", "Income Tax Paid Supplemental Data": "-", "Interest Paid Supplemental Data": "-", "Capital Expenditure": "-165,235", "Issuance of Debt": "811", "Repayment of Debt": "-475,500", "Repurchase of Capital Stock": "-203", "Free Cash Flow": "38,758"}, "6/30/2020": {"Duration": "6/30/2020", "Operating Cash Flow": "223,738", "Investing Cash Flow": "-218,336", "Financing Cash Flow": "425,451", "End Cash Position": "606,684", "Income Tax Paid Supplemental Data": "-", "Interest Paid Supplemental Data": "-", "Capital Expenditure": "-244,151", "Issuance of Debt": "0", "Repayment of Debt": "0", "Repurchase of Capital Stock": "-209", "Free Cash Flow": "-20,413"}, "6/30/2019": {"Duration": "6/30/2019", "Operating Cash Flow": "300,519", "Investing Cash Flow": "-201,481", "Financing Cash Flow": "-471,432", "End Cash Position": "182,015", "Income Tax Paid Supplemental Data": "-", "Interest Paid Supplemental Data": "-", "Capital Expenditure": "-212,343", "Issuance of Debt": "0", "Repayment of Debt": "-400,715", "Repurchase of Capital Stock": "-214", "Free Cash Flow": "88,176"}, "6/30/2018": {"Duration": "6/30/2018", "Operating Cash Flow": "277,304", "Investing Cash Flow": "-156,871", "Financing Cash Flow": "247,197", "End Cash Position": "556,153", "Income Tax Paid Supplemental Data": "27,887", "Interest Paid Supplemental Data": "35,974", "Capital Expenditure": "-171,004", "Issuance of Debt": "295,863", "Repayment of Debt": "-190", "Repurchase of Capital Stock": "-217", "Free Cash Flow": "106,300"}}}}, {"NNBR": {"quote": {"05/12/2021": {"value": "7.24", "Market Cap": "312.002M", "Beta (5Y Monthly)": "3.37", "PE Ratio (TTM)": "2.59", "EPS (TTM)": "2.80", "Earnings Date": "Aug 04, 2021 - Aug 09, 2021", "Forward Dividend & Yield": "N/A (N/A)", "Ex-Dividend Date": "Sep 06, 2019", "1y Target Est": "11.67"}}, "fin": {"TTM": {"Duration": "TTM", "Total Revenue": "427,534", "Cost of Revenue": "343,594", "Gross Profit": "83,940", "Operating Expense": "108,455", "Operating Income": "-24,515", "Net Non Operating Interest Income Expense": "-9,992", "Other Income Expense": "-117,581", "Pretax Income": "-152,088", "Tax Provision": "-8,972", "Earnings from Equity Interest Net of Tax": "3,626", "Net Income Common Stockholders": "-112,965", "Diluted NI Available to Com Stockholders": "-112,965", "Basic EPS": "-", "Diluted EPS": "-", "Basic Average Shares": "-", "Diluted Average Shares": "-", "Total Operating Income as Reported": "-117,457", "Total Expenses": "452,049", "Net Income from Continuing & Discontinued Operation": "-100,592", "Normalized Income": "-28,646", "Interest Expense": "7,510", "Net Interest Income": "-9,992", "EBIT": "-144,578", "EBITDA": "-63,167", "Reconciled Cost of Revenue": "307,863", "Reconciled Depreciation": "81,411", "Net Income from Continuing Operation Net Minority Interest": "-139,490", "Total Unusual Items Excluding Goodwill": "-117,794", "Total Unusual Items": "-117,794", "Normalized EBITDA": "54,627", "Tax Rate for Calcs": "0", "Tax Effect of Unusual Items": "-6,950"}, "12/31/2020": {"Duration": "12/31/2020", "Total Revenue": "427,534", "Cost of Revenue": "343,594", "Gross Profit": "83,940", "Operating Expense": "108,455", "Operating Income": "-24,515", "Net Non Operating Interest Income Expense": "-9,992", "Other Income Expense": "-117,581", "Pretax Income": "-152,088", "Tax Provision": "-8,972", "Earnings from Equity Interest Net of Tax": "3,626", "Net Income Common Stockholders": "-112,965", "Diluted NI Available to Com Stockholders": "-112,965", "Basic EPS": "-", "Diluted EPS": "-", "Basic Average Shares": "-", "Diluted Average Shares": "-", "Total Operating Income as Reported": "-117,457", "Total Expenses": "452,049", "Net Income from Continuing & Discontinued Operation": "-100,592", "Normalized Income": "-28,646", "Interest Expense": "7,510", "Net Interest Income": "-9,992", "EBIT": "-144,578", "EBITDA": "-", "Reconciled Cost of Revenue": "307,863", "Reconciled Depreciation": "81,411", "Net Income from Continuing Operation Net Minority Interest": "-139,490", "Total Unusual Items Excluding Goodwill": "-117,794", "Total Unusual Items": "-117,794", "Normalized EBITDA": "54,627", "Tax Rate for Calcs": "0", "Tax Effect of Unusual Items": "-6,950"}, "12/31/2019": {"Duration": "12/31/2019", "Total Revenue": "847,451", "Cost of Revenue": "641,639", "Gross Profit": "205,812", "Operating Expense": "195,935", "Operating Income": "9,877", "Net Non Operating Interest Income Expense": "-55,744", "Other Income Expense": "-5,832", "Pretax Income": "-51,699", "Tax Provision": "-3,277", "Earnings from Equity Interest Net of Tax": "1,681", "Net Income Common Stockholders": "-46,741", "Diluted NI Available to Com Stockholders": "-46,741", "Basic EPS": "-1.13", "Diluted EPS": "-1.13", "Basic Average Shares": "42,030", "Diluted Average Shares": "42,030", "Total Operating Income as Reported": "9,889", "Total Expenses": "837,574", "Net Income from Continuing & Discontinued Operation": "-46,741", "Normalized Income": "-42,345", "Interest Expense": "50,120", "Net Interest Income": "-55,744", "EBIT": "-1,579", "EBITDA": "-", "Reconciled Cost of Revenue": "641,639", "Reconciled Depreciation": "91,846", "Net Income from Continuing Operation Net Minority Interest": "-46,741", "Total Unusual Items Excluding Goodwill": "-4,692", "Total Unusual Items": "-4,692", "Normalized EBITDA": "94,959", "Tax Rate for Calcs": "0", "Tax Effect of Unusual Items": "-295.596"}, "12/31/2018": {"Duration": "12/31/2018", "Total Revenue": "770,657", "Cost of Revenue": "588,205", "Gross Profit": "182,452", "Operating Expense": "170,800", "Operating Income": "11,652", "Net Non Operating Interest Income Expense": "-61,243", "Other Income Expense": "-211,443", "Pretax Income": "-261,034", "Tax Provision": "-10,957", "Earnings from Equity Interest Net of Tax": "-14,390", "Net Income Common Stockholders": "-264,467", "Diluted NI Available to Com Stockholders": "-264,467", "Basic EPS": "-8.35", "Diluted EPS": "-8.35", "Basic Average Shares": "31,678", "Diluted Average Shares": "31,678", "Total Operating Income as Reported": "-178,888", "Total Expenses": "759,005", "Net Income from Continuing & Discontinued Operation": "-264,467", "Normalized Income": "-63,189", "Interest Expense": "61,243", "Net Interest Income": "-61,243", "EBIT": "-199,791", "EBITDA": "-", "Reconciled Cost of Revenue": "588,205", "Reconciled Depreciation": "71,128", "Net Income from Continuing Operation Net Minority Interest": "-264,467", "Total Unusual Items Excluding Goodwill": "-210,102", "Total Unusual Items": "-210,102", "Normalized EBITDA": "81,439", "Tax Rate for Calcs": "0", "Tax Effect of Unusual Items": "-8,824"}}, "bs": {"12/31/2020": {"Duration": "12/31/2020", "Total Assets": "624,962", "Total Liabilities Net Minority Interest": "370,810", "Total Equity Gross Minority Interest": "254,152", "Total Capitalization": "333,177", "Common Stock Equity": "254,152", "Capital Lease Obligations": "59,850", "Net Tangible Assets": "151,087", "Working Capital": "111,987", "Invested Capital": "338,062", "Tangible Book Value": "151,087", "Total Debt": "143,760", "Net Debt": "35,772", "Share Issued": "42,686", "Ordinary Shares Number": "42,686"}, "12/31/2019": {"Duration": "12/31/2019", "Total Assets": "1,541,984", "Total Liabilities Net Minority Interest": "1,188,707", "Total Equity Gross Minority Interest": "353,277", "Total Capitalization": "1,110,717", "Common Stock Equity": "353,277", "Capital Lease Obligations": "73,632", "Net Tangible Assets": "-415,078", "Working Capital": "163,499", "Invested Capital": "1,129,877", "Tangible Book Value": "-415,078", "Total Debt": "850,232", "Net Debt": "744,897", "Share Issued": "42,313", "Ordinary Shares Number": "42,313"}, "12/31/2018": {"Duration": "12/31/2018", "Total Assets": "1,501,570", "Total Liabilities Net Minority Interest": "1,083,275", "Total Equity Gross Minority Interest": "418,295", "Total Capitalization": "1,229,766", "Common Stock Equity": "418,295", "Capital Lease Obligations": "-", "Net Tangible Assets": "-397,405", "Working Capital": "151,841", "Invested Capital": "1,261,046", "Tangible Book Value": "-397,405", "Total Debt": "842,751", "Net Debt": "824,763", "Share Issued": "42,104", "Ordinary Shares Number": "42,104"}}, "cf": {"TTM": {"Duration": "TTM", "Operating Cash Flow": "15,549", "Investing Cash Flow": "719,284", "Financing Cash Flow": "-714,854", "End Cash Position": "48,138", "Income Tax Paid Supplemental Data": "2,241", "Interest Paid Supplemental Data": "51,542", "Capital Expenditure": "-23,773", "Issuance of Capital Stock": "0", "Issuance of Debt": "66,195", "Repayment of Debt": "-776,331", "Free Cash Flow": "-8,224"}, "12/31/2020": {"Duration": "12/31/2020", "Operating Cash Flow": "15,549", "Investing Cash Flow": "719,284", "Financing Cash Flow": "-714,854", "End Cash Position": "48,138", "Income Tax Paid Supplemental Data": "2,241", "Interest Paid Supplemental Data": "51,542", "Capital Expenditure": "-23,773", "Issuance of Capital Stock": "0", "Issuance of Debt": "66,195", "Repayment of Debt": "-776,331", "Free Cash Flow": "-8,224"}, "12/31/2019": {"Duration": "12/31/2019", "Operating Cash Flow": "49,208", "Investing Cash Flow": "-39,427", "Financing Cash Flow": "5,299", "End Cash Position": "31,703", "Income Tax Paid Supplemental Data": "6,428", "Interest Paid Supplemental Data": "50,514", "Capital Expenditure": "-54,003", "Issuance of Capital Stock": "95,741", "Issuance of Debt": "54,209", "Repayment of Debt": "-108,157", "Free Cash Flow": "-4,795"}, "12/31/2018": {"Duration": "12/31/2018", "Operating Cash Flow": "40,939", "Investing Cash Flow": "-461,290", "Financing Cash Flow": "215,093", "End Cash Position": "17,988", "Income Tax Paid Supplemental Data": "-", "Interest Paid Supplemental Data": "56,223", "Capital Expenditure": "-64,036", "Issuance of Capital Stock": "217,312", "Issuance of Debt": "311,841", "Repayment of Debt": "-290,687", "Free Cash Flow": "-23,097"}}}}]