[{"BAH": {"quote": {"05/12/2021": {"value": "81.70", "Market Cap": "11.251B", "Beta (5Y Monthly)": "0.72", "PE Ratio (TTM)": "20.84", "EPS (TTM)": "3.92", "Earnings Date": "May 21, 2021", "Forward Dividend & Yield": "1.48 (1.81%)", "Ex-Dividend Date": "Feb 11, 2021", "1y Target Est": "92.09"}}, "fin": {"TTM": {"Duration": "TTM", "Total Revenue": "7,849,305", "Cost of Revenue": "3,639,354", "Gross Profit": "4,209,951", "Operating Expense": "3,477,510", "Operating Income": "732,441", "Net Non Operating Interest Income Expense": "-65,874", "Other Income Expense": "-25,664", "Pretax Income": "640,903", "Tax Provision": "92,256", "Net Income Common Stockholders": "547,129", "Average Dilution Earnings": "6", "Diluted NI Available to Com Stockholders": "547,136", "Basic EPS": "-", "Diluted EPS": "-", "Basic Average Shares": "-", "Diluted Average Shares": "-", "Total Operating Income as Reported": "732,441", "Total Expenses": "7,116,864", "Net Income from Continuing & Discontinued Operation": "548,647", "Normalized Income": "562,947", "Interest Expense": "61,516", "Net Interest Income": "-65,874", "EBIT": "702,419", "EBITDA": "786,052", "Reconciled Cost of Revenue": "3,639,354", "Reconciled Depreciation": "83,633", "Net Income from Continuing Operation Net Minority Interest": "548,647", "Total Unusual Items Excluding Goodwill": "-16,705", "Total Unusual Items": "-16,705", "Normalized EBITDA": "802,757", "Tax Rate for Calcs": "0", "Tax Effect of Unusual Items": "-2,405"}, "3/31/2020": {"Duration": "3/31/2020", "Total Revenue": "7,463,841", "Cost of Revenue": "3,379,180", "Gross Profit": "4,084,661", "Operating Expense": "3,415,459", "Operating Income": "669,202", "Net Non Operating Interest Income Expense": "-94,866", "Other Income Expense": "5,098", "Pretax Income": "579,434", "Tax Provision": "96,831", "Net Income Common Stockholders": "481,085", "Average Dilution Earnings": "7", "Diluted NI Available to Com Stockholders": "481,092", "Basic EPS": "3.43", "Diluted EPS": "3.41", "Basic Average Shares": "140,059", "Diluted Average Shares": "141,238", "Total Operating Income as Reported": "669,202", "Total Expenses": "6,794,639", "Net Income from Continuing & Discontinued Operation": "482,603", "Normalized Income": "484,347", "Interest Expense": "90,178", "Net Interest Income": "-94,866", "EBIT": "669,612", "EBITDA": "-", "Reconciled Cost of Revenue": "3,379,180", "Reconciled Depreciation": "81,081", "Net Income from Continuing Operation Net Minority Interest": "482,603", "Total Unusual Items Excluding Goodwill": "-2,094", "Total Unusual Items": "-2,094", "Normalized EBITDA": "752,787", "Tax Rate for Calcs": "0", "Tax Effect of Unusual Items": "-349.698"}, "3/31/2019": {"Duration": "3/31/2019", "Total Revenue": "6,704,037", "Cost of Revenue": "3,100,466", "Gross Profit": "3,603,571", "Operating Expense": "3,001,177", "Operating Income": "602,394", "Net Non Operating Interest Income Expense": "-89,517", "Other Income Expense": "2,526", "Pretax Income": "515,403", "Tax Provision": "96,874", "Net Income Common Stockholders": "416,664", "Average Dilution Earnings": "11", "Diluted NI Available to Com Stockholders": "416,675", "Basic EPS": "2.94", "Diluted EPS": "2.91", "Basic Average Shares": "141,911", "Diluted Average Shares": "143,156", "Total Operating Income as Reported": "602,394", "Total Expenses": "6,101,643", "Net Income from Continuing & Discontinued Operation": "418,529", "Normalized Income": "418,529", "Interest Expense": "84,465", "Net Interest Income": "-89,517", "EBIT": "599,868", "EBITDA": "-", "Reconciled Cost of Revenue": "3,100,466", "Reconciled Depreciation": "68,575", "Net Income from Continuing Operation Net Minority Interest": "418,529", "Total Unusual Items Excluding Goodwill": "-", "Total Unusual Items": "-", "Normalized EBITDA": "668,443", "Tax Rate for Calcs": "0", "Tax Effect of Unusual Items": "0"}}, "bs": {"3/31/2020": {"Duration": "3/31/2020", "Total Assets": "4,793,966", "Total Liabilities Net Minority Interest": "3,937,610", "Total Equity Gross Minority Interest": "856,356", "Total Capitalization": "2,864,335", "Common Stock Equity": "856,356", "Capital Lease Obligations": "319,287", "Net Tangible Assets": "-1,025,791", "Working Capital": "1,000,510", "Invested Capital": "3,042,200", "Tangible Book Value": "-1,025,791", "Total Debt": "2,505,131", "Net Debt": "1,443,943", "Share Issued": "161,334", "Ordinary Shares Number": "138,720", "Treasury Shares Number": "22,614"}, "3/31/2019": {"Duration": "3/31/2019", "Total Assets": "3,831,841", "Total Liabilities Net Minority Interest": "3,156,475", "Total Equity Gross Minority Interest": "675,366", "Total Capitalization": "2,377,203", "Common Stock Equity": "675,366", "Capital Lease Obligations": "-", "Net Tangible Assets": "-1,192,845", "Working Capital": "520,101", "Invested Capital": "2,435,127", "Tangible Book Value": "-1,192,845", "Total Debt": "1,759,761", "Net Debt": "1,475,771", "Share Issued": "159,925", "Ordinary Shares Number": "140,028", "Treasury Shares Number": "19,897"}}, "cf": {"TTM": {"Duration": "TTM", "Operating Cash Flow": "983,928", "Investing Cash Flow": "-160,222", "Financing Cash Flow": "-179,226", "End Cash Position": "1,341,301", "Income Tax Paid Supplemental Data": "71,979", "Interest Paid Supplemental Data": "54,235", "Capital Expenditure": "-91,400", "Issuance of Capital Stock": "18,092", "Issuance of Debt": "791,495", "Repayment of Debt": "-527,865", "Repurchase of Capital Stock": "-288,379", "Free Cash Flow": "892,528"}, "3/31/2020": {"Duration": "3/31/2020", "Operating Cash Flow": "551,428", "Investing Cash Flow": "-128,079", "Financing Cash Flow": "34,562", "End Cash Position": "741,901", "Income Tax Paid Supplemental Data": "109,754", "Interest Paid Supplemental Data": "84,125", "Capital Expenditure": "-128,079", "Issuance of Capital Stock": "14,987", "Issuance of Debt": "497,891", "Repayment of Debt": "-76,922", "Repurchase of Capital Stock": "-182,224", "Free Cash Flow": "423,349"}, "3/31/2019": {"Duration": "3/31/2019", "Operating Cash Flow": "499,610", "Investing Cash Flow": "-89,212", "Financing Cash Flow": "-413,366", "End Cash Position": "283,990", "Income Tax Paid Supplemental Data": "52,512", "Interest Paid Supplemental Data": "76,731", "Capital Expenditure": "-94,681", "Issuance of Capital Stock": "11,266", "Issuance of Debt": "102,071", "Repayment of Debt": "-170,512", "Repurchase of Capital Stock": "-252,824", "Free Cash Flow": "404,929"}}}}, {"FCN": {"quote": {"04/25/2021": {"value": "144.12", "Market Cap": "4.967B", "Beta (5Y Monthly)": "0.44", "PE Ratio (TTM)": "25.42", "EPS (TTM)": "5.67", "Earnings Date": "Apr 29, 2021", "Forward Dividend & Yield": "N/A (N/A)", "Ex-Dividend Date": "N/A", "1y Target Est": "170.50"}}, "fin": {"TTM": {"Duration": "TTM", "Total Revenue": "2,461,275", "Cost of Revenue": "1,672,711", "Gross Profit": "788,564", "Operating Expense": "505,040", "Operating Income": "283,524", "Net Non Operating Interest Income Expense": "-16,070", "Other Income Expense": "-5,008", "Pretax Income": "262,446", "Tax Provision": "51,764", "Net Income Common Stockholders": "210,682", "Diluted NI Available to Com Stockholders": "210,682", "Basic EPS": "-", "Diluted EPS": "-", "Basic Average Shares": "-", "Diluted Average Shares": "-", "Total Operating Income as Reported": "282,663", "Total Expenses": "2,177,751", "Net Income from Continuing & Discontinued Operation": "210,682", "Normalized Income": "214,665", "Interest Income": "3,735", "Interest Expense": "19,805", "Net Interest Income": "-16,070", "EBIT": "282,251", "EBITDA": "325,299", "Reconciled Cost of Revenue": "1,640,050", "Reconciled Depreciation": "43,048", "Net Income from Continuing Operation Net Minority Interest": "210,682", "Total Unusual Items Excluding Goodwill": "-4,960", "Total Unusual Items": "-4,960", "Normalized EBITDA": "330,259", "Tax Rate for Calcs": "0", "Tax Effect of Unusual Items": "-977.12"}, "12/31/2020": {"Duration": "12/31/2020", "Total Revenue": "2,461,275", "Cost of Revenue": "1,672,711", "Gross Profit": "788,564", "Operating Expense": "505,040", "Operating Income": "283,524", "Net Non Operating Interest Income Expense": "-16,070", "Other Income Expense": "-5,008", "Pretax Income": "262,446", "Tax Provision": "51,764", "Net Income Common Stockholders": "210,682", "Diluted NI Available to Com Stockholders": "210,682", "Basic EPS": "5.92", "Diluted EPS": "5.67", "Basic Average Shares": "35,602", "Diluted Average Shares": "37,149", "Total Operating Income as Reported": "282,663", "Total Expenses": "2,177,751", "Net Income from Continuing & Discontinued Operation": "210,682", "Normalized Income": "214,665", "Interest Income": "3,735", "Interest Expense": "19,805", "Net Interest Income": "-16,070", "EBIT": "282,251", "EBITDA": "-", "Reconciled Cost of Revenue": "1,640,050", "Reconciled Depreciation": "43,048", "Net Income from Continuing Operation Net Minority Interest": "210,682", "Total Unusual Items Excluding Goodwill": "-4,960", "Total Unusual Items": "-4,960", "Normalized EBITDA": "330,259", "Tax Rate for Calcs": "0", "Tax Effect of Unusual Items": "-977.12"}, "12/31/2019": {"Duration": "12/31/2019", "Total Revenue": "2,352,717", "Cost of Revenue": "1,534,896", "Gross Profit": "817,821", "Operating Expense": "512,226", "Operating Income": "305,595", "Net Non Operating Interest Income Expense": "-14,445", "Other Income Expense": "-2,700", "Pretax Income": "288,450", "Tax Provision": "71,724", "Net Income Common Stockholders": "216,726", "Diluted NI Available to Com Stockholders": "216,726", "Basic EPS": "5.89", "Diluted EPS": "5.69", "Basic Average Shares": "36,774", "Diluted Average Shares": "38,111", "Total Operating Income as Reported": "305,595", "Total Expenses": "2,047,122", "Net Income from Continuing & Discontinued Operation": "216,726", "Normalized Income": "219,021", "Interest Income": "4,761", "Interest Expense": "19,206", "Net Interest Income": "-14,445", "EBIT": "307,656", "EBITDA": "-", "Reconciled Cost of Revenue": "1,504,743", "Reconciled Depreciation": "38,305", "Net Income from Continuing Operation Net Minority Interest": "216,726", "Total Unusual Items Excluding Goodwill": "-3,056", "Total Unusual Items": "-3,056", "Normalized EBITDA": "349,017", "Tax Rate for Calcs": "0", "Tax Effect of Unusual Items": "-760.944"}, "12/31/2018": {"Duration": "12/31/2018", "Total Revenue": "2,027,877", "Cost of Revenue": "1,328,074", "Gross Profit": "699,803", "Operating Expense": "473,798", "Operating Income": "226,005", "Net Non Operating Interest Income Expense": "-21,701", "Other Income Expense": "3,488", "Pretax Income": "207,792", "Tax Provision": "57,181", "Net Income Common Stockholders": "150,611", "Diluted NI Available to Com Stockholders": "150,611", "Basic EPS": "4.06", "Diluted EPS": "3.93", "Basic Average Shares": "37,098", "Diluted Average Shares": "38,318", "Total Operating Income as Reported": "226,005", "Total Expenses": "1,801,872", "Net Income from Continuing & Discontinued Operation": "150,611", "Normalized Income": "147,552", "Interest Income": "5,448", "Interest Expense": "27,149", "Net Interest Income": "-21,701", "EBIT": "234,941", "EBITDA": "-", "Reconciled Cost of Revenue": "1,296,538", "Reconciled Depreciation": "39,698", "Net Income from Continuing Operation Net Minority Interest": "150,611", "Total Unusual Items Excluding Goodwill": "4,220", "Total Unusual Items": "4,220", "Normalized EBITDA": "270,419", "Tax Rate for Calcs": "0", "Tax Effect of Unusual Items": "1,161"}}, "bs": {"12/31/2020": {"Duration": "12/31/2020", "Total Assets": "2,777,363", "Total Liabilities Net Minority Interest": "1,377,182", "Total Equity Gross Minority Interest": "1,400,181", "Total Capitalization": "1,686,312", "Common Stock Equity": "1,400,181", "Capital Lease Obligations": "204,393", "Net Tangible Assets": "123,752", "Working Capital": "459,536", "Invested Capital": "1,686,312", "Tangible Book Value": "123,752", "Total Debt": "490,524", "Net Debt": "-", "Share Issued": "34,481", "Ordinary Shares Number": "34,481"}, "12/31/2019": {"Duration": "12/31/2019", "Total Assets": "2,783,142", "Total Liabilities Net Minority Interest": "1,294,000", "Total Equity Gross Minority Interest": "1,489,142", "Total Capitalization": "1,764,751", "Common Stock Equity": "1,489,142", "Capital Lease Obligations": "212,105", "Net Tangible Assets": "247,943", "Working Capital": "566,124", "Invested Capital": "1,764,751", "Tangible Book Value": "247,943", "Total Debt": "487,714", "Net Debt": "-", "Share Issued": "37,390", "Ordinary Shares Number": "37,390"}, "12/31/2018": {"Duration": "12/31/2018", "Total Assets": "2,379,121", "Total Liabilities Net Minority Interest": "1,030,296", "Total Equity Gross Minority Interest": "1,348,825", "Total Capitalization": "1,614,396", "Common Stock Equity": "1,348,825", "Capital Lease Obligations": "-", "Net Tangible Assets": "141,876", "Working Capital": "482,783", "Invested Capital": "1,614,396", "Tangible Book Value": "141,876", "Total Debt": "265,571", "Net Debt": "-", "Share Issued": "38,147", "Ordinary Shares Number": "38,147"}}, "cf": {"TTM": {"Duration": "TTM", "Operating Cash Flow": "327,069", "Investing Cash Flow": "-60,120", "Financing Cash Flow": "-360,053", "End Cash Position": "294,953", "Income Tax Paid Supplemental Data": "83,445", "Interest Paid Supplemental Data": "7,752", "Capital Expenditure": "-34,866", "Issuance of Debt": "289,500", "Repayment of Debt": "-289,500", "Repurchase of Capital Stock": "-353,593", "Free Cash Flow": "292,203"}, "12/31/2020": {"Duration": "12/31/2020", "Operating Cash Flow": "327,069", "Investing Cash Flow": "-60,120", "Financing Cash Flow": "-360,053", "End Cash Position": "294,953", "Income Tax Paid Supplemental Data": "83,445", "Interest Paid Supplemental Data": "7,752", "Capital Expenditure": "-34,866", "Issuance of Debt": "289,500", "Repayment of Debt": "-289,500", "Repurchase of Capital Stock": "-353,593", "Free Cash Flow": "292,203"}, "12/31/2019": {"Duration": "12/31/2019", "Operating Cash Flow": "217,886", "Investing Cash Flow": "-60,606", "Financing Cash Flow": "-103,311", "End Cash Position": "369,373", "Income Tax Paid Supplemental Data": "50,941", "Interest Paid Supplemental Data": "7,606", "Capital Expenditure": "-42,072", "Issuance of Debt": "45,000", "Repayment of Debt": "-45,000", "Repurchase of Capital Stock": "-105,797", "Free Cash Flow": "175,814"}, "12/31/2018": {"Duration": "12/31/2018", "Operating Cash Flow": "230,672", "Investing Cash Flow": "18,744", "Financing Cash Flow": "-117,519", "End Cash Position": "312,069", "Income Tax Paid Supplemental Data": "45,568", "Interest Paid Supplemental Data": "21,687", "Capital Expenditure": "-32,270", "Issuance of Debt": "316,250", "Repayment of Debt": "-400,000", "Repurchase of Capital Stock": "-55,738", "Free Cash Flow": "198,402"}}}}, {"SP": {"quote": {"04/25/2021": {"value": "33.01", "Market Cap": "748.142M", "Beta (5Y Monthly)": "1.70", "PE Ratio (TTM)": "N/A", "EPS (TTM)": "-8.21", "Earnings Date": "Apr 28, 2021", "Forward Dividend & Yield": "N/A (N/A)", "Ex-Dividend Date": "N/A", "1y Target Est": "40.33"}}, "fin": {"TTM": {"Duration": "TTM", "Total Revenue": "1,086,900", "Cost of Revenue": "1,056,500", "Gross Profit": "30,400", "Operating Expense": "114,700", "Operating Income": "-84,300", "Net Non Operating Interest Income Expense": "-21,000", "Other Income Expense": "-134,900", "Pretax Income": "-240,400", "Tax Provision": "-67,500", "Net Income Common Stockholders": "-172,800", "Diluted NI Available to Com Stockholders": "-172,800", "Basic EPS": "-", "Diluted EPS": "-", "Basic Average Shares": "-", "Diluted Average Shares": "-", "Total Operating Income as Reported": "-219,600", "Total Expenses": "1,171,200", "Net Income from Continuing & Discontinued Operation": "-172,800", "Normalized Income": "-75,735", "Interest Income": "500", "Interest Expense": "21,500", "Net Interest Income": "-21,000", "EBIT": "-218,900", "EBITDA": "-189,600", "Reconciled Cost of Revenue": "1,056,500", "Reconciled Depreciation": "29,300", "Net Income from Continuing Operation Net Minority Interest": "-172,800", "Total Unusual Items Excluding Goodwill": "-135,000", "Total Unusual Items": "-135,000", "Normalized EBITDA": "-54,600", "Tax Rate for Calcs": "0", "Tax Effect of Unusual Items": "-37,935"}, "12/31/2020": {"Duration": "12/31/2020", "Total Revenue": "1,086,900", "Cost of Revenue": "1,056,500", "Gross Profit": "30,400", "Operating Expense": "114,700", "Operating Income": "-84,300", "Net Non Operating Interest Income Expense": "-21,000", "Other Income Expense": "-134,900", "Pretax Income": "-240,400", "Tax Provision": "-67,500", "Net Income Common Stockholders": "-172,800", "Diluted NI Available to Com Stockholders": "-172,800", "Basic EPS": "-", "Diluted EPS": "-", "Basic Average Shares": "-", "Diluted Average Shares": "-", "Total Operating Income as Reported": "-219,600", "Total Expenses": "1,171,200", "Net Income from Continuing & Discontinued Operation": "-172,800", "Normalized Income": "-75,735", "Interest Income": "500", "Interest Expense": "21,500", "Net Interest Income": "-21,000", "EBIT": "-218,900", "EBITDA": "-", "Reconciled Cost of Revenue": "1,056,500", "Reconciled Depreciation": "29,300", "Net Income from Continuing Operation Net Minority Interest": "-172,800", "Total Unusual Items Excluding Goodwill": "-135,000", "Total Unusual Items": "-135,000", "Normalized EBITDA": "-54,600", "Tax Rate for Calcs": "0", "Tax Effect of Unusual Items": "-37,935"}, "12/31/2019": {"Duration": "12/31/2019", "Total Revenue": "1,663,700", "Cost of Revenue": "1,435,600", "Gross Profit": "228,100", "Operating Expense": "138,400", "Operating Income": "89,700", "Net Non Operating Interest Income Expense": "-18,600", "Other Income Expense": "-", "Pretax Income": "71,100", "Tax Provision": "19,400", "Net Income Common Stockholders": "48,800", "Diluted NI Available to Com Stockholders": "48,800", "Basic EPS": "2.21", "Diluted EPS": "2.20", "Basic Average Shares": "22,080", "Diluted Average Shares": "22,208", "Total Operating Income as Reported": "89,700", "Total Expenses": "1,574,000", "Net Income from Continuing & Discontinued Operation": "48,800", "Normalized Income": "48,800", "Interest Income": "300", "Interest Expense": "18,900", "Net Interest Income": "-18,600", "EBIT": "90,000", "EBITDA": "-", "Reconciled Cost of Revenue": "1,435,700", "Reconciled Depreciation": "29,300", "Net Income from Continuing Operation Net Minority Interest": "48,800", "Total Unusual Items Excluding Goodwill": "0", "Total Unusual Items": "0", "Normalized EBITDA": "119,400", "Tax Rate for Calcs": "0", "Tax Effect of Unusual Items": "0"}, "12/31/2018": {"Duration": "12/31/2018", "Total Revenue": "1,468,400", "Cost of Revenue": "1,284,400", "Gross Profit": "184,000", "Operating Expense": "108,900", "Operating Income": "75,100", "Net Non Operating Interest Income Expense": "-9,200", "Other Income Expense": "10,100", "Pretax Income": "76,000", "Tax Provision": "19,600", "Net Income Common Stockholders": "53,200", "Diluted NI Available to Com Stockholders": "53,200", "Basic EPS": "2.38", "Diluted EPS": "2.35", "Basic Average Shares": "22,395", "Diluted Average Shares": "22,607", "Total Operating Income as Reported": "75,100", "Total Expenses": "1,393,300", "Net Income from Continuing & Discontinued Operation": "53,200", "Normalized Income": "53,200", "Interest Income": "400", "Interest Expense": "9,600", "Net Interest Income": "-9,200", "EBIT": "85,600", "EBITDA": "-", "Reconciled Cost of Revenue": "1,283,500", "Reconciled Depreciation": "18,800", "Net Income from Continuing Operation Net Minority Interest": "53,200", "Total Unusual Items Excluding Goodwill": "0", "Total Unusual Items": "0", "Normalized EBITDA": "104,400", "Tax Rate for Calcs": "0", "Tax Effect of Unusual Items": "0"}}, "bs": {"12/31/2020": {"Duration": "12/31/2020", "Total Assets": "1,137,700", "Total Liabilities Net Minority Interest": "956,300", "Total Equity Gross Minority Interest": "181,400", "Total Capitalization": "520,200", "Common Stock Equity": "183,100", "Capital Lease Obligations": "325,500", "Net Tangible Assets": "-406,600", "Working Capital": "-165,700", "Invested Capital": "545,200", "Tangible Book Value": "-406,600", "Total Debt": "687,600", "Net Debt": "348,500", "Share Issued": "25,123", "Ordinary Shares Number": "23,088", "Treasury Shares Number": "2,035"}, "12/31/2019": {"Duration": "12/31/2019", "Total Assets": "1,479,600", "Total Liabilities Net Minority Interest": "1,105,700", "Total Equity Gross Minority Interest": "373,900", "Total Capitalization": "725,200", "Common Stock Equity": "374,100", "Capital Lease Obligations": "442,900", "Net Tangible Assets": "-364,100", "Working Capital": "-158,700", "Invested Capital": "743,100", "Tangible Book Value": "-364,100", "Total Debt": "811,900", "Net Debt": "345,400", "Share Issued": "24,591", "Ordinary Shares Number": "22,950", "Treasury Shares Number": "1,641"}, "12/31/2018": {"Duration": "12/31/2018", "Total Assets": "1,072,300", "Total Liabilities Net Minority Interest": "703,700", "Total Equity Gross Minority Interest": "368,600", "Total Capitalization": "742,000", "Common Stock Equity": "368,500", "Capital Lease Obligations": "-", "Net Tangible Assets": "-383,000", "Working Capital": "-39,100", "Invested Capital": "755,200", "Tangible Book Value": "-383,000", "Total Debt": "386,700", "Net Debt": "346,800", "Share Issued": "23,089", "Ordinary Shares Number": "22,784", "Treasury Shares Number": "305.183"}}, "cf": {"TTM": {"Duration": "TTM", "Operating Cash Flow": "40,200", "Investing Cash Flow": "-11,500", "Financing Cash Flow": "-39,000", "End Cash Position": "13,900", "Income Tax Paid Supplemental Data": "2,400", "Interest Paid Supplemental Data": "18,800", "Capital Expenditure": "-8,400", "Issuance of Debt": "484,100", "Repayment of Debt": "-504,700", "Repurchase of Capital Stock": "-15,300", "Free Cash Flow": "31,800"}, "12/31/2020": {"Duration": "12/31/2020", "Operating Cash Flow": "40,200", "Investing Cash Flow": "-11,500", "Financing Cash Flow": "-39,000", "End Cash Position": "13,900", "Income Tax Paid Supplemental Data": "2,400", "Interest Paid Supplemental Data": "18,800", "Capital Expenditure": "-8,400", "Issuance of Debt": "484,100", "Repayment of Debt": "-504,700", "Repurchase of Capital Stock": "-15,300", "Free Cash Flow": "31,800"}, "12/31/2019": {"Duration": "12/31/2019", "Operating Cash Flow": "76,000", "Investing Cash Flow": "-12,500", "Financing Cash Flow": "-79,400", "End Cash Position": "24,100", "Income Tax Paid Supplemental Data": "15,300", "Interest Paid Supplemental Data": "17,900", "Capital Expenditure": "-10,200", "Issuance of Debt": "455,600", "Repayment of Debt": "-484,200", "Repurchase of Capital Stock": "-47,600", "Free Cash Flow": "65,800"}, "12/31/2018": {"Duration": "12/31/2018", "Operating Cash Flow": "70,900", "Investing Cash Flow": "-268,400", "Financing Cash Flow": "215,200", "End Cash Position": "39,900", "Income Tax Paid Supplemental Data": "15,300", "Interest Paid Supplemental Data": "8,500", "Capital Expenditure": "-8,900", "Issuance of Debt": "558,500", "Repayment of Debt": "-336,800", "Repurchase of Capital Stock": "0", "Free Cash Flow": "62,000"}}}}, {"CRAI": {"quote": {"04/25/2021": {"value": "77.00", "Market Cap": "593.514M", "Beta (5Y Monthly)": "1.57", "PE Ratio (TTM)": "25.08", "EPS (TTM)": "3.07", "Earnings Date": "Apr 28, 2021 - May 03, 2021", "Forward Dividend & Yield": "1.04 (1.35%)", "Ex-Dividend Date": "Mar 15, 2021", "1y Target Est": "89.00"}}, "fin": {"TTM": {"Duration": "TTM", "Total Revenue": "508,373", "Cost of Revenue": "370,709", "Gross Profit": "137,664", "Operating Expense": "102,868", "Operating Income": "34,796", "Net Non Operating Interest Income Expense": "-1,216", "Other Income Expense": "42", "Pretax Income": "33,622", "Tax Provision": "9,115", "Net Income Common Stockholders": "24,414", "Diluted NI Available to Com Stockholders": "24,414", "Basic EPS": "-", "Diluted EPS": "-", "Basic Average Shares": "-", "Diluted Average Shares": "-", "Total Operating Income as Reported": "34,796", "Total Expenses": "473,577", "Net Income from Continuing & Discontinued Operation": "24,507", "Normalized Income": "24,476", "Interest Expense": "1,216", "Net Interest Income": "-1,216", "EBIT": "34,838", "EBITDA": "59,715", "Reconciled Cost of Revenue": "358,672", "Reconciled Depreciation": "24,877", "Net Income from Continuing Operation Net Minority Interest": "24,507", "Total Unusual Items Excluding Goodwill": "42", "Total Unusual Items": "42", "Normalized EBITDA": "59,673", "Tax Rate for Calcs": "0", "Tax Effect of Unusual Items": "11.382"}, "12/31/2020": {"Duration": "12/31/2020", "Total Revenue": "508,373", "Cost of Revenue": "370,709", "Gross Profit": "137,664", "Operating Expense": "102,868", "Operating Income": "34,796", "Net Non Operating Interest Income Expense": "-1,216", "Other Income Expense": "42", "Pretax Income": "33,622", "Tax Provision": "9,115", "Net Income Common Stockholders": "24,414", "Diluted NI Available to Com Stockholders": "24,414", "Basic EPS": "-", "Diluted EPS": "-", "Basic Average Shares": "-", "Diluted Average Shares": "-", "Total Operating Income as Reported": "34,796", "Total Expenses": "473,577", "Net Income from Continuing & Discontinued Operation": "24,507", "Normalized Income": "24,476", "Interest Expense": "1,216", "Net Interest Income": "-1,216", "EBIT": "34,838", "EBITDA": "-", "Reconciled Cost of Revenue": "358,672", "Reconciled Depreciation": "24,877", "Net Income from Continuing Operation Net Minority Interest": "24,507", "Total Unusual Items Excluding Goodwill": "42", "Total Unusual Items": "42", "Normalized EBITDA": "59,673", "Tax Rate for Calcs": "0", "Tax Effect of Unusual Items": "11.382"}, "12/31/2019": {"Duration": "12/31/2019", "Total Revenue": "451,370", "Cost of Revenue": "317,761", "Gross Profit": "133,609", "Operating Expense": "104,261", "Operating Income": "29,348", "Net Non Operating Interest Income Expense": "-1,254", "Other Income Expense": "-1,297", "Pretax Income": "26,797", "Tax Provision": "6,050", "Net Income Common Stockholders": "20,692", "Diluted NI Available to Com Stockholders": "20,692", "Basic EPS": "2.63", "Diluted EPS": "2.53", "Basic Average Shares": "7,866", "Diluted Average Shares": "8,167", "Total Operating Income as Reported": "29,348", "Total Expenses": "422,022", "Net Income from Continuing & Discontinued Operation": "20,747", "Normalized Income": "21,751", "Interest Expense": "1,254", "Net Interest Income": "-1,254", "EBIT": "28,051", "EBITDA": "-", "Reconciled Cost of Revenue": "307,141", "Reconciled Depreciation": "21,268", "Net Income from Continuing Operation Net Minority Interest": "20,747", "Total Unusual Items Excluding Goodwill": "-1,297", "Total Unusual Items": "-1,297", "Normalized EBITDA": "50,616", "Tax Rate for Calcs": "0", "Tax Effect of Unusual Items": "-293.122"}, "12/31/2018": {"Duration": "12/31/2018", "Total Revenue": "417,648", "Cost of Revenue": "289,185", "Gross Profit": "128,463", "Operating Expense": "99,528", "Operating Income": "28,935", "Net Non Operating Interest Income Expense": "-647", "Other Income Expense": "645", "Pretax Income": "28,933", "Tax Provision": "6,461", "Net Income Common Stockholders": "22,384", "Diluted NI Available to Com Stockholders": "22,384", "Basic EPS": "2.76", "Diluted EPS": "2.61", "Basic Average Shares": "8,107", "Diluted Average Shares": "8,570", "Total Operating Income as Reported": "28,935", "Total Expenses": "388,713", "Net Income from Continuing & Discontinued Operation": "22,492", "Normalized Income": "22,292", "Interest Expense": "647", "Net Interest Income": "-647", "EBIT": "29,580", "EBITDA": "-", "Reconciled Cost of Revenue": "289,238", "Reconciled Depreciation": "9,942", "Net Income from Continuing Operation Net Minority Interest": "22,492", "Total Unusual Items Excluding Goodwill": "258", "Total Unusual Items": "258", "Normalized EBITDA": "39,317", "Tax Rate for Calcs": "0", "Tax Effect of Unusual Items": "57.534"}}, "bs": {"12/31/2020": {"Duration": "12/31/2020", "Total Assets": "558,510", "Total Liabilities Net Minority Interest": "349,491", "Total Equity Gross Minority Interest": "209,019", "Total Capitalization": "209,019", "Common Stock Equity": "209,019", "Capital Lease Obligations": "153,004", "Net Tangible Assets": "114,724", "Working Capital": "19,839", "Invested Capital": "209,019", "Tangible Book Value": "114,724", "Total Debt": "153,004", "Share Issued": "7,693", "Ordinary Shares Number": "7,693"}, "12/31/2019": {"Duration": "12/31/2019", "Total Assets": "533,243", "Total Liabilities Net Minority Interest": "335,492", "Total Equity Gross Minority Interest": "197,751", "Total Capitalization": "197,751", "Common Stock Equity": "197,751", "Capital Lease Obligations": "159,398", "Net Tangible Assets": "102,771", "Working Capital": "12,667", "Invested Capital": "197,751", "Tangible Book Value": "102,771", "Total Debt": "159,398", "Share Issued": "7,815", "Ordinary Shares Number": "7,815"}, "12/31/2018": {"Duration": "12/31/2018", "Total Assets": "370,846", "Total Liabilities Net Minority Interest": "174,374", "Total Equity Gross Minority Interest": "196,472", "Total Capitalization": "196,472", "Common Stock Equity": "196,472", "Capital Lease Obligations": "-", "Net Tangible Assets": "100,418", "Working Capital": "38,643", "Invested Capital": "196,472", "Tangible Book Value": "100,418", "Total Debt": "-", "Share Issued": "8,010", "Ordinary Shares Number": "8,010"}}, "cf": {"TTM": {"Duration": "TTM", "Operating Cash Flow": "54,663", "Investing Cash Flow": "-17,094", "Financing Cash Flow": "-19,500", "End Cash Position": "45,677", "Income Tax Paid Supplemental Data": "6,535", "Interest Paid Supplemental Data": "1,162", "Capital Expenditure": "-17,094", "Issuance of Debt": "77,000", "Repayment of Debt": "-77,000", "Repurchase of Capital Stock": "-14,233", "Free Cash Flow": "37,569"}, "12/31/2020": {"Duration": "12/31/2020", "Operating Cash Flow": "54,663", "Investing Cash Flow": "-17,094", "Financing Cash Flow": "-19,500", "End Cash Position": "45,677", "Income Tax Paid Supplemental Data": "6,535", "Interest Paid Supplemental Data": "1,162", "Capital Expenditure": "-17,094", "Issuance of Debt": "77,000", "Repayment of Debt": "-77,000", "Repurchase of Capital Stock": "-14,233", "Free Cash Flow": "37,569"}, "12/31/2019": {"Duration": "12/31/2019", "Operating Cash Flow": "27,832", "Investing Cash Flow": "-16,693", "Financing Cash Flow": "-23,818", "End Cash Position": "25,639", "Income Tax Paid Supplemental Data": "7,590", "Interest Paid Supplemental Data": "1,157", "Capital Expenditure": "-16,693", "Issuance of Debt": "54,000", "Repayment of Debt": "-54,000", "Repurchase of Capital Stock": "-20,244", "Free Cash Flow": "11,139"}, "12/31/2018": {"Duration": "12/31/2018", "Operating Cash Flow": "36,189", "Investing Cash Flow": "-15,447", "Financing Cash Flow": "-35,747", "End Cash Position": "38,028", "Income Tax Paid Supplemental Data": "4,813", "Interest Paid Supplemental Data": "509", "Capital Expenditure": "-15,447", "Issuance of Debt": "30,161", "Repayment of Debt": "-30,161", "Repurchase of Capital Stock": "-31,830", "Free Cash Flow": "20,742"}}}}, {"EXPO": {"quote": {"05/12/2021": {"value": "93.32", "Market Cap": "4.864B", "Beta (5Y Monthly)": "0.31", "PE Ratio (TTM)": "56.90", "EPS (TTM)": "1.64", "Earnings Date": "Jul 28, 2021 - Aug 02, 2021", "Forward Dividend & Yield": "0.80 (0.86%)", "Ex-Dividend Date": "Jun 10, 2021", "1y Target Est": "114.67"}}, "fin": {"TTM": {"Duration": "TTM", "Total Revenue": "399,900", "Cost of Revenue": "-", "Gross Profit": "-", "Operating Expense": "316,651", "Operating Income": "83,249", "Net Non Operating Interest Income Expense": "1,705", "Other Income Expense": "11,982", "Pretax Income": "96,936", "Tax Provision": "14,384", "Net Income Common Stockholders": "82,552", "Diluted NI Available to Com Stockholders": "82,552", "Basic EPS": "-", "Diluted EPS": "-", "Basic Average Shares": "-", "Diluted Average Shares": "-", "Total Operating Income as Reported": "83,249", "Total Expenses": "316,651", "Net Income from Continuing & Discontinued Operation": "82,552", "Normalized Income": "75,208", "Interest Income": "1,705", "Net Interest Income": "1,705", "EBIT": "83,249", "EBITDA": "90,120", "Reconciled Cost of Revenue": "-", "Reconciled Depreciation": "6,871", "Net Income from Continuing Operation Net Minority Interest": "82,552", "Total Unusual Items Excluding Goodwill": "8,620", "Total Unusual Items": "8,620", "Normalized EBITDA": "81,500", "Tax Rate for Calcs": "0", "Tax Effect of Unusual Items": "1,276"}, "12/31/2020": {"Duration": "12/31/2020", "Total Revenue": "399,900", "Cost of Revenue": "-", "Gross Profit": "-", "Operating Expense": "316,651", "Operating Income": "83,249", "Net Non Operating Interest Income Expense": "1,705", "Other Income Expense": "11,982", "Pretax Income": "96,936", "Tax Provision": "14,384", "Net Income Common Stockholders": "82,552", "Diluted NI Available to Com Stockholders": "82,552", "Basic EPS": "-", "Diluted EPS": "-", "Basic Average Shares": "-", "Diluted Average Shares": "-", "Total Operating Income as Reported": "83,249", "Total Expenses": "316,651", "Net Income from Continuing & Discontinued Operation": "82,552", "Normalized Income": "75,208", "Interest Income": "1,705", "Net Interest Income": "1,705", "EBIT": "83,249", "EBITDA": "-", "Reconciled Cost of Revenue": "-", "Reconciled Depreciation": "6,871", "Net Income from Continuing Operation Net Minority Interest": "82,552", "Total Unusual Items Excluding Goodwill": "8,620", "Total Unusual Items": "8,620", "Normalized EBITDA": "81,500", "Tax Rate for Calcs": "0", "Tax Effect of Unusual Items": "1,276"}, "12/31/2019": {"Duration": "12/31/2019", "Total Revenue": "417,199", "Cost of Revenue": "25,809", "Gross Profit": "391,390", "Operating Expense": "332,088", "Operating Income": "85,111", "Net Non Operating Interest Income Expense": "3,912", "Other Income Expense": "15,167", "Pretax Income": "104,190", "Tax Provision": "21,730", "Net Income Common Stockholders": "82,460", "Diluted NI Available to Com Stockholders": "82,460", "Basic EPS": "1.56", "Diluted EPS": "1.53", "Basic Average Shares": "52,691", "Diluted Average Shares": "53,884", "Total Operating Income as Reported": "85,111", "Total Expenses": "332,088", "Net Income from Continuing & Discontinued Operation": "82,460", "Normalized Income": "72,973", "Interest Income": "3,912", "Net Interest Income": "3,912", "EBIT": "85,111", "EBITDA": "-", "Reconciled Cost of Revenue": "25,809", "Reconciled Depreciation": "6,806", "Net Income from Continuing Operation Net Minority Interest": "82,460", "Total Unusual Items Excluding Goodwill": "11,994", "Total Unusual Items": "11,994", "Normalized EBITDA": "79,923", "Tax Rate for Calcs": "0", "Tax Effect of Unusual Items": "2,507"}, "12/31/2018": {"Duration": "12/31/2018", "Total Revenue": "379,523", "Cost of Revenue": "24,884", "Gross Profit": "354,639", "Operating Expense": "288,067", "Operating Income": "91,456", "Net Non Operating Interest Income Expense": "2,751", "Other Income Expense": "-890", "Pretax Income": "93,317", "Tax Provision": "21,063", "Net Income Common Stockholders": "72,254", "Diluted NI Available to Com Stockholders": "72,254", "Basic EPS": "1.37", "Diluted EPS": "1.33", "Basic Average Shares": "52,906", "Diluted Average Shares": "54,168", "Total Operating Income as Reported": "91,456", "Total Expenses": "288,067", "Net Income from Continuing & Discontinued Operation": "72,254", "Normalized Income": "75,143", "Interest Income": "2,751", "Net Interest Income": "2,751", "EBIT": "91,456", "EBITDA": "-", "Reconciled Cost of Revenue": "24,884", "Reconciled Depreciation": "6,292", "Net Income from Continuing Operation Net Minority Interest": "72,254", "Total Unusual Items Excluding Goodwill": "-3,733", "Total Unusual Items": "-3,733", "Normalized EBITDA": "101,481", "Tax Rate for Calcs": "0", "Tax Effect of Unusual Items": "-843.658"}}, "bs": {"12/31/2020": {"Duration": "12/31/2020", "Total Assets": "580,096", "Total Liabilities Net Minority Interest": "218,598", "Total Equity Gross Minority Interest": "361,498", "Total Capitalization": "361,498", "Common Stock Equity": "361,498", "Capital Lease Obligations": "20,330", "Net Tangible Assets": "352,891", "Working Capital": "249,524", "Invested Capital": "361,498", "Tangible Book Value": "352,891", "Total Debt": "20,330", "Share Issued": "65,707", "Ordinary Shares Number": "51,804", "Treasury Shares Number": "13,903"}, "12/31/2019": {"Duration": "12/31/2019", "Total Assets": "563,411", "Total Liabilities Net Minority Interest": "213,160", "Total Equity Gross Minority Interest": "350,251", "Total Capitalization": "350,251", "Common Stock Equity": "350,251", "Capital Lease Obligations": "24,102", "Net Tangible Assets": "341,644", "Working Capital": "240,084", "Invested Capital": "350,251", "Tangible Book Value": "341,644", "Total Debt": "24,102", "Share Issued": "65,707", "Ordinary Shares Number": "51,756", "Treasury Shares Number": "13,951"}, "12/31/2018": {"Duration": "12/31/2018", "Total Assets": "468,936", "Total Liabilities Net Minority Interest": "155,027", "Total Equity Gross Minority Interest": "313,909", "Total Capitalization": "313,909", "Common Stock Equity": "313,909", "Capital Lease Obligations": "-", "Net Tangible Assets": "305,302", "Working Capital": "228,308", "Invested Capital": "313,909", "Tangible Book Value": "305,302", "Total Debt": "-", "Share Issued": "65,707", "Ordinary Shares Number": "51,499", "Treasury Shares Number": "14,208"}}, "cf": {"TTM": {"Duration": "TTM", "Operating Cash Flow": "103,312", "Investing Cash Flow": "5,024", "Financing Cash Flow": "-88,355", "End Cash Position": "197,525", "Income Tax Paid Supplemental Data": "-", "Capital Expenditure": "-4,987", "Repurchase of Capital Stock": "-40,049", "Free Cash Flow": "98,325"}, "12/31/2020": {"Duration": "12/31/2020", "Operating Cash Flow": "103,312", "Investing Cash Flow": "5,024", "Financing Cash Flow": "-88,355", "End Cash Position": "197,525", "Income Tax Paid Supplemental Data": "-", "Capital Expenditure": "-4,987", "Repurchase of Capital Stock": "-40,049", "Free Cash Flow": "98,325"}, "12/31/2019": {"Duration": "12/31/2019", "Operating Cash Flow": "108,059", "Investing Cash Flow": "4,269", "Financing Cash Flow": "-63,414", "End Cash Position": "176,436", "Income Tax Paid Supplemental Data": "-", "Capital Expenditure": "-23,038", "Repurchase of Capital Stock": "-21,957", "Free Cash Flow": "85,021"}, "12/31/2018": {"Duration": "12/31/2018", "Operating Cash Flow": "91,188", "Investing Cash Flow": "-25,820", "Financing Cash Flow": "-62,500", "End Cash Position": "127,059", "Income Tax Paid Supplemental Data": "28,636", "Capital Expenditure": "-16,298", "Repurchase of Capital Stock": "-27,915", "Free Cash Flow": "74,890"}}}}, {"FPCG": {"quote": {"05/12/2021": {"value": "675.00", "Market Cap": "256,500", "Beta (5Y Monthly)": "-14.52", "PE Ratio (TTM)": "N/A", "EPS (TTM)": "N/A", "Earnings Date": "N/A", "Forward Dividend & Yield": "N/A (N/A)", "Ex-Dividend Date": "Apr 06, 2021", "1y Target Est": "N/A"}}, "fin": {}, "bs": {}, "cf": {}}}, {"III": {"quote": {"05/12/2021": {"value": "5.18", "Market Cap": "248.743M", "Beta (5Y Monthly)": "N/A", "PE Ratio (TTM)": "75.07", "EPS (TTM)": "N/A", "Earnings Date": "Aug 09, 2021 - Aug 13, 2021", "Forward Dividend & Yield": "N/A (N/A)", "Ex-Dividend Date": "N/A", "1y Target Est": "6.00"}}, "fin": {"TTM": {"Duration": "TTM", "Total Revenue": "249,128", "Cost of Revenue": "149,878", "Gross Profit": "99,250", "Operating Expense": "89,981", "Operating Income": "9,269", "Net Non Operating Interest Income Expense": "-3,303", "Other Income Expense": "-98", "Pretax Income": "5,868", "Tax Provision": "3,113", "Net Income Common Stockholders": "2,755", "Average Dilution Earnings": "-", "Diluted NI Available to Com Stockholders": "2,755", "Basic EPS": "-", "Diluted EPS": "-", "Basic Average Shares": "-", "Diluted Average Shares": "-", "Total Operating Income as Reported": "9,269", "Total Expenses": "239,859", "Net Income from Continuing & Discontinued Operation": "2,755", "Normalized Income": "2,827", "Interest Income": "260", "Interest Expense": "3,563", "Net Interest Income": "-3,303", "EBIT": "9,431", "EBITDA": "15,627", "Reconciled Cost of Revenue": "149,878", "Reconciled Depreciation": "6,196", "Net Income from Continuing Operation Net Minority Interest": "2,755", "Total Unusual Items Excluding Goodwill": "-98", "Total Unusual Items": "-98", "Normalized EBITDA": "15,725", "Tax Rate for Calcs": "0", "Tax Effect of Unusual Items": "-26.46"}, "12/31/2020": {"Duration": "12/31/2020", "Total Revenue": "249,128", "Cost of Revenue": "149,878", "Gross Profit": "99,250", "Operating Expense": "89,981", "Operating Income": "9,269", "Net Non Operating Interest Income Expense": "-3,303", "Other Income Expense": "-98", "Pretax Income": "5,868", "Tax Provision": "3,113", "Net Income Common Stockholders": "2,755", "Average Dilution Earnings": "-", "Diluted NI Available to Com Stockholders": "2,755", "Basic EPS": "-", "Diluted EPS": "-", "Basic Average Shares": "-", "Diluted Average Shares": "-", "Total Operating Income as Reported": "9,269", "Total Expenses": "239,859", "Net Income from Continuing & Discontinued Operation": "2,755", "Normalized Income": "2,827", "Interest Income": "260", "Interest Expense": "3,563", "Net Interest Income": "-3,303", "EBIT": "9,431", "EBITDA": "-", "Reconciled Cost of Revenue": "149,878", "Reconciled Depreciation": "6,196", "Net Income from Continuing Operation Net Minority Interest": "2,755", "Total Unusual Items Excluding Goodwill": "-98", "Total Unusual Items": "-98", "Normalized EBITDA": "15,725", "Tax Rate for Calcs": "0", "Tax Effect of Unusual Items": "-26.46"}, "12/31/2019": {"Duration": "12/31/2019", "Total Revenue": "265,763", "Cost of Revenue": "153,179", "Gross Profit": "112,584", "Operating Expense": "99,226", "Operating Income": "13,358", "Net Non Operating Interest Income Expense": "-6,073", "Other Income Expense": "-146", "Pretax Income": "7,139", "Tax Provision": "3,798", "Net Income Common Stockholders": "3,341", "Average Dilution Earnings": "-", "Diluted NI Available to Com Stockholders": "3,341", "Basic EPS": "0.07", "Diluted EPS": "0.07", "Basic Average Shares": "46,917", "Diluted Average Shares": "47,620", "Total Operating Income as Reported": "13,358", "Total Expenses": "252,405", "Net Income from Continuing & Discontinued Operation": "3,341", "Normalized Income": "3,448", "Interest Income": "194", "Interest Expense": "6,267", "Net Interest Income": "-6,073", "EBIT": "13,406", "EBITDA": "-", "Reconciled Cost of Revenue": "153,179", "Reconciled Depreciation": "6,708", "Net Income from Continuing Operation Net Minority Interest": "3,341", "Total Unusual Items Excluding Goodwill": "-146", "Total Unusual Items": "-146", "Normalized EBITDA": "20,260", "Tax Rate for Calcs": "0", "Tax Effect of Unusual Items": "-39.42"}, "12/31/2018": {"Duration": "12/31/2018", "Total Revenue": "275,769", "Cost of Revenue": "159,921", "Gross Profit": "115,848", "Operating Expense": "103,171", "Operating Income": "12,677", "Net Non Operating Interest Income Expense": "-6,572", "Other Income Expense": "7", "Pretax Income": "6,112", "Tax Provision": "435", "Net Income Common Stockholders": "5,677", "Average Dilution Earnings": "-", "Diluted NI Available to Com Stockholders": "5,677", "Basic EPS": "0.13", "Diluted EPS": "0.12", "Basic Average Shares": "44,673", "Diluted Average Shares": "46,067", "Total Operating Income as Reported": "12,677", "Total Expenses": "263,092", "Net Income from Continuing & Discontinued Operation": "5,677", "Normalized Income": "5,670", "Interest Income": "116", "Interest Expense": "6,688", "Net Interest Income": "-6,572", "EBIT": "12,800", "EBITDA": "-", "Reconciled Cost of Revenue": "159,921", "Reconciled Depreciation": "7,771", "Net Income from Continuing Operation Net Minority Interest": "5,677", "Total Unusual Items Excluding Goodwill": "7", "Total Unusual Items": "7", "Normalized EBITDA": "20,564", "Tax Rate for Calcs": "0", "Tax Effect of Unusual Items": "0.497"}}, "bs": {"12/31/2020": {"Duration": "12/31/2020", "Total Assets": "239,520", "Total Liabilities Net Minority Interest": "140,383", "Total Equity Gross Minority Interest": "99,137", "Total Capitalization": "172,688", "Common Stock Equity": "99,137", "Capital Lease Obligations": "6,882", "Net Tangible Assets": "-6,935", "Working Capital": "63,954", "Invested Capital": "176,988", "Tangible Book Value": "-6,935", "Total Debt": "84,733", "Net Debt": "34,121", "Share Issued": "48,297", "Ordinary Shares Number": "48,189", "Treasury Shares Number": "108"}, "12/31/2019": {"Duration": "12/31/2019", "Total Assets": "218,755", "Total Liabilities Net Minority Interest": "129,081", "Total Equity Gross Minority Interest": "89,674", "Total Capitalization": "164,497", "Common Stock Equity": "89,674", "Capital Lease Obligations": "8,026", "Net Tangible Assets": "-12,280", "Working Capital": "58,550", "Invested Capital": "175,497", "Tangible Book Value": "-12,280", "Total Debt": "93,849", "Net Debt": "67,670", "Share Issued": "48,112", "Ordinary Shares Number": "47,478", "Treasury Shares Number": "634"}, "12/31/2018": {"Duration": "12/31/2018", "Total Assets": "214,731", "Total Liabilities Net Minority Interest": "136,144", "Total Equity Gross Minority Interest": "78,587", "Total Capitalization": "167,799", "Common Stock Equity": "78,587", "Capital Lease Obligations": "-", "Net Tangible Assets": "-27,424", "Working Capital": "57,541", "Invested Capital": "176,049", "Tangible Book Value": "-27,424", "Total Debt": "97,462", "Net Debt": "78,826", "Share Issued": "45,477", "Ordinary Shares Number": "45,430", "Treasury Shares Number": "47"}}, "cf": {"TTM": {"Duration": "TTM", "Operating Cash Flow": "43,971", "Investing Cash Flow": "-3,498", "Financing Cash Flow": "-15,695", "End Cash Position": "43,825", "Income Tax Paid Supplemental Data": "2,536", "Interest Paid Supplemental Data": "3,114", "Capital Expenditure": "-1,181", "Issuance of Capital Stock": "-", "Issuance of Debt": "-", "Repayment of Debt": "-8,088", "Repurchase of Capital Stock": "-5,166", "Free Cash Flow": "42,790"}, "12/31/2020": {"Duration": "12/31/2020", "Operating Cash Flow": "43,971", "Investing Cash Flow": "-3,498", "Financing Cash Flow": "-15,695", "End Cash Position": "43,825", "Income Tax Paid Supplemental Data": "2,536", "Interest Paid Supplemental Data": "3,114", "Capital Expenditure": "-1,181", "Issuance of Capital Stock": "-", "Issuance of Debt": "-", "Repayment of Debt": "-8,088", "Repurchase of Capital Stock": "-5,166", "Free Cash Flow": "42,790"}, "12/31/2019": {"Duration": "12/31/2019", "Operating Cash Flow": "20,437", "Investing Cash Flow": "-1,922", "Financing Cash Flow": "-18,934", "End Cash Position": "18,241", "Income Tax Paid Supplemental Data": "503", "Interest Paid Supplemental Data": "5,690", "Capital Expenditure": "-1,922", "Issuance of Capital Stock": "-", "Issuance of Debt": "5,000", "Repayment of Debt": "-17,250", "Repurchase of Capital Stock": "-3,428", "Free Cash Flow": "18,515"}, "12/31/2018": {"Duration": "12/31/2018", "Operating Cash Flow": "19,128", "Investing Cash Flow": "-3,999", "Financing Cash Flow": "-24,003", "End Cash Position": "18,725", "Income Tax Paid Supplemental Data": "2,622", "Interest Paid Supplemental Data": "5,978", "Capital Expenditure": "-3,999", "Issuance of Capital Stock": "824", "Issuance of Debt": "-", "Repayment of Debt": "-17,637", "Repurchase of Capital Stock": "-3,063", "Free Cash Flow": "15,129"}}}}, {"HCKT": {"quote": {"05/12/2021": {"value": "16.03", "Market Cap": "484.69M", "Beta (5Y Monthly)": "0.69", "PE Ratio (TTM)": "97.15", "EPS (TTM)": "0.17", "Earnings Date": "May 11, 2021", "Forward Dividend & Yield": "0.40 (2.38%)", "Ex-Dividend Date": "Mar 25, 2021", "1y Target Est": "21.00"}}, "fin": {"TTM": {"Duration": "TTM", "Total Revenue": "239,482", "Cost of Revenue": "166,368", "Gross Profit": "73,114", "Operating Expense": "53,984", "Operating Income": "19,130", "Net Non Operating Interest Income Expense": "-126", "Other Income Expense": "-10,488", "Pretax Income": "8,516", "Tax Provision": "2,871", "Net Income Common Stockholders": "5,473", "Diluted NI Available to Com Stockholders": "5,473", "Basic EPS": "-", "Diluted EPS": "-", "Basic Average Shares": "-", "Diluted Average Shares": "-", "Total Operating Income as Reported": "8,642", "Total Expenses": "220,352", "Net Income from Continuing & Discontinued Operation": "5,473", "Normalized Income": "12,599", "Interest Expense": "126", "Net Interest Income": "-126", "EBIT": "8,642", "EBITDA": "13,121", "Reconciled Cost of Revenue": "166,368", "Reconciled Depreciation": "4,479", "Net Income from Continuing Operation Net Minority Interest": "5,645", "Total Unusual Items Excluding Goodwill": "-10,488", "Total Unusual Items": "-10,488", "Normalized EBITDA": "23,609", "Tax Rate for Calcs": "0", "Tax Effect of Unusual Items": "-3,534"}, "12/31/2020": {"Duration": "12/31/2020", "Total Revenue": "239,482", "Cost of Revenue": "166,368", "Gross Profit": "73,114", "Operating Expense": "53,984", "Operating Income": "19,130", "Net Non Operating Interest Income Expense": "-126", "Other Income Expense": "-10,488", "Pretax Income": "8,516", "Tax Provision": "2,871", "Net Income Common Stockholders": "5,473", "Diluted NI Available to Com Stockholders": "5,473", "Basic EPS": "-", "Diluted EPS": "-", "Basic Average Shares": "-", "Diluted Average Shares": "-", "Total Operating Income as Reported": "8,642", "Total Expenses": "220,352", "Net Income from Continuing & Discontinued Operation": "5,473", "Normalized Income": "12,599", "Interest Expense": "126", "Net Interest Income": "-126", "EBIT": "8,642", "EBITDA": "-", "Reconciled Cost of Revenue": "166,368", "Reconciled Depreciation": "4,479", "Net Income from Continuing Operation Net Minority Interest": "5,645", "Total Unusual Items Excluding Goodwill": "-10,488", "Total Unusual Items": "-10,488", "Normalized EBITDA": "23,609", "Tax Rate for Calcs": "0", "Tax Effect of Unusual Items": "-3,534"}, "12/31/2019": {"Duration": "12/31/2019", "Total Revenue": "282,472", "Cost of Revenue": "185,679", "Gross Profit": "96,793", "Operating Expense": "62,074", "Operating Income": "34,719", "Net Non Operating Interest Income Expense": "-311", "Other Income Expense": "-3,381", "Pretax Income": "31,027", "Tax Provision": "7,744", "Net Income Common Stockholders": "23,277", "Diluted NI Available to Com Stockholders": "23,277", "Basic EPS": "0.78", "Diluted EPS": "0.72", "Basic Average Shares": "29,805", "Diluted Average Shares": "32,453", "Total Operating Income as Reported": "31,338", "Total Expenses": "247,753", "Net Income from Continuing & Discontinued Operation": "23,277", "Normalized Income": "25,819", "Interest Expense": "311", "Net Interest Income": "-311", "EBIT": "31,338", "EBITDA": "-", "Reconciled Cost of Revenue": "185,679", "Reconciled Depreciation": "4,242", "Net Income from Continuing Operation Net Minority Interest": "23,283", "Total Unusual Items Excluding Goodwill": "-3,381", "Total Unusual Items": "-3,381", "Normalized EBITDA": "38,961", "Tax Rate for Calcs": "0", "Tax Effect of Unusual Items": "-845.25"}, "12/31/2018": {"Duration": "12/31/2018", "Total Revenue": "285,887", "Cost of Revenue": "186,285", "Gross Profit": "99,602", "Operating Expense": "64,123", "Operating Income": "35,479", "Net Non Operating Interest Income Expense": "-638", "Other Income Expense": "-1,905", "Pretax Income": "32,936", "Tax Provision": "5,577", "Net Income Common Stockholders": "23,909", "Diluted NI Available to Com Stockholders": "23,909", "Basic EPS": "0.81", "Diluted EPS": "0.74", "Basic Average Shares": "29,379", "Diluted Average Shares": "32,330", "Total Operating Income as Reported": "33,574", "Total Expenses": "250,408", "Net Income from Continuing & Discontinued Operation": "23,909", "Normalized Income": "28,942", "Interest Expense": "638", "Net Interest Income": "-638", "EBIT": "33,574", "EBITDA": "-", "Reconciled Cost of Revenue": "186,285", "Reconciled Depreciation": "4,834", "Net Income from Continuing Operation Net Minority Interest": "27,359", "Total Unusual Items Excluding Goodwill": "-1,905", "Total Unusual Items": "-1,905", "Normalized EBITDA": "40,313", "Tax Rate for Calcs": "0", "Tax Effect of Unusual Items": "-321.945"}}, "bs": {"12/31/2020": {"Duration": "12/31/2020", "Total Assets": "192,545", "Total Liabilities Net Minority Interest": "51,658", "Total Equity Gross Minority Interest": "140,887", "Total Capitalization": "140,887", "Common Stock Equity": "140,887", "Capital Lease Obligations": "6,123", "Net Tangible Assets": "55,590", "Working Capital": "42,265", "Invested Capital": "140,887", "Tangible Book Value": "55,590", "Total Debt": "6,123", "Net Debt": "-", "Share Issued": "57,600", "Ordinary Shares Number": "29,990", "Treasury Shares Number": "27,610"}, "12/31/2019": {"Duration": "12/31/2019", "Total Assets": "193,735", "Total Liabilities Net Minority Interest": "56,121", "Total Equity Gross Minority Interest": "137,614", "Total Capitalization": "137,614", "Common Stock Equity": "137,614", "Capital Lease Obligations": "7,962", "Net Tangible Assets": "53,036", "Working Capital": "34,944", "Invested Capital": "137,614", "Tangible Book Value": "53,036", "Total Debt": "7,962", "Net Debt": "-", "Share Issued": "57,181", "Ordinary Shares Number": "29,755", "Treasury Shares Number": "27,425"}, "12/31/2018": {"Duration": "12/31/2018", "Total Assets": "180,752", "Total Liabilities Net Minority Interest": "57,162", "Total Equity Gross Minority Interest": "123,590", "Total Capitalization": "130,090", "Common Stock Equity": "123,590", "Capital Lease Obligations": "-", "Net Tangible Assets": "39,383", "Working Capital": "28,864", "Invested Capital": "130,090", "Tangible Book Value": "39,383", "Total Debt": "6,500", "Net Debt": "-", "Share Issued": "56,608", "Ordinary Shares Number": "29,521", "Treasury Shares Number": "27,087"}}, "cf": {"TTM": {"Duration": "TTM", "Operating Cash Flow": "44,061", "Investing Cash Flow": "-1,893", "Financing Cash Flow": "-18,715", "End Cash Position": "49,455", "Income Tax Paid Supplemental Data": "4,651", "Interest Paid Supplemental Data": "57", "Capital Expenditure": "-1,893", "Issuance of Capital Stock": "751", "Issuance of Debt": "0", "Repayment of Debt": "0", "Repurchase of Capital Stock": "-4,508", "Free Cash Flow": "42,168"}, "12/31/2020": {"Duration": "12/31/2020", "Operating Cash Flow": "44,061", "Investing Cash Flow": "-1,893", "Financing Cash Flow": "-18,715", "End Cash Position": "49,455", "Income Tax Paid Supplemental Data": "4,651", "Interest Paid Supplemental Data": "57", "Capital Expenditure": "-1,893", "Issuance of Capital Stock": "751", "Issuance of Debt": "0", "Repayment of Debt": "0", "Repurchase of Capital Stock": "-4,508", "Free Cash Flow": "42,168"}, "12/31/2019": {"Duration": "12/31/2019", "Operating Cash Flow": "42,361", "Investing Cash Flow": "-5,578", "Financing Cash Flow": "-24,697", "End Cash Position": "25,954", "Income Tax Paid Supplemental Data": "5,805", "Interest Paid Supplemental Data": "231", "Capital Expenditure": "-4,568", "Issuance of Capital Stock": "806", "Issuance of Debt": "1,000", "Repayment of Debt": "-7,500", "Repurchase of Capital Stock": "-7,807", "Free Cash Flow": "37,793"}, "12/31/2018": {"Duration": "12/31/2018", "Operating Cash Flow": "32,411", "Investing Cash Flow": "-9,637", "Financing Cash Flow": "-26,556", "End Cash Position": "13,808", "Income Tax Paid Supplemental Data": "7,962", "Interest Paid Supplemental Data": "541", "Capital Expenditure": "-9,637", "Issuance of Capital Stock": "778", "Issuance of Debt": "5,000", "Repayment of Debt": "-17,500", "Repurchase of Capital Stock": "-4,786", "Free Cash Flow": "22,774"}}}}, {"HURN": {"quote": {"05/12/2021": {"value": "54.05", "Market Cap": "1.22B", "Beta (5Y Monthly)": "0.95", "PE Ratio (TTM)": "49.59", "EPS (TTM)": "1.09", "Earnings Date": "Jul 28, 2021 - Aug 02, 2021", "Forward Dividend & Yield": "N/A (N/A)", "Ex-Dividend Date": "N/A", "1y Target Est": "69.00"}}, "fin": {"TTM": {"Duration": "TTM", "Total Revenue": "871,014", "Cost of Revenue": "619,346", "Gross Profit": "251,668", "Operating Expense": "200,329", "Operating Income": "51,339", "Net Non Operating Interest Income Expense": "-9,292", "Other Income Expense": "-75,920", "Pretax Income": "-33,873", "Tax Provision": "-10,155", "Net Income Common Stockholders": "-23,840", "Diluted NI Available to Com Stockholders": "-23,840", "Basic EPS": "-", "Diluted EPS": "-", "Basic Average Shares": "-", "Diluted Average Shares": "-", "Total Operating Income as Reported": "-28,852", "Total Expenses": "819,675", "Net Income from Continuing & Discontinued Operation": "-23,840", "Normalized Income": "32,416", "Net Interest Income": "-9,292", "EBIT": "51,339", "EBITDA": "81,561", "Reconciled Cost of Revenue": "618,767", "Reconciled Depreciation": "30,222", "Net Income from Continuing Operation Net Minority Interest": "-23,718", "Total Unusual Items Excluding Goodwill": "-80,191", "Total Unusual Items": "-80,191", "Normalized EBITDA": "161,752", "Tax Rate for Calcs": "0", "Tax Effect of Unusual Items": "-24,057"}, "12/31/2020": {"Duration": "12/31/2020", "Total Revenue": "871,014", "Cost of Revenue": "619,346", "Gross Profit": "251,668", "Operating Expense": "200,329", "Operating Income": "51,339", "Net Non Operating Interest Income Expense": "-9,292", "Other Income Expense": "-75,920", "Pretax Income": "-33,873", "Tax Provision": "-10,155", "Net Income Common Stockholders": "-23,840", "Diluted NI Available to Com Stockholders": "-23,840", "Basic EPS": "-", "Diluted EPS": "-", "Basic Average Shares": "-", "Diluted Average Shares": "-", "Total Operating Income as Reported": "-28,852", "Total Expenses": "819,675", "Net Income from Continuing & Discontinued Operation": "-23,840", "Normalized Income": "32,416", "Net Interest Income": "-9,292", "EBIT": "51,339", "EBITDA": "-", "Reconciled Cost of Revenue": "618,767", "Reconciled Depreciation": "30,222", "Net Income from Continuing Operation Net Minority Interest": "-23,718", "Total Unusual Items Excluding Goodwill": "-80,191", "Total Unusual Items": "-80,191", "Normalized EBITDA": "161,752", "Tax Rate for Calcs": "0", "Tax Effect of Unusual Items": "-24,057"}, "12/31/2019": {"Duration": "12/31/2019", "Total Revenue": "965,474", "Cost of Revenue": "664,298", "Gross Profit": "301,176", "Operating Expense": "236,811", "Operating Income": "64,365", "Net Non Operating Interest Income Expense": "-15,648", "Other Income Expense": "3,774", "Pretax Income": "52,491", "Tax Provision": "10,512", "Net Income Common Stockholders": "41,743", "Diluted NI Available to Com Stockholders": "41,743", "Basic EPS": "1.90", "Diluted EPS": "1.85", "Basic Average Shares": "21,993", "Diluted Average Shares": "22,507", "Total Operating Income as Reported": "63,706", "Total Expenses": "901,109", "Net Income from Continuing & Discontinued Operation": "41,743", "Normalized Income": "42,506", "Net Interest Income": "-15,648", "EBIT": "64,365", "EBITDA": "-", "Reconciled Cost of Revenue": "663,633", "Reconciled Depreciation": "34,405", "Net Income from Continuing Operation Net Minority Interest": "41,979", "Total Unusual Items Excluding Goodwill": "-659", "Total Unusual Items": "-659", "Normalized EBITDA": "99,429", "Tax Rate for Calcs": "0", "Tax Effect of Unusual Items": "-131.8"}, "12/31/2018": {"Duration": "12/31/2018", "Total Revenue": "877,999", "Cost of Revenue": "604,460", "Gross Profit": "273,539", "Operating Expense": "217,786", "Operating Income": "55,753", "Net Non Operating Interest Income Expense": "-19,013", "Other Income Expense": "-11,519", "Pretax Income": "25,221", "Tax Provision": "11,277", "Net Income Common Stockholders": "13,646", "Diluted NI Available to Com Stockholders": "13,646", "Basic EPS": "0.63", "Diluted EPS": "0.62", "Basic Average Shares": "21,706", "Diluted Average Shares": "22,058", "Total Operating Income as Reported": "52,096", "Total Expenses": "822,246", "Net Income from Continuing & Discontinued Operation": "13,646", "Normalized Income": "16,614", "Net Interest Income": "-19,013", "EBIT": "55,753", "EBITDA": "-", "Reconciled Cost of Revenue": "603,971", "Reconciled Depreciation": "39,311", "Net Income from Continuing Operation Net Minority Interest": "13,944", "Total Unusual Items Excluding Goodwill": "-3,657", "Total Unusual Items": "-3,657", "Normalized EBITDA": "98,721", "Tax Rate for Calcs": "0", "Tax Effect of Unusual Items": "-987.39"}}, "bs": {"12/31/2020": {"Duration": "12/31/2020", "Total Assets": "1,057,476", "Total Liabilities Net Minority Interest": "505,534", "Total Equity Gross Minority Interest": "551,942", "Total Capitalization": "754,722", "Common Stock Equity": "551,942", "Capital Lease Obligations": "70,596", "Net Tangible Assets": "-62,778", "Working Capital": "43,644", "Invested Capital": "755,221", "Tangible Book Value": "-62,778", "Total Debt": "273,875", "Net Debt": "136,102", "Share Issued": "25,347", "Ordinary Shares Number": "22,763", "Treasury Shares Number": "2,584"}, "12/31/2019": {"Duration": "12/31/2019", "Total Assets": "1,104,271", "Total Liabilities Net Minority Interest": "518,806", "Total Equity Gross Minority Interest": "585,465", "Total Capitalization": "793,789", "Common Stock Equity": "585,465", "Capital Lease Obligations": "76,702", "Net Tangible Assets": "-92,840", "Working Capital": "20,192", "Invested Capital": "794,318", "Tangible Book Value": "-92,840", "Total Debt": "285,555", "Net Debt": "197,249", "Share Issued": "25,145", "Ordinary Shares Number": "22,719", "Treasury Shares Number": "2,425"}, "12/31/2018": {"Duration": "12/31/2018", "Total Assets": "1,049,532", "Total Liabilities Net Minority Interest": "508,908", "Total Equity Gross Minority Interest": "540,624", "Total Capitalization": "594,477", "Common Stock Equity": "540,624", "Capital Lease Obligations": "-", "Net Tangible Assets": "-152,496", "Working Capital": "-185,374", "Invested Capital": "837,609", "Tangible Book Value": "-152,496", "Total Debt": "296,985", "Net Debt": "263,878", "Share Issued": "25,115", "Ordinary Shares Number": "22,546", "Treasury Shares Number": "2,568"}}, "cf": {"TTM": {"Duration": "TTM", "Operating Cash Flow": "136,738", "Investing Cash Flow": "-42,034", "Financing Cash Flow": "-39,615", "End Cash Position": "67,177", "Income Tax Paid Supplemental Data": "4,721", "Interest Paid Supplemental Data": "8,309", "Capital Expenditure": "-16,397", "Issuance of Debt": "283,000", "Repayment of Debt": "-288,574", "Repurchase of Capital Stock": "-35,044", "Free Cash Flow": "120,341"}, "12/31/2020": {"Duration": "12/31/2020", "Operating Cash Flow": "136,738", "Investing Cash Flow": "-42,034", "Financing Cash Flow": "-39,615", "End Cash Position": "67,177", "Income Tax Paid Supplemental Data": "4,721", "Interest Paid Supplemental Data": "8,309", "Capital Expenditure": "-16,397", "Issuance of Debt": "283,000", "Repayment of Debt": "-288,574", "Repurchase of Capital Stock": "-35,044", "Free Cash Flow": "120,341"}, "12/31/2019": {"Duration": "12/31/2019", "Operating Cash Flow": "132,220", "Investing Cash Flow": "-35,002", "Financing Cash Flow": "-118,836", "End Cash Position": "11,604", "Income Tax Paid Supplemental Data": "1,429", "Interest Paid Supplemental Data": "7,971", "Capital Expenditure": "-23,552", "Issuance of Debt": "347,000", "Repayment of Debt": "-442,515", "Repurchase of Capital Stock": "-18,367", "Free Cash Flow": "108,668"}, "12/31/2018": {"Duration": "12/31/2018", "Operating Cash Flow": "101,658", "Investing Cash Flow": "-18,562", "Financing Cash Flow": "-66,690", "End Cash Position": "33,107", "Income Tax Paid Supplemental Data": "3,349", "Interest Paid Supplemental Data": "8,887", "Capital Expenditure": "-15,005", "Issuance of Debt": "204,300", "Repayment of Debt": "-259,801", "Repurchase of Capital Stock": "-3,187", "Free Cash Flow": "86,653"}}}}, {"HIL": {"quote": {"05/12/2021": {"value": "2.6800", "Market Cap": "151.758M", "Beta (5Y Monthly)": "N/A", "PE Ratio (TTM)": "N/A", "EPS (TTM)": "-0.0760", "Earnings Date": "Aug 03, 2021 - Aug 09, 2021", "Forward Dividend & Yield": "N/A (N/A)", "Ex-Dividend Date": "N/A", "1y Target Est": "N/A"}}, "fin": {"TTM": {"Duration": "TTM", "Total Revenue": "368,524", "Cost of Revenue": "249,173", "Gross Profit": "119,351", "Operating Expense": "109,215", "Operating Income": "10,136", "Net Non Operating Interest Income Expense": "-5,224", "Other Income Expense": "-5,348", "Pretax Income": "-436", "Tax Provision": "7,134", "Net Income Common Stockholders": "-8,182", "Diluted NI Available to Com Stockholders": "-8,182", "Basic EPS": "-", "Diluted EPS": "-", "Basic Average Shares": "-", "Diluted Average Shares": "-", "Total Operating Income as Reported": "10,499", "Total Expenses": "358,388", "Net Income from Continuing & Discontinued Operation": "-8,182", "Normalized Income": "-6,048", "Interest Expense": "5,224", "Net Interest Income": "-5,224", "EBIT": "4,788", "EBITDA": "8,826", "Reconciled Cost of Revenue": "249,173", "Reconciled Depreciation": "4,038", "Net Income from Continuing Operation Net Minority Interest": "-8,182", "Total Unusual Items Excluding Goodwill": "-2,923", "Total Unusual Items": "-2,923", "Normalized EBITDA": "11,749", "Tax Rate for Calcs": "0", "Tax Effect of Unusual Items": "-789.21"}, "12/31/2020": {"Duration": "12/31/2020", "Total Revenue": "368,524", "Cost of Revenue": "249,173", "Gross Profit": "119,351", "Operating Expense": "109,215", "Operating Income": "10,136", "Net Non Operating Interest Income Expense": "-5,224", "Other Income Expense": "-5,348", "Pretax Income": "-436", "Tax Provision": "7,134", "Net Income Common Stockholders": "-8,182", "Diluted NI Available to Com Stockholders": "-8,182", "Basic EPS": "-", "Diluted EPS": "-", "Basic Average Shares": "-", "Diluted Average Shares": "-", "Total Operating Income as Reported": "10,499", "Total Expenses": "358,388", "Net Income from Continuing & Discontinued Operation": "-8,182", "Normalized Income": "-6,048", "Interest Expense": "5,224", "Net Interest Income": "-5,224", "EBIT": "4,788", "EBITDA": "-", "Reconciled Cost of Revenue": "249,173", "Reconciled Depreciation": "4,038", "Net Income from Continuing Operation Net Minority Interest": "-8,182", "Total Unusual Items Excluding Goodwill": "-2,923", "Total Unusual Items": "-2,923", "Normalized EBITDA": "11,749", "Tax Rate for Calcs": "0", "Tax Effect of Unusual Items": "-789.21"}, "12/31/2019": {"Duration": "12/31/2019", "Total Revenue": "376,437", "Cost of Revenue": "249,587", "Gross Profit": "126,850", "Operating Expense": "111,124", "Operating Income": "15,726", "Net Non Operating Interest Income Expense": "-5,795", "Other Income Expense": "3,214", "Pretax Income": "13,145", "Tax Provision": "-1,109", "Net Income Common Stockholders": "14,084", "Diluted NI Available to Com Stockholders": "14,084", "Basic EPS": "0.25", "Diluted EPS": "0.25", "Basic Average Shares": "56,280", "Diluted Average Shares": "56,280", "Total Operating Income as Reported": "18,327", "Total Expenses": "360,711", "Net Income from Continuing & Discontinued Operation": "14,084", "Normalized Income": "14,084", "Interest Expense": "5,795", "Net Interest Income": "-5,795", "EBIT": "18,940", "EBITDA": "-", "Reconciled Cost of Revenue": "249,587", "Reconciled Depreciation": "3,824", "Net Income from Continuing Operation Net Minority Interest": "14,084", "Total Unusual Items Excluding Goodwill": "0", "Total Unusual Items": "0", "Normalized EBITDA": "22,764", "Tax Rate for Calcs": "0", "Tax Effect of Unusual Items": "0"}, "12/31/2018": {"Duration": "12/31/2018", "Total Revenue": "428,679", "Cost of Revenue": "297,988", "Gross Profit": "130,691", "Operating Expense": "148,038", "Operating Income": "-17,347", "Net Non Operating Interest Income Expense": "-5,310", "Other Income Expense": "-3,616", "Pretax Income": "-26,273", "Tax Provision": "4,239", "Net Income Common Stockholders": "-31,461", "Diluted NI Available to Com Stockholders": "-31,461", "Basic EPS": "-0.57", "Diluted EPS": "-0.57", "Basic Average Shares": "54,769", "Diluted Average Shares": "54,769", "Total Operating Income as Reported": "-20,963", "Total Expenses": "446,026", "Net Income from Continuing & Discontinued Operation": "-31,461", "Normalized Income": "-24,803", "Interest Expense": "5,310", "Net Interest Income": "-5,310", "EBIT": "-20,963", "EBITDA": "-", "Reconciled Cost of Revenue": "297,988", "Reconciled Depreciation": "5,430", "Net Income from Continuing Operation Net Minority Interest": "-30,598", "Total Unusual Items Excluding Goodwill": "-7,938", "Total Unusual Items": "-7,938", "Normalized EBITDA": "-7,595", "Tax Rate for Calcs": "0", "Tax Effect of Unusual Items": "-2,143"}}, "bs": {"12/31/2020": {"Duration": "12/31/2020", "Total Assets": "271,999", "Total Liabilities Net Minority Interest": "162,711", "Total Equity Gross Minority Interest": "109,288", "Total Capitalization": "156,030", "Common Stock Equity": "107,736", "Capital Lease Obligations": "18,237", "Net Tangible Assets": "59,086", "Working Capital": "97,932", "Invested Capital": "157,017", "Tangible Book Value": "59,086", "Total Debt": "67,518", "Net Debt": "15,052", "Share Issued": "62,920", "Ordinary Shares Number": "56,113", "Treasury Shares Number": "6,807"}, "12/31/2019": {"Duration": "12/31/2019", "Total Assets": "269,551", "Total Liabilities Net Minority Interest": "159,323", "Total Equity Gross Minority Interest": "110,228", "Total Capitalization": "150,507", "Common Stock Equity": "109,357", "Capital Lease Obligations": "22,766", "Net Tangible Assets": "61,101", "Working Capital": "79,803", "Invested Capital": "152,299", "Tangible Book Value": "61,101", "Total Debt": "65,708", "Net Debt": "27,027", "Share Issued": "62,708", "Ordinary Shares Number": "56,162", "Treasury Shares Number": "6,546"}, "12/31/2018": {"Duration": "12/31/2018", "Total Assets": "264,769", "Total Liabilities Net Minority Interest": "170,324", "Total Equity Gross Minority Interest": "94,445", "Total Capitalization": "138,427", "Common Stock Equity": "93,840", "Capital Lease Obligations": "-", "Net Tangible Assets": "43,655", "Working Capital": "74,056", "Invested Capital": "141,791", "Tangible Book Value": "43,655", "Total Debt": "47,951", "Net Debt": "29,240", "Share Issued": "62,181", "Ordinary Shares Number": "55,635", "Treasury Shares Number": "6,546"}}, "cf": {"TTM": {"Duration": "TTM", "Operating Cash Flow": "12,278", "Investing Cash Flow": "-2,893", "Financing Cash Flow": "6,515", "End Cash Position": "41,413", "Income Tax Paid Supplemental Data": "3,748", "Interest Paid Supplemental Data": "4,670", "Capital Expenditure": "-2,893", "Issuance of Capital Stock": "-", "Issuance of Debt": "54,940", "Repayment of Debt": "-48,670", "Repurchase of Capital Stock": "-", "Free Cash Flow": "9,385"}, "12/31/2020": {"Duration": "12/31/2020", "Operating Cash Flow": "12,278", "Investing Cash Flow": "-2,893", "Financing Cash Flow": "6,515", "End Cash Position": "41,413", "Income Tax Paid Supplemental Data": "3,748", "Interest Paid Supplemental Data": "4,670", "Capital Expenditure": "-2,893", "Issuance of Capital Stock": "-", "Issuance of Debt": "54,940", "Repayment of Debt": "-48,670", "Repurchase of Capital Stock": "-", "Free Cash Flow": "9,385"}, "12/31/2019": {"Duration": "12/31/2019", "Operating Cash Flow": "9,979", "Investing Cash Flow": "-3,936", "Financing Cash Flow": "-4,931", "End Cash Position": "24,982", "Income Tax Paid Supplemental Data": "-", "Interest Paid Supplemental Data": "-", "Capital Expenditure": "-3,936", "Issuance of Capital Stock": "-", "Issuance of Debt": "37,296", "Repayment of Debt": "-42,421", "Repurchase of Capital Stock": "-", "Free Cash Flow": "6,043"}, "12/31/2018": {"Duration": "12/31/2018", "Operating Cash Flow": "-25,897", "Investing Cash Flow": "-3,072", "Financing Cash Flow": "21,427", "End Cash Position": "23,107", "Income Tax Paid Supplemental Data": "-", "Interest Paid Supplemental Data": "-", "Capital Expenditure": "-2,327", "Issuance of Capital Stock": "88", "Issuance of Debt": "10,609", "Repayment of Debt": "-990", "Repurchase of Capital Stock": "-", "Free Cash Flow": "-28,224"}}}}, {"ICFI": {"quote": {"05/12/2021": {"value": "92.00", "Market Cap": "1.733B", "Beta (5Y Monthly)": "0.60", "PE Ratio (TTM)": "28.04", "EPS (TTM)": "3.28", "Earnings Date": "Aug 02, 2021 - Aug 06, 2021", "Forward Dividend & Yield": "0.56 (0.60%)", "Ex-Dividend Date": "Jun 10, 2021", "1y Target Est": "109.40"}}, "fin": {"TTM": {"Duration": "TTM", "Total Revenue": "1,506,875", "Cost of Revenue": "972,406", "Gross Profit": "534,469", "Operating Expense": "445,360", "Operating Income": "89,109", "Net Non Operating Interest Income Expense": "-13,892", "Other Income Expense": "-544", "Pretax Income": "74,673", "Tax Provision": "19,714", "Net Income Common Stockholders": "54,959", "Diluted NI Available to Com Stockholders": "54,959", "Basic EPS": "-", "Diluted EPS": "-", "Basic Average Shares": "-", "Diluted Average Shares": "-", "Total Operating Income as Reported": "89,109", "Total Expenses": "1,417,766", "Net Income from Continuing & Discontinued Operation": "54,959", "Normalized Income": "54,959", "Interest Expense": "13,892", "Net Interest Income": "-13,892", "EBIT": "88,565", "EBITDA": "122,313", "Reconciled Cost of Revenue": "972,406", "Reconciled Depreciation": "33,748", "Net Income from Continuing Operation Net Minority Interest": "54,959", "Total Unusual Items Excluding Goodwill": "-", "Total Unusual Items": "-", "Normalized EBITDA": "122,313", "Tax Rate for Calcs": "0", "Tax Effect of Unusual Items": "0"}, "12/31/2020": {"Duration": "12/31/2020", "Total Revenue": "1,506,875", "Cost of Revenue": "972,406", "Gross Profit": "534,469", "Operating Expense": "445,360", "Operating Income": "89,109", "Net Non Operating Interest Income Expense": "-13,892", "Other Income Expense": "-544", "Pretax Income": "74,673", "Tax Provision": "19,714", "Net Income Common Stockholders": "54,959", "Diluted NI Available to Com Stockholders": "54,959", "Basic EPS": "-", "Diluted EPS": "-", "Basic Average Shares": "-", "Diluted Average Shares": "-", "Total Operating Income as Reported": "89,109", "Total Expenses": "1,417,766", "Net Income from Continuing & Discontinued Operation": "54,959", "Normalized Income": "54,959", "Interest Expense": "13,892", "Net Interest Income": "-13,892", "EBIT": "88,565", "EBITDA": "-", "Reconciled Cost of Revenue": "972,406", "Reconciled Depreciation": "33,748", "Net Income from Continuing Operation Net Minority Interest": "54,959", "Total Unusual Items Excluding Goodwill": "-", "Total Unusual Items": "-", "Normalized EBITDA": "122,313", "Tax Rate for Calcs": "0", "Tax Effect of Unusual Items": "0"}, "12/31/2019": {"Duration": "12/31/2019", "Total Revenue": "1,478,525", "Cost of Revenue": "953,187", "Gross Profit": "525,338", "Operating Expense": "423,945", "Operating Income": "101,393", "Net Non Operating Interest Income Expense": "-10,719", "Other Income Expense": "-501", "Pretax Income": "90,173", "Tax Provision": "21,235", "Net Income Common Stockholders": "68,938", "Diluted NI Available to Com Stockholders": "68,938", "Basic EPS": "3.66", "Diluted EPS": "3.59", "Basic Average Shares": "18,816", "Diluted Average Shares": "19,224", "Total Operating Income as Reported": "101,393", "Total Expenses": "1,377,132", "Net Income from Continuing & Discontinued Operation": "68,938", "Normalized Income": "68,938", "Interest Expense": "10,719", "Net Interest Income": "-10,719", "EBIT": "100,892", "EBITDA": "-", "Reconciled Cost of Revenue": "953,187", "Reconciled Depreciation": "28,182", "Net Income from Continuing Operation Net Minority Interest": "68,938", "Total Unusual Items Excluding Goodwill": "-", "Total Unusual Items": "-", "Normalized EBITDA": "129,074", "Tax Rate for Calcs": "0", "Tax Effect of Unusual Items": "0"}, "12/31/2018": {"Duration": "12/31/2018", "Total Revenue": "1,337,973", "Cost of Revenue": "857,508", "Gross Profit": "480,465", "Operating Expense": "388,193", "Operating Income": "92,272", "Net Non Operating Interest Income Expense": "-8,710", "Other Income Expense": "-735", "Pretax Income": "82,827", "Tax Provision": "21,427", "Net Income Common Stockholders": "61,400", "Diluted NI Available to Com Stockholders": "61,400", "Basic EPS": "3.27", "Diluted EPS": "3.18", "Basic Average Shares": "18,797", "Diluted Average Shares": "19,335", "Total Operating Income as Reported": "92,272", "Total Expenses": "1,245,701", "Net Income from Continuing & Discontinued Operation": "61,400", "Normalized Income": "61,400", "Interest Expense": "8,710", "Net Interest Income": "-8,710", "EBIT": "91,537", "EBITDA": "-", "Reconciled Cost of Revenue": "857,508", "Reconciled Depreciation": "27,206", "Net Income from Continuing Operation Net Minority Interest": "61,400", "Total Unusual Items Excluding Goodwill": "-", "Total Unusual Items": "-", "Normalized EBITDA": "118,743", "Tax Rate for Calcs": "0", "Tax Effect of Unusual Items": "0"}}, "bs": {"12/31/2020": {"Duration": "12/31/2020", "Total Assets": "1,667,290", "Total Liabilities Net Minority Interest": "920,329", "Total Equity Gross Minority Interest": "746,961", "Total Capitalization": "1,050,175", "Common Stock Equity": "746,961", "Capital Lease Obligations": "138,964", "Net Tangible Assets": "-222,839", "Working Capital": "48,648", "Invested Capital": "1,060,175", "Tangible Book Value": "-222,839", "Total Debt": "452,178", "Net Debt": "299,373", "Share Issued": "23,305", "Ordinary Shares Number": "18,910", "Treasury Shares Number": "4,395"}, "12/31/2019": {"Duration": "12/31/2019", "Total Assets": "1,397,217", "Total Liabilities Net Minority Interest": "682,666", "Total Equity Gross Minority Interest": "714,551", "Total Capitalization": "879,995", "Common Stock Equity": "714,551", "Capital Lease Obligations": "151,750", "Net Tangible Assets": "-31,212", "Working Capital": "96,735", "Invested Capital": "879,995", "Tangible Book Value": "-31,212", "Total Debt": "317,194", "Net Debt": "158,962", "Share Issued": "22,846", "Ordinary Shares Number": "18,868", "Treasury Shares Number": "3,979"}, "12/31/2018": {"Duration": "12/31/2018", "Total Assets": "1,213,862", "Total Liabilities Net Minority Interest": "553,445", "Total Equity Gross Minority Interest": "660,417", "Total Capitalization": "860,841", "Common Stock Equity": "660,417", "Capital Lease Obligations": "-", "Net Tangible Assets": "-90,721", "Working Capital": "114,047", "Invested Capital": "860,841", "Tangible Book Value": "-90,721", "Total Debt": "200,424", "Net Debt": "188,730", "Share Issued": "22,446", "Ordinary Shares Number": "18,817", "Treasury Shares Number": "3,628"}}, "cf": {"TTM": {"Duration": "TTM", "Operating Cash Flow": "173,145", "Investing Cash Flow": "-270,948", "Financing Cash Flow": "169,955", "End Cash Position": "81,987", "Income Tax Paid Supplemental Data": "15,954", "Interest Paid Supplemental Data": "14,337", "Capital Expenditure": "-17,683", "Issuance of Debt": "1,020,451", "Repayment of Debt": "-870,114", "Repurchase of Capital Stock": "-29,726", "Free Cash Flow": "155,462"}, "12/31/2020": {"Duration": "12/31/2020", "Operating Cash Flow": "173,145", "Investing Cash Flow": "-270,948", "Financing Cash Flow": "169,955", "End Cash Position": "81,987", "Income Tax Paid Supplemental Data": "15,954", "Interest Paid Supplemental Data": "14,337", "Capital Expenditure": "-17,683", "Issuance of Debt": "1,020,451", "Repayment of Debt": "-870,114", "Repurchase of Capital Stock": "-29,726", "Free Cash Flow": "155,462"}, "12/31/2019": {"Duration": "12/31/2019", "Operating Cash Flow": "91,440", "Investing Cash Flow": "-30,470", "Financing Cash Flow": "-67,640", "End Cash Position": "6,482", "Income Tax Paid Supplemental Data": "26,595", "Interest Paid Supplemental Data": "10,424", "Capital Expenditure": "-26,901", "Issuance of Debt": "686,830", "Repayment of Debt": "-721,809", "Repurchase of Capital Stock": "-23,414", "Free Cash Flow": "64,539"}, "12/31/2018": {"Duration": "12/31/2018", "Operating Cash Flow": "74,670", "Investing Cash Flow": "-56,387", "Financing Cash Flow": "-28,771", "End Cash Position": "12,986", "Income Tax Paid Supplemental Data": "14,870", "Interest Paid Supplemental Data": "9,893", "Capital Expenditure": "-21,812", "Issuance of Debt": "573,991", "Repayment of Debt": "-579,817", "Repurchase of Capital Stock": "-17,125", "Free Cash Flow": "52,858"}}}}, {"OGSM": {"quote": {"05/12/2021": {"value": "0.0325", "Market Cap": "693,036", "Beta (5Y Monthly)": "-1.91", "PE Ratio (TTM)": "N/A", "EPS (TTM)": "-0.0410", "Earnings Date": "N/A", "Forward Dividend & Yield": "N/A (N/A)", "Ex-Dividend Date": "N/A", "1y Target Est": "N/A"}}, "fin": {}, "bs": {}, "cf": {}}}, {"PBSV": {"quote": {"05/12/2021": {"value": "1.1200", "Market Cap": "25.793M", "Beta (5Y Monthly)": "0.25", "PE Ratio (TTM)": "14.36", "EPS (TTM)": "0.0780", "Earnings Date": "Feb 01, 2021", "Forward Dividend & Yield": "N/A (N/A)", "Ex-Dividend Date": "Jan 22, 2021", "1y Target Est": "N/A"}}, "fin": {"TTM": {"Duration": "TTM", "Total Revenue": "21,440", "Cost of Revenue": "15,044", "Gross Profit": "6,396", "Operating Expense": "4,388", "Operating Income": "2,008", "Other Income Expense": "21.429", "Pretax Income": "2,029", "Tax Provision": "237.284", "Net Income Common Stockholders": "1,792", "Diluted NI Available to Com Stockholders": "1,792", "Basic EPS": "-", "Diluted EPS": "-", "Basic Average Shares": "-", "Diluted Average Shares": "-", "Total Operating Income as Reported": "2,008", "Total Expenses": "19,432", "Net Income from Continuing & Discontinued Operation": "1,792", "Normalized Income": "1,792", "EBIT": "2,008", "EBITDA": "2,095", "Reconciled Cost of Revenue": "15,044", "Reconciled Depreciation": "86.675", "Net Income from Continuing Operation Net Minority Interest": "1,792", "Total Unusual Items Excluding Goodwill": "-", "Total Unusual Items": "-", "Normalized EBITDA": "2,095", "Tax Rate for Calcs": "0", "Tax Effect of Unusual Items": "0"}, "10/31/2020": {"Duration": "10/31/2020", "Total Revenue": "21,564", "Cost of Revenue": "14,898", "Gross Profit": "6,667", "Operating Expense": "4,441", "Operating Income": "2,226", "Other Income Expense": "64.463", "Pretax Income": "2,290", "Tax Provision": "239.088", "Net Income Common Stockholders": "2,051", "Diluted NI Available to Com Stockholders": "2,051", "Basic EPS": "0.09", "Diluted EPS": "0.09", "Basic Average Shares": "23,003", "Diluted Average Shares": "23,040", "Total Operating Income as Reported": "2,226", "Total Expenses": "19,339", "Net Income from Continuing & Discontinued Operation": "2,051", "Normalized Income": "2,051", "EBIT": "2,226", "EBITDA": "-", "Reconciled Cost of Revenue": "14,898", "Reconciled Depreciation": "86.283", "Net Income from Continuing Operation Net Minority Interest": "2,051", "Total Unusual Items Excluding Goodwill": "-", "Total Unusual Items": "-", "Normalized EBITDA": "2,312", "Tax Rate for Calcs": "0", "Tax Effect of Unusual Items": "0"}, "10/31/2019": {"Duration": "10/31/2019", "Total Revenue": "19,507", "Cost of Revenue": "13,330", "Gross Profit": "6,177", "Operating Expense": "4,480", "Operating Income": "1,697", "Other Income Expense": "526.567", "Pretax Income": "2,223", "Tax Provision": "135.994", "Net Income Common Stockholders": "2,087", "Diluted NI Available to Com Stockholders": "2,087", "Basic EPS": "0.09", "Diluted EPS": "0.09", "Basic Average Shares": "23,055", "Diluted Average Shares": "23,114", "Total Operating Income as Reported": "-", "Total Expenses": "17,810", "Net Income from Continuing & Discontinued Operation": "2,087", "Normalized Income": "2,087", "EBIT": "1,697", "EBITDA": "-", "Reconciled Cost of Revenue": "13,330", "Reconciled Depreciation": "99.095", "Net Income from Continuing Operation Net Minority Interest": "2,087", "Total Unusual Items Excluding Goodwill": "-", "Total Unusual Items": "-", "Normalized EBITDA": "1,796", "Tax Rate for Calcs": "0", "Tax Effect of Unusual Items": "0"}, "10/31/2018": {"Duration": "10/31/2018", "Total Revenue": "17,797", "Cost of Revenue": "12,111", "Gross Profit": "5,687", "Operating Expense": "4,599", "Operating Income": "1,088", "Other Income Expense": "435.527", "Pretax Income": "1,524", "Tax Provision": "2,786", "Net Income Common Stockholders": "1,280", "Diluted NI Available to Com Stockholders": "1,280", "Basic EPS": "0.06", "Diluted EPS": "0.06", "Basic Average Shares": "23,081", "Diluted Average Shares": "23,096", "Total Operating Income as Reported": "-", "Total Expenses": "16,709", "Net Income from Continuing & Discontinued Operation": "1,280", "Normalized Income": "-1,262", "EBIT": "1,088", "EBITDA": "-", "Reconciled Cost of Revenue": "12,111", "Reconciled Depreciation": "74.601", "Net Income from Continuing Operation Net Minority Interest": "-1,262", "Total Unusual Items Excluding Goodwill": "-", "Total Unusual Items": "-", "Normalized EBITDA": "1,163", "Tax Rate for Calcs": "0", "Tax Effect of Unusual Items": "0"}}, "bs": {"10/31/2020": {"Duration": "10/31/2020", "Total Assets": "29,919", "Total Liabilities Net Minority Interest": "7,202", "Total Equity Gross Minority Interest": "22,717", "Total Capitalization": "23,361", "Common Stock Equity": "22,717", "Capital Lease Obligations": "859.975", "Net Tangible Assets": "22,717", "Working Capital": "24,791", "Invested Capital": "24,648", "Tangible Book Value": "22,717", "Total Debt": "2,792", "Share Issued": "23,406", "Ordinary Shares Number": "23,002", "Treasury Shares Number": "404.126"}, "10/31/2019": {"Duration": "10/31/2019", "Total Assets": "26,633", "Total Liabilities Net Minority Interest": "6,026", "Total Equity Gross Minority Interest": "20,608", "Total Capitalization": "20,608", "Common Stock Equity": "20,608", "Capital Lease Obligations": "78.109", "Net Tangible Assets": "20,608", "Working Capital": "22,304", "Invested Capital": "20,608", "Tangible Book Value": "20,608", "Total Debt": "78.109", "Share Issued": "23,398", "Ordinary Shares Number": "22,996", "Treasury Shares Number": "401.826"}, "10/31/2018": {"Duration": "10/31/2018", "Total Assets": "25,378", "Total Liabilities Net Minority Interest": "5,115", "Total Equity Gross Minority Interest": "20,264", "Total Capitalization": "20,264", "Common Stock Equity": "20,264", "Capital Lease Obligations": "59.795", "Net Tangible Assets": "20,264", "Working Capital": "20,846", "Invested Capital": "20,264", "Tangible Book Value": "20,264", "Total Debt": "59.795", "Share Issued": "23,374", "Ordinary Shares Number": "23,058", "Treasury Shares Number": "315.404"}}, "cf": {"TTM": {"Duration": "TTM", "Operating Cash Flow": "598.609", "Investing Cash Flow": "1,230", "Financing Cash Flow": "1,921", "Cash Flow from Discontinued Operation": "-", "End Cash Position": "19,004", "Income Tax Paid Supplemental Data": "212.463", "Interest Paid Supplemental Data": "3.705", "Capital Expenditure": "-46.899", "Issuance of Debt": "-", "Repayment of Debt": "-11.179", "Repurchase of Capital Stock": "0", "Free Cash Flow": "551.71"}, "10/31/2020": {"Duration": "10/31/2020", "Operating Cash Flow": "1,525", "Investing Cash Flow": "-28.957", "Financing Cash Flow": "193.676", "Cash Flow from Discontinued Operation": "-", "End Cash Position": "17,138", "Income Tax Paid Supplemental Data": "212.463", "Interest Paid Supplemental Data": "3.869", "Capital Expenditure": "-55.657", "Issuance of Debt": "1,932", "Repayment of Debt": "-11.03", "Repurchase of Capital Stock": "-1.699", "Free Cash Flow": "1,470"}, "10/31/2019": {"Duration": "10/31/2019", "Operating Cash Flow": "-2,208", "Investing Cash Flow": "1,836", "Financing Cash Flow": "-155.577", "Cash Flow from Discontinued Operation": "0", "End Cash Position": "15,490", "Income Tax Paid Supplemental Data": "326.898", "Interest Paid Supplemental Data": "4.062", "Capital Expenditure": "-57.379", "Issuance of Debt": "-", "Repayment of Debt": "-67.686", "Repurchase of Capital Stock": "-87.891", "Free Cash Flow": "-2,265"}, "10/31/2018": {"Duration": "10/31/2018", "Operating Cash Flow": "3,719", "Investing Cash Flow": "-116.009", "Financing Cash Flow": "-1,799", "Cash Flow from Discontinued Operation": "2,729", "End Cash Position": "16,030", "Income Tax Paid Supplemental Data": "0", "Interest Paid Supplemental Data": "1.498", "Capital Expenditure": "-122.009", "Issuance of Debt": "-", "Repayment of Debt": "-13.949", "Repurchase of Capital Stock": "-56.525", "Free Cash Flow": "3,597"}}}}, {"TAYO": {"quote": {"05/12/2021": {"value": "0.5400", "Market Cap": "93,555", "Beta (5Y Monthly)": "-2.45", "PE Ratio (TTM)": "N/A", "EPS (TTM)": "-0.1240", "Earnings Date": "N/A", "Forward Dividend & Yield": "N/A (N/A)", "Ex-Dividend Date": "N/A", "1y Target Est": "N/A"}}, "fin": {}, "bs": {}, "cf": {}}}, {"WHLM": {"quote": {"05/12/2021": {"value": "5.14", "Market Cap": "26.509M", "Beta (5Y Monthly)": "0.51", "PE Ratio (TTM)": "N/A", "EPS (TTM)": "-0.96", "Earnings Date": "Mar 16, 2021", "Forward Dividend & Yield": "N/A (N/A)", "Ex-Dividend Date": "Aug 14, 2006", "1y Target Est": "0.22"}}, "fin": {"TTM": {"Duration": "TTM", "Total Revenue": "41,603", "Cost of Revenue": "29,885", "Gross Profit": "11,718", "Operating Expense": "14,887", "Operating Income": "-3,169", "Net Non Operating Interest Income Expense": "-86", "Other Income Expense": "-784", "Pretax Income": "-4,039", "Tax Provision": "902", "Net Income Common Stockholders": "-4,941", "Diluted NI Available to Com Stockholders": "-4,941", "Basic EPS": "-", "Diluted EPS": "-", "Basic Average Shares": "-", "Diluted Average Shares": "-", "Total Operating Income as Reported": "-3,969", "Total Expenses": "44,772", "Net Income from Continuing & Discontinued Operation": "-4,941", "Normalized Income": "-4,369", "Interest Expense": "86", "Net Interest Income": "-86", "EBIT": "-3,953", "EBITDA": "-2,704", "Reconciled Cost of Revenue": "29,885", "Reconciled Depreciation": "1,249", "Net Income from Continuing Operation Net Minority Interest": "-4,941", "Total Unusual Items Excluding Goodwill": "-784", "Total Unusual Items": "-784", "Normalized EBITDA": "-1,920", "Tax Rate for Calcs": "0", "Tax Effect of Unusual Items": "-211.68"}, "12/31/2020": {"Duration": "12/31/2020", "Total Revenue": "41,603", "Cost of Revenue": "29,885", "Gross Profit": "11,718", "Operating Expense": "14,887", "Operating Income": "-3,169", "Net Non Operating Interest Income Expense": "-86", "Other Income Expense": "-784", "Pretax Income": "-4,039", "Tax Provision": "902", "Net Income Common Stockholders": "-4,941", "Diluted NI Available to Com Stockholders": "-4,941", "Basic EPS": "-", "Diluted EPS": "-", "Basic Average Shares": "-", "Diluted Average Shares": "-", "Total Operating Income as Reported": "-3,969", "Total Expenses": "44,772", "Net Income from Continuing & Discontinued Operation": "-4,941", "Normalized Income": "-4,369", "Interest Expense": "86", "Net Interest Income": "-86", "EBIT": "-3,953", "EBITDA": "-", "Reconciled Cost of Revenue": "29,885", "Reconciled Depreciation": "1,249", "Net Income from Continuing Operation Net Minority Interest": "-4,941", "Total Unusual Items Excluding Goodwill": "-784", "Total Unusual Items": "-784", "Normalized EBITDA": "-1,920", "Tax Rate for Calcs": "0", "Tax Effect of Unusual Items": "-211.68"}, "12/31/2019": {"Duration": "12/31/2019", "Total Revenue": "75,504", "Cost of Revenue": "54,249", "Gross Profit": "21,255", "Operating Expense": "20,582", "Operating Income": "673", "Net Non Operating Interest Income Expense": "-117", "Other Income Expense": "-4,942", "Pretax Income": "-4,386", "Tax Provision": "400", "Net Income Common Stockholders": "-4,786", "Diluted NI Available to Com Stockholders": "-4,786", "Basic EPS": "-0.92", "Diluted EPS": "-0.92", "Basic Average Shares": "5,184", "Diluted Average Shares": "5,184", "Total Operating Income as Reported": "-4,172", "Total Expenses": "74,831", "Net Income from Continuing & Discontinued Operation": "-4,786", "Normalized Income": "-1,178", "Interest Expense": "117", "Net Interest Income": "-117", "EBIT": "-4,269", "EBITDA": "-", "Reconciled Cost of Revenue": "54,249", "Reconciled Depreciation": "1,192", "Net Income from Continuing Operation Net Minority Interest": "-4,786", "Total Unusual Items Excluding Goodwill": "-4,942", "Total Unusual Items": "-4,942", "Normalized EBITDA": "1,865", "Tax Rate for Calcs": "0", "Tax Effect of Unusual Items": "-1,334"}, "12/31/2018": {"Duration": "12/31/2018", "Total Revenue": "77,851", "Cost of Revenue": "55,600", "Gross Profit": "22,251", "Operating Expense": "20,878", "Operating Income": "1,373", "Net Non Operating Interest Income Expense": "-101", "Other Income Expense": "-83", "Pretax Income": "1,189", "Tax Provision": "333", "Net Income Common Stockholders": "856", "Diluted NI Available to Com Stockholders": "856", "Basic EPS": "0.16", "Diluted EPS": "0.16", "Basic Average Shares": "5,328", "Diluted Average Shares": "5,328", "Total Operating Income as Reported": "1,373", "Total Expenses": "76,478", "Net Income from Continuing & Discontinued Operation": "856", "Normalized Income": "915.7544", "Interest Expense": "101", "Net Interest Income": "-101", "EBIT": "1,290", "EBITDA": "-", "Reconciled Cost of Revenue": "55,600", "Reconciled Depreciation": "990", "Net Income from Continuing Operation Net Minority Interest": "856", "Total Unusual Items Excluding Goodwill": "-83", "Total Unusual Items": "-83", "Normalized EBITDA": "2,363", "Tax Rate for Calcs": "0", "Tax Effect of Unusual Items": "-23.2456"}}, "bs": {"12/31/2020": {"Duration": "12/31/2020", "Total Assets": "30,645", "Total Liabilities Net Minority Interest": "14,139", "Total Equity Gross Minority Interest": "16,506", "Total Capitalization": "18,809", "Common Stock Equity": "16,506", "Capital Lease Obligations": "841", "Net Tangible Assets": "492", "Working Capital": "2,749", "Invested Capital": "19,223", "Tangible Book Value": "492", "Total Debt": "3,558", "Share Issued": "6,472", "Ordinary Shares Number": "5,157", "Treasury Shares Number": "1,315"}, "12/31/2019": {"Duration": "12/31/2019", "Total Assets": "37,108", "Total Liabilities Net Minority Interest": "15,737", "Total Equity Gross Minority Interest": "21,371", "Total Capitalization": "22,114", "Common Stock Equity": "21,371", "Capital Lease Obligations": "1,702", "Net Tangible Assets": "4,557", "Working Capital": "2,961", "Invested Capital": "23,371", "Tangible Book Value": "4,557", "Total Debt": "3,702", "Share Issued": "6,472", "Ordinary Shares Number": "5,162", "Treasury Shares Number": "1,310"}, "12/31/2018": {"Duration": "12/31/2018", "Total Assets": "43,239", "Total Liabilities Net Minority Interest": "17,134", "Total Equity Gross Minority Interest": "26,105", "Total Capitalization": "28,105", "Common Stock Equity": "26,105", "Capital Lease Obligations": "-", "Net Tangible Assets": "4,393", "Working Capital": "4,343", "Invested Capital": "28,728", "Tangible Book Value": "4,393", "Total Debt": "2,623", "Share Issued": "6,472", "Ordinary Shares Number": "5,208", "Treasury Shares Number": "1,264"}}, "cf": {"TTM": {"Duration": "TTM", "Operating Cash Flow": "-1,967", "Investing Cash Flow": "-154", "Financing Cash Flow": "605", "End Cash Position": "5,556", "Income Tax Paid Supplemental Data": "233", "Interest Paid Supplemental Data": "77", "Capital Expenditure": "-154", "Issuance of Debt": "1,975", "Repayment of Debt": "-1,351", "Repurchase of Capital Stock": "-19", "Free Cash Flow": "-2,121"}, "12/31/2020": {"Duration": "12/31/2020", "Operating Cash Flow": "-1,967", "Investing Cash Flow": "-154", "Financing Cash Flow": "605", "End Cash Position": "5,556", "Income Tax Paid Supplemental Data": "233", "Interest Paid Supplemental Data": "77", "Capital Expenditure": "-154", "Issuance of Debt": "1,975", "Repayment of Debt": "-1,351", "Repurchase of Capital Stock": "-19", "Free Cash Flow": "-2,121"}, "12/31/2019": {"Duration": "12/31/2019", "Operating Cash Flow": "1,537", "Investing Cash Flow": "-394", "Financing Cash Flow": "-993", "End Cash Position": "6,993", "Income Tax Paid Supplemental Data": "5", "Interest Paid Supplemental Data": "114", "Capital Expenditure": "-394", "Issuance of Debt": "0", "Repayment of Debt": "-734", "Repurchase of Capital Stock": "-259", "Free Cash Flow": "1,143"}, "12/31/2018": {"Duration": "12/31/2018", "Operating Cash Flow": "3,756", "Investing Cash Flow": "-443", "Financing Cash Flow": "-724", "End Cash Position": "6,748", "Income Tax Paid Supplemental Data": "-", "Interest Paid Supplemental Data": "99", "Capital Expenditure": "-443", "Issuance of Debt": "1,000", "Repayment of Debt": "-524", "Repurchase of Capital Stock": "-1,200", "Free Cash Flow": "3,313"}}}}, {"LUVU": {"quote": {"05/12/2021": {"value": "0.1498", "Market Cap": "10.88M", "Beta (5Y Monthly)": "2.05", "PE Ratio (TTM)": "5.55", "EPS (TTM)": "0.0270", "Earnings Date": "Oct 01, 2020", "Forward Dividend & Yield": "N/A (N/A)", "Ex-Dividend Date": "N/A", "1y Target Est": "N/A"}}, "fin": {"TTM": {"Duration": "TTM", "Total Revenue": "20,584", "Cost of Revenue": "14,660", "Gross Profit": "5,923", "Operating Expense": "4,107", "Operating Income": "1,816", "Net Non Operating Interest Income Expense": "-469", "Other Income Expense": "-", "Pretax Income": "2,442", "Tax Provision": "0", "Net Income Common Stockholders": "2,442", "Diluted NI Available to Com Stockholders": "2,442", "Basic EPS": "-", "Diluted EPS": "-", "Basic Average Shares": "-", "Diluted Average Shares": "-", "Total Operating Income as Reported": "1,816", "Total Expenses": "18,767", "Net Income from Continuing & Discontinued Operation": "2,442", "Normalized Income": "1,347", "Interest Expense": "469", "Net Interest Income": "-469", "EBIT": "2,911", "EBITDA": "3,112", "Reconciled Cost of Revenue": "14,634", "Reconciled Depreciation": "201", "Net Income from Continuing Operation Net Minority Interest": "2,442", "Total Unusual Items Excluding Goodwill": "1,095", "Total Unusual Items": "1,095", "Normalized EBITDA": "2,017", "Tax Rate for Calcs": "0", "Tax Effect of Unusual Items": "0"}, "6/30/2020": {"Duration": "6/30/2020", "Total Revenue": "18,376", "Cost of Revenue": "12,850", "Gross Profit": "5,526", "Operating Expense": "4,075", "Operating Income": "1,451", "Net Non Operating Interest Income Expense": "-590", "Other Income Expense": "-1", "Pretax Income": "860", "Tax Provision": "0", "Net Income Common Stockholders": "860", "Diluted NI Available to Com Stockholders": "860", "Basic EPS": "0.01", "Diluted EPS": "0.01", "Basic Average Shares": "73,453", "Diluted Average Shares": "75,257", "Total Operating Income as Reported": "1,451", "Total Expenses": "16,925", "Net Income from Continuing & Discontinued Operation": "860", "Normalized Income": "861", "Interest Expense": "590", "Net Interest Income": "-590", "EBIT": "1,450", "EBITDA": "-", "Reconciled Cost of Revenue": "12,850", "Reconciled Depreciation": "151", "Net Income from Continuing Operation Net Minority Interest": "860", "Total Unusual Items Excluding Goodwill": "-1", "Total Unusual Items": "-1", "Normalized EBITDA": "1,602", "Tax Rate for Calcs": "0", "Tax Effect of Unusual Items": "0"}, "6/30/2019": {"Duration": "6/30/2019", "Total Revenue": "17,003", "Cost of Revenue": "12,579", "Gross Profit": "4,424", "Operating Expense": "4,014", "Operating Income": "410", "Net Non Operating Interest Income Expense": "-567", "Other Income Expense": "-", "Pretax Income": "-157", "Tax Provision": "0", "Net Income Common Stockholders": "-157", "Diluted NI Available to Com Stockholders": "-157", "Basic EPS": "-0.00", "Diluted EPS": "-0.00", "Basic Average Shares": "73,453", "Diluted Average Shares": "73,453", "Total Operating Income as Reported": "410", "Total Expenses": "16,593", "Net Income from Continuing & Discontinued Operation": "-157", "Normalized Income": "-157", "Interest Expense": "567", "Net Interest Income": "-567", "EBIT": "410", "EBITDA": "-", "Reconciled Cost of Revenue": "12,579", "Reconciled Depreciation": "165", "Net Income from Continuing Operation Net Minority Interest": "-157", "Total Unusual Items Excluding Goodwill": "-", "Total Unusual Items": "-", "Normalized EBITDA": "575", "Tax Rate for Calcs": "0", "Tax Effect of Unusual Items": "0"}, "6/30/2018": {"Duration": "6/30/2018", "Total Revenue": "16,426", "Cost of Revenue": "11,631", "Gross Profit": "4,795", "Operating Expense": "4,119", "Operating Income": "676", "Net Non Operating Interest Income Expense": "-529", "Other Income Expense": "-", "Pretax Income": "147", "Tax Provision": "0", "Net Income Common Stockholders": "147", "Diluted NI Available to Com Stockholders": "147", "Basic EPS": "0.00", "Diluted EPS": "0.00", "Basic Average Shares": "73,453", "Diluted Average Shares": "74,479", "Total Operating Income as Reported": "676", "Total Expenses": "15,750", "Net Income from Continuing & Discontinued Operation": "147", "Normalized Income": "147", "Interest Expense": "529", "Net Interest Income": "-529", "EBIT": "676", "EBITDA": "-", "Reconciled Cost of Revenue": "11,631", "Reconciled Depreciation": "193", "Net Income from Continuing Operation Net Minority Interest": "147", "Total Unusual Items Excluding Goodwill": "0", "Total Unusual Items": "0", "Normalized EBITDA": "869", "Tax Rate for Calcs": "0", "Tax Effect of Unusual Items": "0"}}, "bs": {"6/30/2020": {"Duration": "6/30/2020", "Total Assets": "5,447", "Total Liabilities Net Minority Interest": "6,721", "Total Equity Gross Minority Interest": "-1,274", "Total Capitalization": "-299", "Common Stock Equity": "-1,274", "Capital Lease Obligations": "199", "Net Tangible Assets": "-1,274", "Working Capital": "-1,419", "Invested Capital": "2,190", "Tangible Book Value": "-1,274", "Total Debt": "3,663", "Net Debt": "2,312", "Share Issued": "73,453", "Ordinary Shares Number": "73,453", "Preferred Shares Number": "4,300"}, "6/30/2019": {"Duration": "6/30/2019", "Total Assets": "4,087", "Total Liabilities Net Minority Interest": "6,242", "Total Equity Gross Minority Interest": "-2,155", "Total Capitalization": "-1,499", "Common Stock Equity": "-2,155", "Capital Lease Obligations": "8", "Net Tangible Assets": "-2,155", "Working Capital": "-2,270", "Invested Capital": "866", "Tangible Book Value": "-2,155", "Total Debt": "3,029", "Net Debt": "2,372", "Share Issued": "73,453", "Ordinary Shares Number": "73,453", "Preferred Shares Number": "4,300"}, "6/30/2018": {"Duration": "6/30/2018", "Total Assets": "3,713", "Total Liabilities Net Minority Interest": "5,734", "Total Equity Gross Minority Interest": "-2,021", "Total Capitalization": "-1,589", "Common Stock Equity": "-2,021", "Capital Lease Obligations": "35", "Net Tangible Assets": "-2,021", "Working Capital": "-2,282", "Invested Capital": "743", "Tangible Book Value": "-2,021", "Total Debt": "2,799", "Net Debt": "2,333", "Share Issued": "73,453", "Ordinary Shares Number": "73,453", "Preferred Shares Number": "4,300"}}, "cf": {"TTM": {"Duration": "TTM", "Operating Cash Flow": "880", "Investing Cash Flow": "-296", "Financing Cash Flow": "-183", "End Cash Position": "1,015", "Income Tax Paid Supplemental Data": "0", "Interest Paid Supplemental Data": "464", "Capital Expenditure": "-296", "Issuance of Capital Stock": "-", "Issuance of Debt": "1,374", "Repayment of Debt": "-1,566", "Free Cash Flow": "584"}, "6/30/2020": {"Duration": "6/30/2020", "Operating Cash Flow": "367", "Investing Cash Flow": "-227", "Financing Cash Flow": "363", "End Cash Position": "1,152", "Income Tax Paid Supplemental Data": "0", "Interest Paid Supplemental Data": "584", "Capital Expenditure": "-227", "Issuance of Capital Stock": "-", "Issuance of Debt": "2,453", "Repayment of Debt": "-2,090", "Free Cash Flow": "140"}, "6/30/2019": {"Duration": "6/30/2019", "Operating Cash Flow": "158", "Investing Cash Flow": "-13", "Financing Cash Flow": "73", "End Cash Position": "649", "Income Tax Paid Supplemental Data": "0", "Interest Paid Supplemental Data": "564", "Capital Expenditure": "-13", "Issuance of Capital Stock": "0", "Issuance of Debt": "2,510", "Repayment of Debt": "-2,437", "Free Cash Flow": "145"}, "6/30/2018": {"Duration": "6/30/2018", "Operating Cash Flow": "210", "Investing Cash Flow": "-40", "Financing Cash Flow": "-481", "End Cash Position": "431", "Income Tax Paid Supplemental Data": "0", "Interest Paid Supplemental Data": "525", "Capital Expenditure": "-40", "Issuance of Capital Stock": "0", "Issuance of Debt": "1,406", "Repayment of Debt": "-1,887", "Free Cash Flow": "170"}}}}, {"CRTN": {"quote": {"05/12/2021": {"value": "", "Net Assets": "N/A", "Beta (5Y Monthly)": "N/A", "Yield": "N/A", "5y Average Return": "N/A", "Holdings Turnover": "N/A", "Last Dividend": "N/A", "Average for Category": "N/A", "Inception Date": "N/A"}}, "fin": {}, "bs": {}, "cf": {}}}, {"GHST": {"quote": {"05/12/2021": {"value": "0.0044", "Market Cap": "1.108M", "Beta (5Y Monthly)": "3.16", "PE Ratio (TTM)": "N/A", "EPS (TTM)": "-0.0000", "Earnings Date": "N/A", "Forward Dividend & Yield": "N/A (N/A)", "Ex-Dividend Date": "N/A", "1y Target Est": "N/A"}}, "fin": {}, "bs": {}, "cf": {}}}, {"NCI": {"fin": {}, "bs": {}, "cf": {}}}, {"MSGO": {"fin": {}, "bs": {}, "cf": {}}}, {"WAGE": {"fin": {}, "bs": {}, "cf": {}}}]