[{"ATI": {"quote": {"05/12/2021": {"value": "23.74", "Market Cap": "3.02B", "Beta (5Y Monthly)": "1.92", "PE Ratio (TTM)": "N/A", "EPS (TTM)": "-12.66", "Earnings Date": "Aug 02, 2021 - Aug 06, 2021", "Forward Dividend & Yield": "N/A (N/A)", "Ex-Dividend Date": "Aug 16, 2016", "1y Target Est": "21.88"}}, "fin": {"TTM": {"Duration": "TTM", "Total Revenue": "2,982,100", "Cost of Revenue": "2,689,300", "Gross Profit": "292,800", "Operating Expense": "196,700", "Operating Income": "96,100", "Net Non Operating Interest Income Expense": "-94,400", "Other Income Expense": "-1,483,600", "Pretax Income": "-1,481,900", "Tax Provision": "77,700", "Net Income Common Stockholders": "-1,572,600", "Average Dilution Earnings": "0", "Diluted NI Available to Com Stockholders": "-1,572,600", "Basic EPS": "-", "Diluted EPS": "-", "Basic Average Shares": "-", "Diluted Average Shares": "-", "Total Operating Income as Reported": "-1,302,700", "Total Expenses": "2,886,000", "Interest Income": "1,700", "Interest Expense": "96,100", "Net Interest Income": "-94,400", "Net Income from Continuing & Discontinued Operation": "-1,572,600", "Normalized Income": "-539,285", "EBIT": "-1,385,800", "EBITDA": "-1,242,500", "Reconciled Cost of Revenue": "2,689,300", "Reconciled Depreciation": "143,300", "Net Income from Continuing Operation Net Minority Interest": "-1,572,600", "Total Unusual Items Excluding Goodwill": "-1,415,500", "Total Unusual Items": "-1,415,500", "Normalized EBITDA": "173,000", "Tax Rate for Calcs": "0", "Tax Effect of Unusual Items": "-382,185"}, "12/31/2020": {"Duration": "12/31/2020", "Total Revenue": "2,982,100", "Cost of Revenue": "2,689,300", "Gross Profit": "292,800", "Operating Expense": "196,700", "Operating Income": "96,100", "Net Non Operating Interest Income Expense": "-94,400", "Other Income Expense": "-1,483,600", "Pretax Income": "-1,481,900", "Tax Provision": "77,700", "Net Income Common Stockholders": "-1,572,600", "Average Dilution Earnings": "0", "Diluted NI Available to Com Stockholders": "-1,572,600", "Basic EPS": "-", "Diluted EPS": "-", "Basic Average Shares": "-", "Diluted Average Shares": "-", "Total Operating Income as Reported": "-1,302,700", "Total Expenses": "2,886,000", "Interest Income": "1,700", "Interest Expense": "96,100", "Net Interest Income": "-94,400", "Net Income from Continuing & Discontinued Operation": "-1,572,600", "Normalized Income": "-539,285", "EBIT": "-1,385,800", "EBITDA": "-", "Reconciled Cost of Revenue": "2,689,300", "Reconciled Depreciation": "143,300", "Net Income from Continuing Operation Net Minority Interest": "-1,572,600", "Total Unusual Items Excluding Goodwill": "-1,415,500", "Total Unusual Items": "-1,415,500", "Normalized EBITDA": "173,000", "Tax Rate for Calcs": "0", "Tax Effect of Unusual Items": "-382,185"}, "12/31/2019": {"Duration": "12/31/2019", "Total Revenue": "4,122,500", "Cost of Revenue": "3,484,700", "Gross Profit": "637,800", "Operating Expense": "267,200", "Operating Income": "370,600", "Net Non Operating Interest Income Expense": "-99,000", "Other Income Expense": "-30,000", "Pretax Income": "241,600", "Tax Provision": "-28,500", "Net Income Common Stockholders": "257,600", "Average Dilution Earnings": "12,800", "Diluted NI Available to Com Stockholders": "270,400", "Basic EPS": "2.05", "Diluted EPS": "1.85", "Basic Average Shares": "125,800", "Diluted Average Shares": "146,500", "Total Operating Income as Reported": "366,100", "Total Expenses": "3,751,900", "Interest Income": "-", "Interest Expense": "99,000", "Net Interest Income": "-99,000", "Net Income from Continuing & Discontinued Operation": "257,600", "Normalized Income": "209,122", "EBIT": "340,600", "EBITDA": "-", "Reconciled Cost of Revenue": "3,484,700", "Reconciled Depreciation": "151,100", "Net Income from Continuing Operation Net Minority Interest": "257,600", "Total Unusual Items Excluding Goodwill": "51,300", "Total Unusual Items": "51,300", "Normalized EBITDA": "440,400", "Tax Rate for Calcs": "0", "Tax Effect of Unusual Items": "2,822"}, "12/31/2018": {"Duration": "12/31/2018", "Total Revenue": "4,046,600", "Cost of Revenue": "3,416,300", "Gross Profit": "630,300", "Operating Expense": "268,200", "Operating Income": "362,100", "Net Non Operating Interest Income Expense": "-101,000", "Other Income Expense": "-13,400", "Pretax Income": "247,700", "Tax Provision": "11,000", "Net Income Common Stockholders": "222,400", "Average Dilution Earnings": "12,900", "Diluted NI Available to Com Stockholders": "235,300", "Basic EPS": "1.78", "Diluted EPS": "1.61", "Basic Average Shares": "125,200", "Diluted Average Shares": "145,900", "Total Operating Income as Reported": "362,100", "Total Expenses": "3,684,500", "Interest Income": "-", "Interest Expense": "101,000", "Net Interest Income": "-101,000", "Net Income from Continuing & Discontinued Operation": "222,400", "Normalized Income": "205,957", "EBIT": "348,700", "EBITDA": "-", "Reconciled Cost of Revenue": "3,416,300", "Reconciled Depreciation": "156,400", "Net Income from Continuing Operation Net Minority Interest": "222,400", "Total Unusual Items Excluding Goodwill": "17,200", "Total Unusual Items": "17,200", "Normalized EBITDA": "487,900", "Tax Rate for Calcs": "0", "Tax Effect of Unusual Items": "756.8"}}, "bs": {"12/31/2020": {"Duration": "12/31/2020", "Total Assets": "4,034,900", "Total Liabilities Net Minority Interest": "3,393,500", "Total Equity Gross Minority Interest": "641,400", "Total Capitalization": "2,071,100", "Common Stock Equity": "521,100", "Net Tangible Assets": "280,400", "Working Capital": "1,412,700", "Invested Capital": "2,088,900", "Tangible Book Value": "280,400", "Total Debt": "1,567,800", "Net Debt": "921,900", "Share Issued": "126,820", "Ordinary Shares Number": "126,818", "Treasury Shares Number": "2.672"}, "12/31/2019": {"Duration": "12/31/2019", "Total Assets": "5,634,600", "Total Liabilities Net Minority Interest": "3,441,400", "Total Equity Gross Minority Interest": "2,193,200", "Total Capitalization": "3,477,500", "Common Stock Equity": "2,090,100", "Net Tangible Assets": "1,564,300", "Working Capital": "1,453,800", "Invested Capital": "3,489,000", "Tangible Book Value": "1,564,300", "Total Debt": "1,398,900", "Net Debt": "908,100", "Share Issued": "126,695", "Ordinary Shares Number": "126,085", "Treasury Shares Number": "609.823"}, "12/31/2018": {"Duration": "12/31/2018", "Total Assets": "5,501,800", "Total Liabilities Net Minority Interest": "3,510,200", "Total Equity Gross Minority Interest": "1,991,600", "Total Capitalization": "3,421,200", "Common Stock Equity": "1,885,700", "Net Tangible Assets": "1,351,000", "Working Capital": "1,409,800", "Invested Capital": "3,427,800", "Tangible Book Value": "1,351,000", "Total Debt": "1,542,100", "Net Debt": "1,160,100", "Share Issued": "126,695", "Ordinary Shares Number": "125,684", "Treasury Shares Number": "1,011"}}, "cf": {"TTM": {"Duration": "TTM", "Operating Cash Flow": "166,900", "Investing Cash Flow": "-128,700", "Financing Cash Flow": "116,900", "End Cash Position": "645,900", "Capital Expenditure": "-136,500", "Issuance of Capital Stock": "-", "Issuance of Debt": "391,600", "Repayment of Debt": "-212,100", "Repurchase of Capital Stock": "-7,800", "Free Cash Flow": "30,400"}, "12/31/2020": {"Duration": "12/31/2020", "Operating Cash Flow": "166,900", "Investing Cash Flow": "-128,700", "Financing Cash Flow": "116,900", "End Cash Position": "645,900", "Capital Expenditure": "-136,500", "Issuance of Capital Stock": "-", "Issuance of Debt": "391,600", "Repayment of Debt": "-212,100", "Repurchase of Capital Stock": "-7,800", "Free Cash Flow": "30,400"}, "12/31/2019": {"Duration": "12/31/2019", "Operating Cash Flow": "230,100", "Investing Cash Flow": "81,700", "Financing Cash Flow": "-203,000", "End Cash Position": "490,800", "Capital Expenditure": "-168,200", "Issuance of Capital Stock": "0", "Issuance of Debt": "354,900", "Repayment of Debt": "-507,600", "Repurchase of Capital Stock": "-9,900", "Free Cash Flow": "61,900"}, "12/31/2018": {"Duration": "12/31/2018", "Operating Cash Flow": "392,800", "Investing Cash Flow": "-145,100", "Financing Cash Flow": "-7,300", "End Cash Position": "382,000", "Capital Expenditure": "-139,200", "Issuance of Capital Stock": "0", "Issuance of Debt": "1,200", "Repayment of Debt": "-6,400", "Repurchase of Capital Stock": "-6,500", "Free Cash Flow": "253,600"}}}}, {"ARCW": {"quote": {"05/12/2021": {"value": "0.9800", "Market Cap": "23.077M", "Beta (5Y Monthly)": "1.04", "PE Ratio (TTM)": "N/A", "EPS (TTM)": "-0.2250", "Earnings Date": "May 17, 2019", "Forward Dividend & Yield": "N/A (N/A)", "Ex-Dividend Date": "N/A", "1y Target Est": "N/A"}}, "fin": {"TTM": {"Duration": "TTM", "Total Revenue": "48,526", "Cost of Revenue": "41,724", "Gross Profit": "6,802", "Operating Expense": "8,436", "Operating Income": "-1,634", "Net Non Operating Interest Income Expense": "-3,556", "Other Income Expense": "-38", "Pretax Income": "-5,228", "Tax Provision": "-138", "Net Income Common Stockholders": "-5,287", "Diluted NI Available to Com Stockholders": "-5,287", "Basic EPS": "-", "Diluted EPS": "-", "Basic Average Shares": "-", "Diluted Average Shares": "-", "Total Operating Income as Reported": "-1,634", "Total Expenses": "50,160", "Net Income from Continuing & Discontinued Operation": "-5,287", "Normalized Income": "-5,090", "Interest Expense": "3,556", "Net Interest Income": "-3,556", "EBIT": "-1,672", "EBITDA": "4,442", "Reconciled Cost of Revenue": "41,724", "Reconciled Depreciation": "6,114", "Net Income from Continuing Operation Net Minority Interest": "-5,090", "Total Unusual Items Excluding Goodwill": "-", "Total Unusual Items": "-", "Normalized EBITDA": "4,442", "Tax Rate for Calcs": "0", "Tax Effect of Unusual Items": "0"}, "6/30/2020": {"Duration": "6/30/2020", "Total Revenue": "48,526", "Cost of Revenue": "41,724", "Gross Profit": "6,802", "Operating Expense": "8,436", "Operating Income": "-1,634", "Net Non Operating Interest Income Expense": "-3,556", "Other Income Expense": "-38", "Pretax Income": "-5,228", "Tax Provision": "-138", "Net Income Common Stockholders": "-5,287", "Diluted NI Available to Com Stockholders": "-5,287", "Basic EPS": "-", "Diluted EPS": "-", "Basic Average Shares": "-", "Diluted Average Shares": "-", "Total Operating Income as Reported": "-1,634", "Total Expenses": "50,160", "Net Income from Continuing & Discontinued Operation": "-5,287", "Normalized Income": "-5,090", "Interest Expense": "3,556", "Net Interest Income": "-3,556", "EBIT": "-1,672", "EBITDA": "-", "Reconciled Cost of Revenue": "41,724", "Reconciled Depreciation": "6,114", "Net Income from Continuing Operation Net Minority Interest": "-5,090", "Total Unusual Items Excluding Goodwill": "-", "Total Unusual Items": "-", "Normalized EBITDA": "4,442", "Tax Rate for Calcs": "0", "Tax Effect of Unusual Items": "0"}, "6/30/2019": {"Duration": "6/30/2019", "Total Revenue": "79,832", "Cost of Revenue": "77,865", "Gross Profit": "1,967", "Operating Expense": "12,830", "Operating Income": "-10,863", "Net Non Operating Interest Income Expense": "-3,723", "Other Income Expense": "-5,548", "Pretax Income": "-20,134", "Tax Provision": "-681", "Net Income Common Stockholders": "-23,943", "Diluted NI Available to Com Stockholders": "-23,943", "Basic EPS": "-1.03", "Diluted EPS": "-1.03", "Basic Average Shares": "23,357", "Diluted Average Shares": "23,357", "Total Operating Income as Reported": "-16,286", "Total Expenses": "90,695", "Net Income from Continuing & Discontinued Operation": "-23,943", "Normalized Income": "-14,214", "Interest Expense": "3,723", "Net Interest Income": "-3,723", "EBIT": "-16,411", "EBITDA": "-", "Reconciled Cost of Revenue": "77,865", "Reconciled Depreciation": "10,146", "Net Income from Continuing Operation Net Minority Interest": "-19,453", "Total Unusual Items Excluding Goodwill": "-5,423", "Total Unusual Items": "-5,423", "Normalized EBITDA": "-842", "Tax Rate for Calcs": "0", "Tax Effect of Unusual Items": "-184.382"}, "6/30/2018": {"Duration": "6/30/2018", "Total Revenue": "82,438", "Cost of Revenue": "78,416", "Gross Profit": "4,022", "Operating Expense": "13,634", "Operating Income": "-9,612", "Net Non Operating Interest Income Expense": "-3,625", "Other Income Expense": "298", "Pretax Income": "-12,939", "Tax Provision": "-35", "Net Income Common Stockholders": "-13,180", "Diluted NI Available to Com Stockholders": "-13,180", "Basic EPS": "-0.66", "Diluted EPS": "-0.66", "Basic Average Shares": "19,936", "Diluted Average Shares": "19,936", "Total Operating Income as Reported": "-9,612", "Total Expenses": "92,050", "Net Income from Continuing & Discontinued Operation": "-13,180", "Normalized Income": "-12,904", "Interest Expense": "3,625", "Net Interest Income": "-3,625", "EBIT": "-9,612", "EBITDA": "-", "Reconciled Cost of Revenue": "78,416", "Reconciled Depreciation": "10,223", "Net Income from Continuing Operation Net Minority Interest": "-12,904", "Total Unusual Items Excluding Goodwill": "0", "Total Unusual Items": "0", "Normalized EBITDA": "611", "Tax Rate for Calcs": "0", "Tax Effect of Unusual Items": "0"}}, "bs": {"6/30/2020": {"Duration": "6/30/2020", "Total Assets": "54,281", "Total Liabilities Net Minority Interest": "50,308", "Total Equity Gross Minority Interest": "3,973", "Total Capitalization": "27,964", "Common Stock Equity": "3,973", "Capital Lease Obligations": "13,205", "Net Tangible Assets": "-8,451", "Working Capital": "3,283", "Invested Capital": "34,770", "Tangible Book Value": "-8,451", "Total Debt": "44,002", "Net Debt": "26,855", "Share Issued": "23,557", "Ordinary Shares Number": "23,548", "Treasury Shares Number": "8.401"}, "6/30/2019": {"Duration": "6/30/2019", "Total Assets": "72,816", "Total Liabilities Net Minority Interest": "64,322", "Total Equity Gross Minority Interest": "8,494", "Total Capitalization": "54,771", "Common Stock Equity": "8,494", "Capital Lease Obligations": "2,583", "Net Tangible Assets": "-5,573", "Working Capital": "7,784", "Invested Capital": "56,390", "Tangible Book Value": "-5,573", "Total Debt": "50,479", "Net Debt": "47,633", "Share Issued": "23,386", "Ordinary Shares Number": "23,377", "Treasury Shares Number": "8.401"}, "6/30/2018": {"Duration": "6/30/2018", "Total Assets": "89,933", "Total Liabilities Net Minority Interest": "57,769", "Total Equity Gross Minority Interest": "32,164", "Total Capitalization": "69,177", "Common Stock Equity": "32,164", "Capital Lease Obligations": "2,508", "Net Tangible Assets": "9,482", "Working Capital": "8,186", "Invested Capital": "70,898", "Tangible Book Value": "9,482", "Total Debt": "41,242", "Net Debt": "38,369", "Share Issued": "23,324", "Ordinary Shares Number": "23,316", "Treasury Shares Number": "8.401"}}, "cf": {"TTM": {"Duration": "TTM", "Operating Cash Flow": "3,140", "Investing Cash Flow": "19,302", "Financing Cash Flow": "-18,671", "End Cash Position": "3,942", "Income Tax Paid Supplemental Data": "6", "Interest Paid Supplemental Data": "1,059", "Capital Expenditure": "-1,198", "Issuance of Capital Stock": "-", "Issuance of Debt": "33,859", "Repayment of Debt": "-52,554", "Free Cash Flow": "1,942"}, "6/30/2020": {"Duration": "6/30/2020", "Operating Cash Flow": "3,140", "Investing Cash Flow": "19,302", "Financing Cash Flow": "-18,671", "End Cash Position": "3,942", "Income Tax Paid Supplemental Data": "6", "Interest Paid Supplemental Data": "1,059", "Capital Expenditure": "-1,198", "Issuance of Capital Stock": "-", "Issuance of Debt": "33,859", "Repayment of Debt": "-52,554", "Free Cash Flow": "1,942"}, "6/30/2019": {"Duration": "6/30/2019", "Operating Cash Flow": "-5,004", "Investing Cash Flow": "-1,918", "Financing Cash Flow": "6,956", "End Cash Position": "263", "Income Tax Paid Supplemental Data": "18", "Interest Paid Supplemental Data": "2,332", "Capital Expenditure": "-1,918", "Issuance of Capital Stock": "0", "Issuance of Debt": "89,976", "Repayment of Debt": "-83,072", "Free Cash Flow": "-6,922"}, "6/30/2018": {"Duration": "6/30/2018", "Operating Cash Flow": "-556", "Investing Cash Flow": "-2,144", "Financing Cash Flow": "2,387", "End Cash Position": "365", "Income Tax Paid Supplemental Data": "137", "Interest Paid Supplemental Data": "1,948", "Capital Expenditure": "-5,144", "Issuance of Capital Stock": "9,785", "Issuance of Debt": "94,053", "Repayment of Debt": "-101,659", "Free Cash Flow": "-5,700"}}}}, {"BOOM": {"quote": {"05/12/2021": {"value": "58.26", "Market Cap": "1.09B", "Beta (5Y Monthly)": "1.13", "PE Ratio (TTM)": "N/A", "EPS (TTM)": "-0.34", "Earnings Date": "Jul 21, 2021 - Jul 26, 2021", "Forward Dividend & Yield": "N/A (N/A)", "Ex-Dividend Date": "Mar 30, 2020", "1y Target Est": "60.25"}}, "fin": {"TTM": {"Duration": "TTM", "Total Revenue": "229,161", "Cost of Revenue": "172,308", "Gross Profit": "56,853", "Operating Expense": "54,462", "Operating Income": "2,391", "Net Non Operating Interest Income Expense": "-731", "Other Income Expense": "-3,620", "Pretax Income": "-1,960", "Tax Provision": "-548", "Net Income Common Stockholders": "-1,412", "Average Dilution Earnings": "0", "Diluted NI Available to Com Stockholders": "-1,412", "Basic EPS": "-", "Diluted EPS": "-", "Basic Average Shares": "-", "Diluted Average Shares": "-", "Total Operating Income as Reported": "-996", "Total Expenses": "226,770", "Interest Income": "-", "Interest Expense": "731", "Net Interest Income": "-731", "Net Income from Continuing & Discontinued Operation": "-1,412", "Normalized Income": "1,028", "EBIT": "-1,229", "EBITDA": "9,852", "Reconciled Cost of Revenue": "162,676", "Reconciled Depreciation": "11,081", "Net Income from Continuing Operation Net Minority Interest": "-1,412", "Total Unusual Items Excluding Goodwill": "-3,387", "Total Unusual Items": "-3,387", "Normalized EBITDA": "13,239", "Tax Rate for Calcs": "0", "Tax Effect of Unusual Items": "-946.9776"}, "12/31/2020": {"Duration": "12/31/2020", "Total Revenue": "229,161", "Cost of Revenue": "172,308", "Gross Profit": "56,853", "Operating Expense": "54,462", "Operating Income": "2,391", "Net Non Operating Interest Income Expense": "-731", "Other Income Expense": "-3,620", "Pretax Income": "-1,960", "Tax Provision": "-548", "Net Income Common Stockholders": "-1,412", "Average Dilution Earnings": "0", "Diluted NI Available to Com Stockholders": "-1,412", "Basic EPS": "-", "Diluted EPS": "-", "Basic Average Shares": "-", "Diluted Average Shares": "-", "Total Operating Income as Reported": "-996", "Total Expenses": "226,770", "Interest Income": "-", "Interest Expense": "731", "Net Interest Income": "-731", "Net Income from Continuing & Discontinued Operation": "-1,412", "Normalized Income": "1,028", "EBIT": "-1,229", "EBITDA": "-", "Reconciled Cost of Revenue": "162,676", "Reconciled Depreciation": "11,081", "Net Income from Continuing Operation Net Minority Interest": "-1,412", "Total Unusual Items Excluding Goodwill": "-3,387", "Total Unusual Items": "-3,387", "Normalized EBITDA": "13,239", "Tax Rate for Calcs": "0", "Tax Effect of Unusual Items": "-946.9776"}, "12/31/2019": {"Duration": "12/31/2019", "Total Revenue": "397,550", "Cost of Revenue": "252,627", "Gross Profit": "144,923", "Operating Expense": "66,995", "Operating Income": "77,928", "Net Non Operating Interest Income Expense": "-1,554", "Other Income Expense": "-19,672", "Pretax Income": "56,702", "Tax Provision": "22,661", "Net Income Common Stockholders": "33,374", "Average Dilution Earnings": "3", "Diluted NI Available to Com Stockholders": "33,377", "Basic EPS": "2.29", "Diluted EPS": "2.28", "Basic Average Shares": "14,580", "Diluted Average Shares": "14,655", "Total Operating Income as Reported": "58,425", "Total Expenses": "319,622", "Interest Income": "-", "Interest Expense": "1,554", "Net Interest Income": "-1,554", "Net Income from Continuing & Discontinued Operation": "34,041", "Normalized Income": "45,750", "EBIT": "58,256", "EBITDA": "-", "Reconciled Cost of Revenue": "244,311", "Reconciled Depreciation": "9,860", "Net Income from Continuing Operation Net Minority Interest": "34,041", "Total Unusual Items Excluding Goodwill": "-19,503", "Total Unusual Items": "-19,503", "Normalized EBITDA": "87,619", "Tax Rate for Calcs": "0", "Tax Effect of Unusual Items": "-7,794"}, "12/31/2018": {"Duration": "12/31/2018", "Total Revenue": "326,429", "Cost of Revenue": "215,734", "Gross Profit": "110,695", "Operating Expense": "64,157", "Operating Income": "46,538", "Net Non Operating Interest Income Expense": "-1,615", "Other Income Expense": "-10,316", "Pretax Income": "34,607", "Tax Provision": "4,134", "Net Income Common Stockholders": "29,780", "Average Dilution Earnings": "4", "Diluted NI Available to Com Stockholders": "29,784", "Basic EPS": "2.05", "Diluted EPS": "2.04", "Basic Average Shares": "14,530", "Diluted Average Shares": "14,621", "Total Operating Income as Reported": "37,424", "Total Expenses": "279,891", "Interest Income": "-", "Interest Expense": "1,615", "Net Interest Income": "-1,615", "Net Income from Continuing & Discontinued Operation": "30,473", "Normalized Income": "38,498", "EBIT": "36,222", "EBITDA": "-", "Reconciled Cost of Revenue": "209,158", "Reconciled Depreciation": "9,520", "Net Income from Continuing Operation Net Minority Interest": "30,473", "Total Unusual Items Excluding Goodwill": "-9,114", "Total Unusual Items": "-9,114", "Normalized EBITDA": "54,856", "Tax Rate for Calcs": "0", "Tax Effect of Unusual Items": "-1,089"}}, "bs": {"12/31/2020": {"Duration": "12/31/2020", "Total Assets": "279,645", "Total Liabilities Net Minority Interest": "82,731", "Total Equity Gross Minority Interest": "196,914", "Total Capitalization": "205,053", "Common Stock Equity": "196,914", "Capital Lease Obligations": "11,807", "Net Tangible Assets": "193,249", "Working Capital": "96,202", "Invested Capital": "205,053", "Tangible Book Value": "193,249", "Total Debt": "23,071", "Net Debt": "-", "Share Issued": "15,918", "Ordinary Shares Number": "15,389", "Treasury Shares Number": "528.274"}, "12/31/2019": {"Duration": "12/31/2019", "Total Assets": "277,421", "Total Liabilities Net Minority Interest": "105,280", "Total Equity Gross Minority Interest": "172,141", "Total Capitalization": "183,288", "Common Stock Equity": "172,141", "Capital Lease Obligations": "-", "Net Tangible Assets": "166,261", "Working Capital": "72,930", "Invested Capital": "186,413", "Tangible Book Value": "166,261", "Total Debt": "14,272", "Net Debt": "-", "Share Issued": "15,117", "Ordinary Shares Number": "14,653", "Treasury Shares Number": "464.532"}, "12/31/2018": {"Duration": "12/31/2018", "Total Assets": "240,418", "Total Liabilities Net Minority Interest": "106,132", "Total Equity Gross Minority Interest": "134,286", "Total Capitalization": "172,516", "Common Stock Equity": "134,286", "Capital Lease Obligations": "-", "Net Tangible Assets": "125,697", "Working Capital": "67,651", "Invested Capital": "175,641", "Tangible Book Value": "125,697", "Total Debt": "41,355", "Net Debt": "27,980", "Share Issued": "14,988", "Ordinary Shares Number": "14,906", "Treasury Shares Number": "82.186"}}, "cf": {"TTM": {"Duration": "TTM", "Operating Cash Flow": "30,362", "Investing Cash Flow": "-39,557", "Financing Cash Flow": "17,317", "End Cash Position": "28,187", "Income Tax Paid Supplemental Data": "497", "Interest Paid Supplemental Data": "402", "Capital Expenditure": "-13,853", "Issuance of Capital Stock": "25,740", "Issuance of Debt": "-", "Repayment of Debt": "-3,125", "Repurchase of Capital Stock": "-1,890", "Free Cash Flow": "16,509"}, "12/31/2020": {"Duration": "12/31/2020", "Operating Cash Flow": "30,362", "Investing Cash Flow": "-39,557", "Financing Cash Flow": "17,317", "End Cash Position": "28,187", "Income Tax Paid Supplemental Data": "497", "Interest Paid Supplemental Data": "402", "Capital Expenditure": "-13,853", "Issuance of Capital Stock": "25,740", "Issuance of Debt": "-", "Repayment of Debt": "-3,125", "Repurchase of Capital Stock": "-1,890", "Free Cash Flow": "16,509"}, "12/31/2019": {"Duration": "12/31/2019", "Operating Cash Flow": "64,594", "Investing Cash Flow": "-25,947", "Financing Cash Flow": "-30,562", "End Cash Position": "20,353", "Income Tax Paid Supplemental Data": "-", "Interest Paid Supplemental Data": "-", "Capital Expenditure": "-27,210", "Issuance of Capital Stock": "557", "Issuance of Debt": "-", "Repayment of Debt": "-27,254", "Repurchase of Capital Stock": "-1,103", "Free Cash Flow": "37,384"}, "12/31/2018": {"Duration": "12/31/2018", "Operating Cash Flow": "27,638", "Investing Cash Flow": "-45,095", "Financing Cash Flow": "21,858", "End Cash Position": "13,375", "Income Tax Paid Supplemental Data": "1,284", "Interest Paid Supplemental Data": "1,383", "Capital Expenditure": "-45,095", "Issuance of Capital Stock": "442", "Issuance of Debt": "25,000", "Repayment of Debt": "-1,628", "Repurchase of Capital Stock": "-453", "Free Cash Flow": "-17,457"}}}}, {"GHM": {"quote": {"04/25/2021": {"value": "13.47", "Market Cap": "138.443M", "Beta (5Y Monthly)": "0.86", "PE Ratio (TTM)": "52.21", "EPS (TTM)": "0.26", "Earnings Date": "Jan 28, 2021", "Forward Dividend & Yield": "0.44 (3.27%)", "Ex-Dividend Date": "Feb 09, 2021", "1y Target Est": "20.50"}}, "fin": {"TTM": {"Duration": "TTM", "Total Revenue": "94,900", "Cost of Revenue": "74,970", "Gross Profit": "19,930", "Operating Expense": "17,209", "Operating Income": "2,721", "Net Non Operating Interest Income Expense": "375", "Other Income Expense": "251", "Pretax Income": "3,347", "Tax Provision": "785", "Net Income Common Stockholders": "2,562", "Diluted NI Available to Com Stockholders": "2,562", "Basic EPS": "-", "Diluted EPS": "-", "Basic Average Shares": "-", "Diluted Average Shares": "-", "Total Operating Income as Reported": "652", "Total Expenses": "92,179", "Net Income from Continuing & Discontinued Operation": "2,562", "Normalized Income": "2,562", "Interest Income": "387", "Interest Expense": "12", "Net Interest Income": "375", "EBIT": "3,359", "EBITDA": "5,306", "Reconciled Cost of Revenue": "73,023", "Reconciled Depreciation": "1,947", "Net Income from Continuing Operation Net Minority Interest": "2,562", "Total Unusual Items Excluding Goodwill": "0", "Total Unusual Items": "0", "Normalized EBITDA": "5,306", "Tax Rate for Calcs": "0", "Tax Effect of Unusual Items": "0"}, "3/31/2020": {"Duration": "3/31/2020", "Total Revenue": "90,604", "Cost of Revenue": "72,456", "Gross Profit": "18,148", "Operating Expense": "17,496", "Operating Income": "652", "Net Non Operating Interest Income Expense": "1,312", "Other Income Expense": "348", "Pretax Income": "2,312", "Tax Provision": "440", "Net Income Common Stockholders": "1,872", "Diluted NI Available to Com Stockholders": "1,872", "Basic EPS": "0.19", "Diluted EPS": "0.19", "Basic Average Shares": "9,876", "Diluted Average Shares": "9,879", "Total Operating Income as Reported": "652", "Total Expenses": "89,952", "Net Income from Continuing & Discontinued Operation": "1,872", "Normalized Income": "1,872", "Interest Income": "1,324", "Interest Expense": "12", "Net Interest Income": "1,312", "EBIT": "2,324", "EBITDA": "-", "Reconciled Cost of Revenue": "70,499", "Reconciled Depreciation": "1,968", "Net Income from Continuing Operation Net Minority Interest": "1,872", "Total Unusual Items Excluding Goodwill": "0", "Total Unusual Items": "0", "Normalized EBITDA": "4,292", "Tax Rate for Calcs": "0", "Tax Effect of Unusual Items": "0"}, "3/31/2019": {"Duration": "3/31/2019", "Total Revenue": "91,831", "Cost of Revenue": "69,922", "Gross Profit": "21,909", "Operating Expense": "17,878", "Operating Income": "4,031", "Net Non Operating Interest Income Expense": "1,450", "Other Income Expense": "-5,626", "Pretax Income": "-145", "Tax Provision": "163", "Net Income Common Stockholders": "-308", "Diluted NI Available to Com Stockholders": "-308", "Basic EPS": "-0.03", "Diluted EPS": "-0.03", "Basic Average Shares": "9,823", "Diluted Average Shares": "9,823", "Total Operating Income as Reported": "-2,418", "Total Expenses": "87,800", "Net Income from Continuing & Discontinued Operation": "-308", "Normalized Income": "4,400", "Interest Income": "1,462", "Interest Expense": "12", "Net Interest Income": "1,450", "EBIT": "-133", "EBITDA": "-", "Reconciled Cost of Revenue": "67,954", "Reconciled Depreciation": "2,205", "Net Income from Continuing Operation Net Minority Interest": "-308", "Total Unusual Items Excluding Goodwill": "-6,449", "Total Unusual Items": "-6,449", "Normalized EBITDA": "8,521", "Tax Rate for Calcs": "0", "Tax Effect of Unusual Items": "-1,741"}}, "bs": {"3/31/2020": {"Duration": "3/31/2020", "Total Assets": "148,120", "Total Liabilities Net Minority Interest": "51,396", "Total Equity Gross Minority Interest": "96,724", "Total Capitalization": "96,724", "Common Stock Equity": "96,724", "Capital Lease Obligations": "330", "Net Tangible Assets": "96,724", "Working Capital": "77,443", "Invested Capital": "96,724", "Tangible Book Value": "96,724", "Total Debt": "330", "Share Issued": "10,689", "Ordinary Shares Number": "9,881", "Treasury Shares Number": "808"}, "3/31/2019": {"Duration": "3/31/2019", "Total Assets": "156,270", "Total Liabilities Net Minority Interest": "57,304", "Total Equity Gross Minority Interest": "98,966", "Total Capitalization": "98,966", "Common Stock Equity": "98,966", "Capital Lease Obligations": "146", "Net Tangible Assets": "98,966", "Working Capital": "79,896", "Invested Capital": "98,966", "Tangible Book Value": "98,966", "Total Debt": "146", "Share Issued": "10,650", "Ordinary Shares Number": "9,843", "Treasury Shares Number": "807"}}, "cf": {"TTM": {"Duration": "TTM", "Operating Cash Flow": "6,028", "Investing Cash Flow": "51,026", "Financing Cash Flow": "-4,450", "Cash Flow from Discontinued Operation": "0", "End Cash Position": "63,455", "Capital Expenditure": "-2,490", "Issuance of Capital Stock": "0", "Repayment of Debt": "-4,647", "Repurchase of Capital Stock": "-23", "Free Cash Flow": "3,538"}, "3/31/2020": {"Duration": "3/31/2020", "Operating Cash Flow": "1,239", "Investing Cash Flow": "20,881", "Financing Cash Flow": "-4,507", "Cash Flow from Discontinued Operation": "552", "End Cash Position": "32,955", "Capital Expenditure": "-2,417", "Issuance of Capital Stock": "24", "Repayment of Debt": "-51", "Repurchase of Capital Stock": "-230", "Free Cash Flow": "-1,178"}, "3/31/2019": {"Duration": "3/31/2019", "Operating Cash Flow": "7,917", "Investing Cash Flow": "-28,847", "Financing Cash Flow": "-3,770", "Cash Flow from Discontinued Operation": "-552", "End Cash Position": "15,021", "Capital Expenditure": "-2,138", "Issuance of Capital Stock": "307", "Repayment of Debt": "-97", "Repurchase of Capital Stock": "-146", "Free Cash Flow": "5,779"}}}}, {"CRS": {"quote": {"04/25/2021": {"value": "40.44", "Market Cap": "1.926B", "Beta (5Y Monthly)": "2.31", "PE Ratio (TTM)": "N/A", "EPS (TTM)": "-4.37", "Earnings Date": "Apr 29, 2021", "Forward Dividend & Yield": "0.80 (1.98%)", "Ex-Dividend Date": "May 03, 2021", "1y Target Est": "38.00"}}, "fin": {"TTM": {"Duration": "TTM", "Total Revenue": "1,724,800", "Cost of Revenue": "1,611,200", "Gross Profit": "113,600", "Operating Expense": "177,300", "Operating Income": "-63,700", "Net Non Operating Interest Income Expense": "-23,600", "Other Income Expense": "-172,900", "Pretax Income": "-260,200", "Tax Provision": "-49,700", "Net Income Common Stockholders": "-210,300", "Diluted NI Available to Com Stockholders": "-210,300", "Basic EPS": "-", "Diluted EPS": "-", "Basic Average Shares": "-", "Diluted Average Shares": "-", "Total Operating Income as Reported": "-227,300", "Total Expenses": "1,788,500", "Interest Income": "-", "Interest Expense": "23,700", "Net Interest Income": "-23,600", "Net Income from Continuing & Discontinued Operation": "-210,500", "Normalized Income": "-73,214", "EBIT": "-236,500", "EBITDA": "-114,000", "Reconciled Cost of Revenue": "1,611,200", "Reconciled Depreciation": "122,500", "Net Income from Continuing Operation Net Minority Interest": "-210,500", "Total Unusual Items Excluding Goodwill": "-169,700", "Total Unusual Items": "-169,700", "Normalized EBITDA": "55,700", "Tax Rate for Calcs": "0", "Tax Effect of Unusual Items": "-32,414"}, "6/30/2020": {"Duration": "6/30/2020", "Total Revenue": "2,181,100", "Cost of Revenue": "1,851,700", "Gross Profit": "329,400", "Operating Expense": "201,000", "Operating Income": "128,400", "Net Non Operating Interest Income Expense": "-19,700", "Other Income Expense": "-102,600", "Pretax Income": "6,100", "Tax Provision": "4,600", "Net Income Common Stockholders": "1,100", "Diluted NI Available to Com Stockholders": "1,100", "Basic EPS": "0.02", "Diluted EPS": "0.02", "Basic Average Shares": "48,100", "Diluted Average Shares": "48,200", "Total Operating Income as Reported": "25,300", "Total Expenses": "2,052,700", "Interest Income": "100", "Interest Expense": "19,800", "Net Interest Income": "-19,700", "Net Income from Continuing & Discontinued Operation": "1,500", "Normalized Income": "74,646", "EBIT": "25,900", "EBITDA": "-", "Reconciled Cost of Revenue": "1,851,700", "Reconciled Depreciation": "123,900", "Net Income from Continuing Operation Net Minority Interest": "1,500", "Total Unusual Items Excluding Goodwill": "-100,200", "Total Unusual Items": "-100,200", "Normalized EBITDA": "250,000", "Tax Rate for Calcs": "0", "Tax Effect of Unusual Items": "-27,054"}, "6/30/2019": {"Duration": "6/30/2019", "Total Revenue": "2,380,200", "Cost of Revenue": "1,935,400", "Gross Profit": "444,800", "Operating Expense": "203,400", "Operating Income": "241,400", "Net Non Operating Interest Income Expense": "-26,000", "Other Income Expense": "600", "Pretax Income": "216,000", "Tax Provision": "49,000", "Net Income Common Stockholders": "165,100", "Diluted NI Available to Com Stockholders": "165,100", "Basic EPS": "3.46", "Diluted EPS": "3.43", "Basic Average Shares": "47,700", "Diluted Average Shares": "48,100", "Total Operating Income as Reported": "241,400", "Total Expenses": "2,138,800", "Interest Income": "-", "Interest Expense": "26,000", "Net Interest Income": "-26,000", "Net Income from Continuing & Discontinued Operation": "167,000", "Normalized Income": "167,000", "EBIT": "242,000", "EBITDA": "-", "Reconciled Cost of Revenue": "1,935,400", "Reconciled Depreciation": "121,500", "Net Income from Continuing Operation Net Minority Interest": "167,000", "Total Unusual Items Excluding Goodwill": "0", "Total Unusual Items": "0", "Normalized EBITDA": "363,500", "Tax Rate for Calcs": "0", "Tax Effect of Unusual Items": "0"}, "6/30/2018": {"Duration": "6/30/2018", "Total Revenue": "2,157,700", "Cost of Revenue": "1,775,500", "Gross Profit": "382,200", "Operating Expense": "195,100", "Operating Income": "187,100", "Net Non Operating Interest Income Expense": "-28,000", "Other Income Expense": "1,100", "Pretax Income": "160,200", "Tax Provision": "-28,300", "Net Income Common Stockholders": "186,800", "Diluted NI Available to Com Stockholders": "186,800", "Basic EPS": "3.96", "Diluted EPS": "3.92", "Basic Average Shares": "47,200", "Diluted Average Shares": "47,600", "Total Operating Income as Reported": "187,100", "Total Expenses": "1,970,600", "Interest Income": "300", "Interest Expense": "28,300", "Net Interest Income": "-28,000", "Net Income from Continuing & Discontinued Operation": "188,500", "Normalized Income": "187,759", "EBIT": "188,500", "EBITDA": "-", "Reconciled Cost of Revenue": "1,775,500", "Reconciled Depreciation": "116,600", "Net Income from Continuing Operation Net Minority Interest": "188,500", "Total Unusual Items Excluding Goodwill": "900", "Total Unusual Items": "900", "Normalized EBITDA": "304,200", "Tax Rate for Calcs": "0", "Tax Effect of Unusual Items": "159.3"}}, "bs": {"6/30/2020": {"Duration": "6/30/2020", "Total Assets": "3,227,200", "Total Liabilities Net Minority Interest": "1,781,500", "Total Equity Gross Minority Interest": "1,445,700", "Total Capitalization": "1,997,500", "Common Stock Equity": "1,445,700", "Capital Lease Obligations": "11,500", "Net Tangible Assets": "1,103,200", "Working Capital": "814,200", "Invested Capital": "2,167,500", "Tangible Book Value": "1,103,200", "Total Debt": "733,300", "Net Debt": "528,700", "Share Issued": "56,013", "Ordinary Shares Number": "47,850", "Treasury Shares Number": "8,162"}, "6/30/2019": {"Duration": "6/30/2019", "Total Assets": "3,187,800", "Total Liabilities Net Minority Interest": "1,667,700", "Total Equity Gross Minority Interest": "1,520,100", "Total Capitalization": "2,070,700", "Common Stock Equity": "1,520,100", "Capital Lease Obligations": "-", "Net Tangible Assets": "1,126,500", "Working Capital": "820,200", "Invested Capital": "2,090,400", "Tangible Book Value": "1,126,500", "Total Debt": "570,300", "Net Debt": "543,300", "Share Issued": "55,809", "Ordinary Shares Number": "47,470", "Treasury Shares Number": "8,338"}, "6/30/2018": {"Duration": "6/30/2018", "Total Assets": "3,007,000", "Total Liabilities Net Minority Interest": "1,521,100", "Total Equity Gross Minority Interest": "1,485,900", "Total Capitalization": "2,031,600", "Common Stock Equity": "1,485,900", "Capital Lease Obligations": "-", "Net Tangible Assets": "1,153,900", "Working Capital": "815,500", "Invested Capital": "2,031,600", "Tangible Book Value": "1,153,900", "Total Debt": "545,700", "Net Debt": "489,500", "Share Issued": "55,712", "Ordinary Shares Number": "47,192", "Treasury Shares Number": "8,520"}}, "cf": {"TTM": {"Duration": "TTM", "Operating Cash Flow": "380,800", "Investing Cash Flow": "-115,400", "Financing Cash Flow": "-24,000", "End Cash Position": "271,300", "Interest Paid Supplemental Data": "-", "Capital Expenditure": "-137,000", "Issuance of Debt": "601,700", "Repayment of Debt": "-575,100", "Repurchase of Capital Stock": "-", "Free Cash Flow": "243,800"}, "6/30/2020": {"Duration": "6/30/2020", "Operating Cash Flow": "231,800", "Investing Cash Flow": "-171,200", "Financing Cash Flow": "107,800", "End Cash Position": "193,100", "Interest Paid Supplemental Data": "-", "Capital Expenditure": "-171,400", "Issuance of Debt": "351,100", "Repayment of Debt": "-200,800", "Repurchase of Capital Stock": "-", "Free Cash Flow": "60,400"}, "6/30/2019": {"Duration": "6/30/2019", "Operating Cash Flow": "232,400", "Investing Cash Flow": "-244,600", "Financing Cash Flow": "-19,400", "End Cash Position": "27,000", "Interest Paid Supplemental Data": "-", "Capital Expenditure": "-180,300", "Issuance of Debt": "183,600", "Repayment of Debt": "-163,900", "Repurchase of Capital Stock": "-", "Free Cash Flow": "52,100"}, "6/30/2018": {"Duration": "6/30/2018", "Operating Cash Flow": "209,200", "Investing Cash Flow": "-139,400", "Financing Cash Flow": "-78,900", "End Cash Position": "56,200", "Interest Paid Supplemental Data": "-", "Capital Expenditure": "-135,000", "Issuance of Debt": "0", "Repayment of Debt": "-55,000", "Repurchase of Capital Stock": "-", "Free Cash Flow": "74,200"}}}}, {"CSTM": {"quote": {"05/12/2021": {"value": "17.75", "Market Cap": "2.484B", "Beta (5Y Monthly)": "2.68", "PE Ratio (TTM)": "36.52", "EPS (TTM)": "0.49", "Earnings Date": "Apr 28, 2021", "Forward Dividend & Yield": "N/A (N/A)", "Ex-Dividend Date": "N/A", "1y Target Est": "20.69"}}, "fin": {"TTM": {"Duration": "TTM", "Total Revenue": "4,883,000", "Cost of Revenue": "4,393,000", "Gross Profit": "490,000", "Operating Expense": "276,000", "Operating Income": "214,000", "Net Non Operating Interest Income Expense": "-164,000", "Other Income Expense": "-84,000", "Pretax Income": "-34,000", "Tax Provision": "-17,000", "Net Income Common Stockholders": "-21,000", "Diluted NI Available to Com Stockholders": "-21,000", "Basic EPS": "-", "Diluted EPS": "-", "Basic Average Shares": "-", "Diluted Average Shares": "-", "Total Operating Income as Reported": "125,000", "Total Expenses": "4,669,000", "Interest Income": "0", "Interest Expense": "147,000", "Net Interest Income": "-164,000", "Net Income from Continuing & Discontinued Operation": "-21,000", "Normalized Income": "33,750", "EBIT": "113,000", "EBITDA": "372,000", "Reconciled Cost of Revenue": "4,393,000", "Reconciled Depreciation": "259,000", "Net Income from Continuing Operation Net Minority Interest": "-21,000", "Total Unusual Items Excluding Goodwill": "-75,000", "Total Unusual Items": "-75,000", "Normalized EBITDA": "447,000", "Tax Rate for Calcs": "0", "Tax Effect of Unusual Items": "-20,250"}, "12/31/2020": {"Duration": "12/31/2020", "Total Revenue": "4,883,000", "Cost of Revenue": "4,393,000", "Gross Profit": "490,000", "Operating Expense": "276,000", "Operating Income": "214,000", "Net Non Operating Interest Income Expense": "-164,000", "Other Income Expense": "-84,000", "Pretax Income": "-34,000", "Tax Provision": "-17,000", "Net Income Common Stockholders": "-21,000", "Diluted NI Available to Com Stockholders": "-21,000", "Basic EPS": "-0.15", "Diluted EPS": "-0.15", "Basic Average Shares": "138,740", "Diluted Average Shares": "138,740", "Total Operating Income as Reported": "125,000", "Total Expenses": "4,669,000", "Interest Income": "0", "Interest Expense": "147,000", "Net Interest Income": "-164,000", "Net Income from Continuing & Discontinued Operation": "-21,000", "Normalized Income": "33,750", "EBIT": "113,000", "EBITDA": "-", "Reconciled Cost of Revenue": "4,393,000", "Reconciled Depreciation": "259,000", "Net Income from Continuing Operation Net Minority Interest": "-21,000", "Total Unusual Items Excluding Goodwill": "-75,000", "Total Unusual Items": "-75,000", "Normalized EBITDA": "447,000", "Tax Rate for Calcs": "0", "Tax Effect of Unusual Items": "-20,250"}, "12/31/2019": {"Duration": "12/31/2019", "Total Revenue": "5,907,000", "Cost of Revenue": "5,305,000", "Gross Profit": "602,000", "Operating Expense": "324,000", "Operating Income": "278,000", "Net Non Operating Interest Income Expense": "-185,000", "Other Income Expense": "-11,000", "Pretax Income": "82,000", "Tax Provision": "18,000", "Net Income Common Stockholders": "59,000", "Diluted NI Available to Com Stockholders": "59,000", "Basic EPS": "0.43", "Diluted EPS": "0.41", "Basic Average Shares": "136,857", "Diluted Average Shares": "142,646", "Total Operating Income as Reported": "255,000", "Total Expenses": "5,629,000", "Interest Income": "0", "Interest Expense": "169,000", "Net Interest Income": "-185,000", "Net Income from Continuing & Discontinued Operation": "59,000", "Normalized Income": "68,360", "EBIT": "251,000", "EBITDA": "-", "Reconciled Cost of Revenue": "5,305,000", "Reconciled Depreciation": "256,000", "Net Income from Continuing Operation Net Minority Interest": "59,000", "Total Unusual Items Excluding Goodwill": "-12,000", "Total Unusual Items": "-12,000", "Normalized EBITDA": "519,000", "Tax Rate for Calcs": "0", "Tax Effect of Unusual Items": "-2,640"}, "12/31/2018": {"Duration": "12/31/2018", "Total Revenue": "5,686,000", "Cost of Revenue": "5,148,000", "Gross Profit": "538,000", "Operating Expense": "287,000", "Operating Income": "251,000", "Net Non Operating Interest Income Expense": "-155,000", "Other Income Expense": "126,000", "Pretax Income": "222,000", "Tax Provision": "32,000", "Net Income Common Stockholders": "188,000", "Diluted NI Available to Com Stockholders": "188,000", "Basic EPS": "1.40", "Diluted EPS": "1.37", "Basic Average Shares": "134,762", "Diluted Average Shares": "138,146", "Total Operating Income as Reported": "404,000", "Total Expenses": "5,435,000", "Interest Income": "7,000", "Interest Expense": "152,000", "Net Interest Income": "-155,000", "Net Income from Continuing & Discontinued Operation": "188,000", "Normalized Income": "52,980", "EBIT": "374,000", "EBITDA": "-", "Reconciled Cost of Revenue": "5,148,000", "Reconciled Depreciation": "197,000", "Net Income from Continuing Operation Net Minority Interest": "188,000", "Total Unusual Items Excluding Goodwill": "157,000", "Total Unusual Items": "157,000", "Normalized EBITDA": "414,000", "Tax Rate for Calcs": "0", "Tax Effect of Unusual Items": "21,980"}}, "bs": {"12/31/2020": {"Duration": "12/31/2020", "Total Assets": "4,129,000", "Total Liabilities Net Minority Interest": "4,230,000", "Total Equity Gross Minority Interest": "-101,000", "Total Capitalization": "2,184,000", "Common Stock Equity": "-115,000", "Net Tangible Assets": "-593,000", "Working Capital": "380,000", "Invested Capital": "2,276,000", "Tangible Book Value": "-593,000", "Total Debt": "2,391,000", "Net Debt": "1,952,000", "Share Issued": "139,963", "Ordinary Shares Number": "139,963"}, "12/31/2019": {"Duration": "12/31/2019", "Total Assets": "4,184,000", "Total Liabilities Net Minority Interest": "4,269,000", "Total Equity Gross Minority Interest": "-85,000", "Total Capitalization": "2,064,000", "Common Stock Equity": "-96,000", "Net Tangible Assets": "-621,000", "Working Capital": "78,000", "Invested Capital": "2,265,000", "Tangible Book Value": "-621,000", "Total Debt": "2,361,000", "Net Debt": "2,177,000", "Share Issued": "137,867", "Ordinary Shares Number": "137,867"}, "12/31/2018": {"Duration": "12/31/2018", "Total Assets": "3,901,000", "Total Liabilities Net Minority Interest": "4,015,000", "Total Equity Gross Minority Interest": "-114,000", "Total Capitalization": "1,972,000", "Common Stock Equity": "-122,000", "Net Tangible Assets": "-614,000", "Working Capital": "302,000", "Invested Capital": "2,029,000", "Tangible Book Value": "-614,000", "Total Debt": "2,151,000", "Net Debt": "1,987,000", "Share Issued": "135,999", "Ordinary Shares Number": "135,999"}}, "cf": {"TTM": {"Duration": "TTM", "Operating Cash Flow": "334,000", "Investing Cash Flow": "-176,000", "Financing Cash Flow": "101,000", "End Cash Position": "439,000", "Capital Expenditure": "-182,000", "Issuance of Capital Stock": "-", "Issuance of Debt": "492,000", "Repayment of Debt": "-374,000", "Free Cash Flow": "152,000"}, "12/31/2020": {"Duration": "12/31/2020", "Operating Cash Flow": "334,000", "Investing Cash Flow": "-176,000", "Financing Cash Flow": "101,000", "End Cash Position": "439,000", "Capital Expenditure": "-182,000", "Issuance of Capital Stock": "-", "Issuance of Debt": "492,000", "Repayment of Debt": "-374,000", "Free Cash Flow": "152,000"}, "12/31/2019": {"Duration": "12/31/2019", "Operating Cash Flow": "447,000", "Investing Cash Flow": "-353,000", "Financing Cash Flow": "-76,000", "End Cash Position": "184,000", "Capital Expenditure": "-271,000", "Issuance of Capital Stock": "0", "Issuance of Debt": "109,000", "Repayment of Debt": "-186,000", "Free Cash Flow": "176,000"}, "12/31/2018": {"Duration": "12/31/2018", "Operating Cash Flow": "66,000", "Investing Cash Flow": "-91,000", "Financing Cash Flow": "-82,000", "End Cash Position": "164,000", "Capital Expenditure": "-277,000", "Issuance of Capital Stock": "0", "Issuance of Debt": "0", "Repayment of Debt": "-68,000", "Free Cash Flow": "-211,000"}}}}, {"RYI": {"quote": {"05/12/2021": {"value": "16.82", "Market Cap": "647.143M", "Beta (5Y Monthly)": "1.57", "PE Ratio (TTM)": "N/A", "EPS (TTM)": "-1.49", "Earnings Date": "Jul 27, 2021 - Aug 02, 2021", "Forward Dividend & Yield": "N/A (N/A)", "Ex-Dividend Date": "N/A", "1y Target Est": "14.50"}}, "fin": {"TTM": {"Duration": "TTM", "Total Revenue": "3,466,600", "Cost of Revenue": "2,845,500", "Gross Profit": "621,100", "Operating Expense": "554,300", "Operating Income": "66,800", "Net Non Operating Interest Income Expense": "-76,400", "Other Income Expense": "-80,500", "Pretax Income": "-90,100", "Tax Provision": "-24,800", "Net Income Common Stockholders": "-65,800", "Diluted NI Available to Com Stockholders": "-65,800", "Basic EPS": "-", "Diluted EPS": "-", "Basic Average Shares": "-", "Diluted Average Shares": "-", "Total Operating Income as Reported": "64,600", "Total Expenses": "3,399,800", "Net Income from Continuing & Discontinued Operation": "-65,800", "Normalized Income": "-3,616", "Interest Expense": "76,400", "Net Interest Income": "-76,400", "EBIT": "-13,700", "EBITDA": "40,200", "Reconciled Cost of Revenue": "2,845,500", "Reconciled Depreciation": "53,900", "Net Income from Continuing Operation Net Minority Interest": "-65,800", "Total Unusual Items Excluding Goodwill": "-85,800", "Total Unusual Items": "-85,800", "Normalized EBITDA": "126,000", "Tax Rate for Calcs": "0", "Tax Effect of Unusual Items": "-23,616"}, "12/31/2020": {"Duration": "12/31/2020", "Total Revenue": "3,466,600", "Cost of Revenue": "2,845,500", "Gross Profit": "621,100", "Operating Expense": "554,300", "Operating Income": "66,800", "Net Non Operating Interest Income Expense": "-76,400", "Other Income Expense": "-80,500", "Pretax Income": "-90,100", "Tax Provision": "-24,800", "Net Income Common Stockholders": "-65,800", "Diluted NI Available to Com Stockholders": "-65,800", "Basic EPS": "-", "Diluted EPS": "-", "Basic Average Shares": "-", "Diluted Average Shares": "-", "Total Operating Income as Reported": "64,600", "Total Expenses": "3,399,800", "Net Income from Continuing & Discontinued Operation": "-65,800", "Normalized Income": "-3,616", "Interest Expense": "76,400", "Net Interest Income": "-76,400", "EBIT": "-13,700", "EBITDA": "-", "Reconciled Cost of Revenue": "2,845,500", "Reconciled Depreciation": "53,900", "Net Income from Continuing Operation Net Minority Interest": "-65,800", "Total Unusual Items Excluding Goodwill": "-85,800", "Total Unusual Items": "-85,800", "Normalized EBITDA": "126,000", "Tax Rate for Calcs": "0", "Tax Effect of Unusual Items": "-23,616"}, "12/31/2019": {"Duration": "12/31/2019", "Total Revenue": "4,501,600", "Cost of Revenue": "3,673,700", "Gross Profit": "827,900", "Operating Expense": "636,800", "Operating Income": "191,100", "Net Non Operating Interest Income Expense": "-93,200", "Other Income Expense": "17,300", "Pretax Income": "115,200", "Tax Provision": "32,500", "Net Income Common Stockholders": "82,400", "Diluted NI Available to Com Stockholders": "82,400", "Basic EPS": "2.19", "Diluted EPS": "2.17", "Basic Average Shares": "37,700", "Diluted Average Shares": "38,000", "Total Operating Income as Reported": "210,800", "Total Expenses": "4,310,500", "Net Income from Continuing & Discontinued Operation": "82,400", "Normalized Income": "68,258", "Interest Expense": "93,200", "Net Interest Income": "-93,200", "EBIT": "208,400", "EBITDA": "-", "Reconciled Cost of Revenue": "3,673,700", "Reconciled Depreciation": "58,400", "Net Income from Continuing Operation Net Minority Interest": "82,400", "Total Unusual Items Excluding Goodwill": "19,700", "Total Unusual Items": "19,700", "Normalized EBITDA": "247,100", "Tax Rate for Calcs": "0", "Tax Effect of Unusual Items": "5,558"}, "12/31/2018": {"Duration": "12/31/2018", "Total Revenue": "4,408,400", "Cost of Revenue": "3,650,300", "Gross Profit": "758,100", "Operating Expense": "614,700", "Operating Income": "143,400", "Net Non Operating Interest Income Expense": "-99,200", "Other Income Expense": "72,500", "Pretax Income": "116,700", "Tax Provision": "10,300", "Net Income Common Stockholders": "106,000", "Diluted NI Available to Com Stockholders": "106,000", "Basic EPS": "2.84", "Diluted EPS": "2.81", "Basic Average Shares": "37,300", "Diluted Average Shares": "37,700", "Total Operating Income as Reported": "139,200", "Total Expenses": "4,265,000", "Net Income from Continuing & Discontinued Operation": "106,000", "Normalized Income": "109,829", "Interest Expense": "99,200", "Net Interest Income": "-99,200", "EBIT": "215,900", "EBITDA": "-", "Reconciled Cost of Revenue": "3,650,300", "Reconciled Depreciation": "52,900", "Net Income from Continuing Operation Net Minority Interest": "106,000", "Total Unusual Items Excluding Goodwill": "-4,200", "Total Unusual Items": "-4,200", "Normalized EBITDA": "273,000", "Tax Rate for Calcs": "0", "Tax Effect of Unusual Items": "-370.6941"}}, "bs": {"12/31/2020": {"Duration": "12/31/2020", "Total Assets": "1,802,100", "Total Liabilities Net Minority Interest": "1,657,000", "Total Equity Gross Minority Interest": "145,100", "Total Capitalization": "865,000", "Common Stock Equity": "138,800", "Capital Lease Obligations": "113,700", "Net Tangible Assets": "-24,700", "Working Capital": "575,800", "Invested Capital": "878,800", "Tangible Book Value": "-24,700", "Total Debt": "853,700", "Net Debt": "678,600", "Share Issued": "38,330", "Ordinary Shares Number": "38,117", "Treasury Shares Number": "212.5"}, "12/31/2019": {"Duration": "12/31/2019", "Total Assets": "2,021,500", "Total Liabilities Net Minority Interest": "1,842,900", "Total Equity Gross Minority Interest": "178,600", "Total Capitalization": "1,105,200", "Common Stock Equity": "172,600", "Capital Lease Obligations": "133,700", "Net Tangible Assets": "1,700", "Working Capital": "788,100", "Invested Capital": "1,154,400", "Tangible Book Value": "1,700", "Total Debt": "1,115,500", "Net Debt": "970,800", "Share Issued": "37,996", "Ordinary Shares Number": "37,784", "Treasury Shares Number": "212.5"}, "12/31/2018": {"Duration": "12/31/2018", "Total Assets": "2,086,300", "Total Liabilities Net Minority Interest": "2,010,400", "Total Equity Gross Minority Interest": "75,900", "Total Capitalization": "1,199,200", "Common Stock Equity": "73,200", "Capital Lease Obligations": "-", "Net Tangible Assets": "-105,200", "Working Capital": "844,100", "Invested Capital": "1,226,500", "Tangible Book Value": "-105,200", "Total Debt": "1,153,300", "Net Debt": "1,130,100", "Share Issued": "37,657", "Ordinary Shares Number": "37,444", "Treasury Shares Number": "212.5"}}, "cf": {"TTM": {"Duration": "TTM", "Operating Cash Flow": "277,900", "Investing Cash Flow": "-25,900", "Financing Cash Flow": "-250,200", "End Cash Position": "62,500", "Income Tax Paid Supplemental Data": "-", "Interest Paid Supplemental Data": "62,000", "Capital Expenditure": "-26,000", "Issuance of Capital Stock": "-", "Issuance of Debt": "500,000", "Repayment of Debt": "-667,800", "Free Cash Flow": "251,900"}, "12/31/2020": {"Duration": "12/31/2020", "Operating Cash Flow": "277,900", "Investing Cash Flow": "-25,900", "Financing Cash Flow": "-250,200", "End Cash Position": "62,500", "Income Tax Paid Supplemental Data": "-", "Interest Paid Supplemental Data": "62,000", "Capital Expenditure": "-26,000", "Issuance of Capital Stock": "-", "Issuance of Debt": "500,000", "Repayment of Debt": "-667,800", "Free Cash Flow": "251,900"}, "12/31/2019": {"Duration": "12/31/2019", "Operating Cash Flow": "193,100", "Investing Cash Flow": "26,400", "Financing Cash Flow": "-183,800", "End Cash Position": "59,800", "Income Tax Paid Supplemental Data": "-", "Interest Paid Supplemental Data": "88,300", "Capital Expenditure": "-45,800", "Issuance of Capital Stock": "-", "Issuance of Debt": "8,400", "Repayment of Debt": "-190,900", "Free Cash Flow": "147,300"}, "12/31/2018": {"Duration": "12/31/2018", "Operating Cash Flow": "57,400", "Investing Cash Flow": "-200,200", "Financing Cash Flow": "92,900", "End Cash Position": "24,300", "Income Tax Paid Supplemental Data": "2,100", "Interest Paid Supplemental Data": "92,800", "Capital Expenditure": "-38,400", "Issuance of Capital Stock": "0", "Issuance of Debt": "4,500", "Repayment of Debt": "-66,100", "Free Cash Flow": "19,000"}}}}, {"GTLS": {"quote": {"05/12/2021": {"value": "148.74", "Market Cap": "5.406B", "Beta (5Y Monthly)": "1.84", "PE Ratio (TTM)": "17.20", "EPS (TTM)": "8.65", "Earnings Date": "Jul 21, 2021 - Jul 26, 2021", "Forward Dividend & Yield": "N/A (N/A)", "Ex-Dividend Date": "N/A", "1y Target Est": "162.83"}}, "fin": {"TTM": {"Duration": "TTM", "Total Revenue": "1,177,100", "Cost of Revenue": "845,000", "Gross Profit": "332,100", "Operating Expense": "223,900", "Operating Income": "108,200", "Net Non Operating Interest Income Expense": "-22,000", "Other Income Expense": "-1,000", "Pretax Income": "85,200", "Tax Provision": "14,900", "Net Income Common Stockholders": "308,100", "Diluted NI Available to Com Stockholders": "308,100", "Basic EPS": "-", "Diluted EPS": "-", "Basic Average Shares": "-", "Diluted Average Shares": "-", "Total Operating Income as Reported": "92,200", "Total Expenses": "1,068,900", "Net Income from Continuing & Discontinued Operation": "308,100", "Normalized Income": "67,910", "Interest Expense": "17,700", "Net Interest Income": "-22,000", "EBIT": "102,900", "EBITDA": "188,100", "Reconciled Cost of Revenue": "805,500", "Reconciled Depreciation": "85,200", "Net Income from Continuing Operation Net Minority Interest": "68,900", "Total Unusual Items Excluding Goodwill": "1,200", "Total Unusual Items": "1,200", "Normalized EBITDA": "186,900", "Tax Rate for Calcs": "0", "Tax Effect of Unusual Items": "210"}, "12/31/2020": {"Duration": "12/31/2020", "Total Revenue": "1,177,100", "Cost of Revenue": "845,000", "Gross Profit": "332,100", "Operating Expense": "223,900", "Operating Income": "108,200", "Net Non Operating Interest Income Expense": "-22,000", "Other Income Expense": "-1,000", "Pretax Income": "85,200", "Tax Provision": "14,900", "Net Income Common Stockholders": "308,100", "Diluted NI Available to Com Stockholders": "308,100", "Basic EPS": "8.71", "Diluted EPS": "8.45", "Basic Average Shares": "35,380", "Diluted Average Shares": "36,450", "Total Operating Income as Reported": "92,200", "Total Expenses": "1,068,900", "Net Income from Continuing & Discontinued Operation": "308,100", "Normalized Income": "67,910", "Interest Expense": "17,700", "Net Interest Income": "-22,000", "EBIT": "102,900", "EBITDA": "-", "Reconciled Cost of Revenue": "805,500", "Reconciled Depreciation": "85,200", "Net Income from Continuing Operation Net Minority Interest": "68,900", "Total Unusual Items Excluding Goodwill": "1,200", "Total Unusual Items": "1,200", "Normalized EBITDA": "186,900", "Tax Rate for Calcs": "0", "Tax Effect of Unusual Items": "210"}, "12/31/2019": {"Duration": "12/31/2019", "Total Revenue": "1,299,100", "Cost of Revenue": "962,300", "Gross Profit": "336,800", "Operating Expense": "255,900", "Operating Income": "80,900", "Net Non Operating Interest Income Expense": "-28,300", "Other Income Expense": "200", "Pretax Income": "52,800", "Tax Provision": "6,000", "Net Income Common Stockholders": "46,400", "Diluted NI Available to Com Stockholders": "46,400", "Basic EPS": "1.37", "Diluted EPS": "1.32", "Basic Average Shares": "33,910", "Diluted Average Shares": "35,170", "Total Operating Income as Reported": "80,900", "Total Expenses": "1,218,200", "Net Income from Continuing & Discontinued Operation": "46,400", "Normalized Income": "46,223", "Interest Expense": "25,300", "Net Interest Income": "-28,300", "EBIT": "78,100", "EBITDA": "-", "Reconciled Cost of Revenue": "923,300", "Reconciled Depreciation": "78,800", "Net Income from Continuing Operation Net Minority Interest": "46,400", "Total Unusual Items Excluding Goodwill": "200", "Total Unusual Items": "200", "Normalized EBITDA": "156,700", "Tax Rate for Calcs": "0", "Tax Effect of Unusual Items": "22.8"}, "12/31/2018": {"Duration": "12/31/2018", "Total Revenue": "1,084,300", "Cost of Revenue": "788,400", "Gross Profit": "295,900", "Operating Expense": "203,800", "Operating Income": "92,100", "Net Non Operating Interest Income Expense": "-22,700", "Other Income Expense": "-400", "Pretax Income": "69,000", "Tax Provision": "13,400", "Net Income Common Stockholders": "88,000", "Diluted NI Available to Com Stockholders": "88,000", "Basic EPS": "2.83", "Diluted EPS": "2.73", "Basic Average Shares": "31,050", "Diluted Average Shares": "32,200", "Total Operating Income as Reported": "92,100", "Total Expenses": "992,200", "Net Income from Continuing & Discontinued Operation": "88,000", "Normalized Income": "53,922", "Interest Expense": "21,400", "Net Interest Income": "-22,700", "EBIT": "90,400", "EBITDA": "-", "Reconciled Cost of Revenue": "759,500", "Reconciled Depreciation": "50,800", "Net Income from Continuing Operation Net Minority Interest": "53,600", "Total Unusual Items Excluding Goodwill": "-400", "Total Unusual Items": "-400", "Normalized EBITDA": "141,600", "Tax Rate for Calcs": "0", "Tax Effect of Unusual Items": "-77.6"}}, "bs": {"12/31/2020": {"Duration": "12/31/2020", "Total Assets": "2,570,500", "Total Liabilities Net Minority Interest": "991,200", "Total Equity Gross Minority Interest": "1,579,300", "Total Capitalization": "1,794,300", "Common Stock Equity": "1,572,700", "Capital Lease Obligations": "28,700", "Net Tangible Assets": "213,700", "Working Capital": "68,200", "Invested Capital": "2,015,200", "Tangible Book Value": "213,700", "Total Debt": "471,200", "Net Debt": "317,400", "Share Issued": "36,186", "Ordinary Shares Number": "35,425", "Treasury Shares Number": "760.782"}, "12/31/2019": {"Duration": "12/31/2019", "Total Assets": "2,481,400", "Total Liabilities Net Minority Interest": "1,249,000", "Total Equity Gross Minority Interest": "1,232,400", "Total Capitalization": "1,988,600", "Common Stock Equity": "1,227,600", "Capital Lease Obligations": "34,100", "Net Tangible Assets": "-146,400", "Working Capital": "295,300", "Invested Capital": "2,004,900", "Tangible Book Value": "-146,400", "Total Debt": "811,400", "Net Debt": "658,300", "Share Issued": "35,800", "Ordinary Shares Number": "35,800", "Treasury Shares Number": "-"}, "12/31/2018": {"Duration": "12/31/2018", "Total Assets": "1,897,700", "Total Liabilities Net Minority Interest": "1,008,700", "Total Equity Gross Minority Interest": "889,000", "Total Capitalization": "1,417,700", "Common Stock Equity": "884,500", "Capital Lease Obligations": "-", "Net Tangible Assets": "33,400", "Working Capital": "295,100", "Invested Capital": "1,428,900", "Tangible Book Value": "33,400", "Total Debt": "544,400", "Net Debt": "426,300", "Share Issued": "31,364", "Ordinary Shares Number": "31,364", "Treasury Shares Number": "-"}}, "cf": {"TTM": {"Duration": "TTM", "Operating Cash Flow": "172,700", "Investing Cash Flow": "185,000", "Financing Cash Flow": "-363,400", "End Cash Position": "126,100", "Capital Expenditure": "-37,900", "Issuance of Capital Stock": "0", "Issuance of Debt": "215,000", "Repayment of Debt": "-567,200", "Repurchase of Capital Stock": "-19,300", "Free Cash Flow": "134,800"}, "12/31/2020": {"Duration": "12/31/2020", "Operating Cash Flow": "172,700", "Investing Cash Flow": "185,000", "Financing Cash Flow": "-363,400", "End Cash Position": "126,100", "Capital Expenditure": "-37,900", "Issuance of Capital Stock": "0", "Issuance of Debt": "215,000", "Repayment of Debt": "-567,200", "Repurchase of Capital Stock": "-19,300", "Free Cash Flow": "134,800"}, "12/31/2019": {"Duration": "12/31/2019", "Operating Cash Flow": "133,900", "Investing Cash Flow": "-642,700", "Financing Cash Flow": "511,600", "End Cash Position": "120,000", "Capital Expenditure": "-36,200", "Issuance of Capital Stock": "295,800", "Issuance of Debt": "685,800", "Repayment of Debt": "-453,900", "Repurchase of Capital Stock": "-2,000", "Free Cash Flow": "97,700"}, "12/31/2018": {"Duration": "12/31/2018", "Operating Cash Flow": "88,800", "Investing Cash Flow": "-127,900", "Financing Cash Flow": "38,200", "End Cash Position": "119,100", "Capital Expenditure": "-35,600", "Issuance of Capital Stock": "-", "Issuance of Debt": "411,700", "Repayment of Debt": "-379,800", "Repurchase of Capital Stock": "-2,700", "Free Cash Flow": "53,200"}}}}, {"HIHO": {"quote": {"05/12/2021": {"value": "3.1500", "Market Cap": "12.511M", "Beta (5Y Monthly)": "0.27", "PE Ratio (TTM)": "19.21", "EPS (TTM)": "0.1640", "Earnings Date": "Feb 10, 2021", "Forward Dividend & Yield": "0.26 (7.81%)", "Ex-Dividend Date": "Feb 26, 2021", "1y Target Est": "N/A"}}, "fin": {"TTM": {"Duration": "TTM", "Total Revenue": "10,248", "Cost of Revenue": "6,577", "Gross Profit": "3,671", "Operating Expense": "2,882", "Operating Income": "789", "Net Non Operating Interest Income Expense": "38", "Other Income Expense": "-89", "Pretax Income": "738", "Tax Provision": "69", "Net Income Common Stockholders": "653", "Diluted NI Available to Com Stockholders": "653", "Basic EPS": "-", "Diluted EPS": "-", "Basic Average Shares": "-", "Diluted Average Shares": "-", "Total Operating Income as Reported": "789", "Total Expenses": "9,459", "Interest Income": "38", "Net Interest Income": "38", "Net Income from Continuing & Discontinued Operation": "653", "Normalized Income": "795.3211", "EBIT": "789", "EBITDA": "789", "Reconciled Cost of Revenue": "6,577", "Reconciled Depreciation": "-", "Net Income from Continuing Operation Net Minority Interest": "653", "Total Unusual Items Excluding Goodwill": "-157", "Total Unusual Items": "-157", "Normalized EBITDA": "946", "Tax Rate for Calcs": "0", "Tax Effect of Unusual Items": "-14.6789"}, "3/31/2020": {"Duration": "3/31/2020", "Total Revenue": "12,558", "Cost of Revenue": "8,405", "Gross Profit": "4,153", "Operating Expense": "3,406", "Operating Income": "747", "Net Non Operating Interest Income Expense": "65", "Other Income Expense": "84", "Pretax Income": "896", "Tax Provision": "209", "Net Income Common Stockholders": "686", "Diluted NI Available to Com Stockholders": "686", "Basic EPS": "0.18", "Diluted EPS": "0.18", "Basic Average Shares": "3,910", "Diluted Average Shares": "3,910", "Total Operating Income as Reported": "747", "Total Expenses": "11,811", "Interest Income": "65", "Net Interest Income": "65", "Net Income from Continuing & Discontinued Operation": "686", "Normalized Income": "668.359", "EBIT": "747", "EBITDA": "-", "Reconciled Cost of Revenue": "8,405", "Reconciled Depreciation": "1,219", "Net Income from Continuing Operation Net Minority Interest": "686", "Total Unusual Items Excluding Goodwill": "23", "Total Unusual Items": "23", "Normalized EBITDA": "1,943", "Tax Rate for Calcs": "0", "Tax Effect of Unusual Items": "5.359"}, "3/31/2019": {"Duration": "3/31/2019", "Total Revenue": "14,277", "Cost of Revenue": "10,697", "Gross Profit": "3,580", "Operating Expense": "4,335", "Operating Income": "-755", "Net Non Operating Interest Income Expense": "33", "Other Income Expense": "28", "Pretax Income": "-694", "Tax Provision": "-26", "Net Income Common Stockholders": "-630", "Diluted NI Available to Com Stockholders": "-630", "Basic EPS": "-0.17", "Diluted EPS": "-0.17", "Basic Average Shares": "3,802", "Diluted Average Shares": "3,802", "Total Operating Income as Reported": "-755", "Total Expenses": "15,032", "Interest Income": "33", "Net Interest Income": "33", "Net Income from Continuing & Discontinued Operation": "-630", "Normalized Income": "-649.2507", "EBIT": "-755", "EBITDA": "-", "Reconciled Cost of Revenue": "10,697", "Reconciled Depreciation": "261", "Net Income from Continuing Operation Net Minority Interest": "-630", "Total Unusual Items Excluding Goodwill": "20", "Total Unusual Items": "20", "Normalized EBITDA": "-514", "Tax Rate for Calcs": "0", "Tax Effect of Unusual Items": "0.7493"}}, "bs": {"3/31/2020": {"Duration": "3/31/2020", "Total Assets": "18,169", "Total Liabilities Net Minority Interest": "7,251", "Total Equity Gross Minority Interest": "10,918", "Total Capitalization": "10,908", "Common Stock Equity": "10,908", "Capital Lease Obligations": "2,816", "Net Tangible Assets": "10,908", "Working Capital": "8,235", "Invested Capital": "10,908", "Tangible Book Value": "10,908", "Total Debt": "2,816", "Share Issued": "3,972", "Ordinary Shares Number": "3,972", "Treasury Shares Number": "0"}, "3/31/2019": {"Duration": "3/31/2019", "Total Assets": "15,250", "Total Liabilities Net Minority Interest": "5,113", "Total Equity Gross Minority Interest": "10,137", "Total Capitalization": "10,126", "Common Stock Equity": "10,126", "Capital Lease Obligations": "-", "Net Tangible Assets": "10,126", "Working Capital": "8,271", "Invested Capital": "10,126", "Tangible Book Value": "10,126", "Total Debt": "-", "Share Issued": "3,807", "Ordinary Shares Number": "3,802", "Treasury Shares Number": "5.049"}}, "cf": {"TTM": {"Duration": "TTM", "Operating Cash Flow": "-", "Investing Cash Flow": "-", "Financing Cash Flow": "-", "End Cash Position": "-", "Income Tax Paid Supplemental Data": "-", "Capital Expenditure": "-", "Free Cash Flow": "-"}, "3/31/2020": {"Duration": "3/31/2020", "Operating Cash Flow": "442", "Investing Cash Flow": "-64", "Financing Cash Flow": "-297", "End Cash Position": "8,827", "Income Tax Paid Supplemental Data": "10", "Capital Expenditure": "-91", "Free Cash Flow": "351"}, "3/31/2019": {"Duration": "3/31/2019", "Operating Cash Flow": "-437", "Investing Cash Flow": "-736", "Financing Cash Flow": "-1,244", "End Cash Position": "8,827", "Income Tax Paid Supplemental Data": "144", "Capital Expenditure": "-695", "Free Cash Flow": "-1,132"}}}}, {"HAYN": {"quote": {"05/12/2021": {"value": "32.94", "Market Cap": "417.966M", "Beta (5Y Monthly)": "1.48", "PE Ratio (TTM)": "N/A", "EPS (TTM)": "-2.05", "Earnings Date": "Jul 28, 2021 - Aug 02, 2021", "Forward Dividend & Yield": "0.88 (2.67%)", "Ex-Dividend Date": "May 28, 2021", "1y Target Est": "42.00"}}, "fin": {"TTM": {"Duration": "TTM", "Total Revenue": "344,254", "Cost of Revenue": "317,378", "Gross Profit": "26,876", "Operating Expense": "42,151", "Operating Income": "-15,275", "Net Non Operating Interest Income Expense": "-1,351", "Other Income Expense": "-5,481", "Pretax Income": "-22,107", "Tax Provision": "-4,334", "Net Income Common Stockholders": "-17,876", "Diluted NI Available to Com Stockholders": "-17,876", "Basic EPS": "-", "Diluted EPS": "-", "Basic Average Shares": "-", "Diluted Average Shares": "-", "Total Operating Income as Reported": "-15,275", "Total Expenses": "359,529", "Interest Income": "34", "Interest Expense": "1,385", "Net Interest Income": "-1,351", "Net Income from Continuing & Discontinued Operation": "-17,773", "Normalized Income": "-17,773", "EBIT": "-20,722", "EBITDA": "-952", "Reconciled Cost of Revenue": "317,378", "Reconciled Depreciation": "19,770", "Net Income from Continuing Operation Net Minority Interest": "-17,773", "Normalized EBITDA": "-952", "Tax Rate for Calcs": "0", "Tax Effect of Unusual Items": "0"}, "9/30/2020": {"Duration": "9/30/2020", "Total Revenue": "380,530", "Cost of Revenue": "335,898", "Gross Profit": "44,632", "Operating Expense": "44,020", "Operating Income": "612", "Net Non Operating Interest Income Expense": "-1,288", "Other Income Expense": "-6,822", "Pretax Income": "-7,498", "Tax Provision": "-1,020", "Net Income Common Stockholders": "-6,565", "Diluted NI Available to Com Stockholders": "-6,565", "Basic EPS": "-0.53", "Diluted EPS": "-0.53", "Basic Average Shares": "12,471", "Diluted Average Shares": "12,471", "Total Operating Income as Reported": "612", "Total Expenses": "379,918", "Interest Income": "44", "Interest Expense": "1,332", "Net Interest Income": "-1,288", "Net Income from Continuing & Discontinued Operation": "-6,478", "Normalized Income": "-6,478", "EBIT": "-6,166", "EBITDA": "-", "Reconciled Cost of Revenue": "335,898", "Reconciled Depreciation": "19,650", "Net Income from Continuing Operation Net Minority Interest": "-6,478", "Normalized EBITDA": "13,484", "Tax Rate for Calcs": "0", "Tax Effect of Unusual Items": "0"}, "9/30/2019": {"Duration": "9/30/2019", "Total Revenue": "490,215", "Cost of Revenue": "424,712", "Gross Profit": "65,503", "Operating Expense": "47,787", "Operating Income": "17,716", "Net Non Operating Interest Income Expense": "-900", "Other Income Expense": "-3,446", "Pretax Income": "13,370", "Tax Provision": "3,625", "Net Income Common Stockholders": "9,695", "Diluted NI Available to Com Stockholders": "9,695", "Basic EPS": "0.78", "Diluted EPS": "0.78", "Basic Average Shares": "12,445", "Diluted Average Shares": "12,481", "Total Operating Income as Reported": "17,716", "Total Expenses": "472,499", "Interest Income": "86", "Interest Expense": "986", "Net Interest Income": "-900", "Net Income from Continuing & Discontinued Operation": "9,745", "Normalized Income": "9,745", "EBIT": "14,356", "EBITDA": "-", "Reconciled Cost of Revenue": "424,712", "Reconciled Depreciation": "19,126", "Net Income from Continuing Operation Net Minority Interest": "9,745", "Normalized EBITDA": "33,482", "Tax Rate for Calcs": "0", "Tax Effect of Unusual Items": "0"}, "9/30/2018": {"Duration": "9/30/2018", "Total Revenue": "435,326", "Cost of Revenue": "387,648", "Gross Profit": "47,678", "Operating Expense": "50,896", "Operating Income": "-3,218", "Net Non Operating Interest Income Expense": "-836", "Other Income Expense": "-", "Pretax Income": "-4,054", "Tax Provision": "17,697", "Net Income Common Stockholders": "-21,845", "Diluted NI Available to Com Stockholders": "-21,845", "Basic EPS": "-1.75", "Diluted EPS": "-1.75", "Basic Average Shares": "12,420", "Diluted Average Shares": "12,420", "Total Operating Income as Reported": "-3,218", "Total Expenses": "438,544", "Interest Income": "82", "Interest Expense": "918", "Net Interest Income": "-836", "Net Income from Continuing & Discontinued Operation": "-21,751", "Normalized Income": "-21,751", "EBIT": "-3,136", "EBITDA": "-", "Reconciled Cost of Revenue": "387,648", "Reconciled Depreciation": "23,154", "Net Income from Continuing Operation Net Minority Interest": "-21,751", "Normalized EBITDA": "20,018", "Tax Rate for Calcs": "0", "Tax Effect of Unusual Items": "0"}}, "bs": {"9/30/2020": {"Duration": "9/30/2020", "Total Assets": "560,724", "Total Liabilities Net Minority Interest": "259,223", "Total Equity Gross Minority Interest": "301,501", "Total Capitalization": "301,501", "Common Stock Equity": "301,501", "Capital Lease Obligations": "10,423", "Net Tangible Assets": "291,656", "Working Capital": "313,320", "Invested Capital": "301,501", "Tangible Book Value": "291,656", "Total Debt": "10,423", "Share Issued": "12,681", "Ordinary Shares Number": "12,622", "Treasury Shares Number": "58.909"}, "9/30/2019": {"Duration": "9/30/2019", "Total Assets": "593,800", "Total Liabilities Net Minority Interest": "297,525", "Total Equity Gross Minority Interest": "296,275", "Total Capitalization": "296,275", "Common Stock Equity": "296,275", "Capital Lease Obligations": "8,779", "Net Tangible Assets": "286,202", "Working Capital": "311,793", "Invested Capital": "296,275", "Tangible Book Value": "286,202", "Total Debt": "8,779", "Share Issued": "12,567", "Ordinary Shares Number": "12,514", "Treasury Shares Number": "53.469"}, "9/30/2018": {"Duration": "9/30/2018", "Total Assets": "588,694", "Total Liabilities Net Minority Interest": "255,474", "Total Equity Gross Minority Interest": "333,220", "Total Capitalization": "333,220", "Common Stock Equity": "333,220", "Capital Lease Obligations": "8,590", "Net Tangible Assets": "322,892", "Working Capital": "304,151", "Invested Capital": "333,220", "Tangible Book Value": "322,892", "Total Debt": "8,590", "Share Issued": "12,547", "Ordinary Shares Number": "12,504", "Treasury Shares Number": "42.113"}}, "cf": {"TTM": {"Duration": "TTM", "Operating Cash Flow": "47,622", "Investing Cash Flow": "-8,205", "Financing Cash Flow": "-12,635", "End Cash Position": "60,401", "Income Tax Paid Supplemental Data": "-", "Interest Paid Supplemental Data": "1,229", "Capital Expenditure": "-8,205", "Issuance of Debt": "30,000", "Repayment of Debt": "0", "Repurchase of Capital Stock": "-238", "Free Cash Flow": "39,417"}, "9/30/2020": {"Duration": "9/30/2020", "Operating Cash Flow": "36,197", "Investing Cash Flow": "-9,374", "Financing Cash Flow": "-11,131", "End Cash Position": "47,238", "Income Tax Paid Supplemental Data": "2,255", "Interest Paid Supplemental Data": "1,242", "Capital Expenditure": "-9,374", "Issuance of Debt": "30,000", "Repayment of Debt": "-30,000", "Repurchase of Capital Stock": "-198", "Free Cash Flow": "26,823"}, "9/30/2019": {"Duration": "9/30/2019", "Operating Cash Flow": "43,047", "Investing Cash Flow": "-10,041", "Financing Cash Flow": "-11,316", "End Cash Position": "31,038", "Income Tax Paid Supplemental Data": "-", "Interest Paid Supplemental Data": "928", "Capital Expenditure": "-10,041", "Issuance of Debt": "16,600", "Repayment of Debt": "-16,600", "Repurchase of Capital Stock": "-370", "Free Cash Flow": "33,006"}, "9/30/2018": {"Duration": "9/30/2018", "Operating Cash Flow": "-13,737", "Investing Cash Flow": "-11,085", "Financing Cash Flow": "-11,494", "End Cash Position": "9,802", "Income Tax Paid Supplemental Data": "-1,965", "Interest Paid Supplemental Data": "-860", "Capital Expenditure": "-11,085", "Issuance of Debt": "4,200", "Repayment of Debt": "-4,200", "Repurchase of Capital Stock": "-223", "Free Cash Flow": "-24,822"}}}}, {"VMI": {"quote": {"05/12/2021": {"value": "259.82", "Market Cap": "5.521B", "Beta (5Y Monthly)": "1.20", "PE Ratio (TTM)": "36.34", "EPS (TTM)": "7.15", "Earnings Date": "Jul 20, 2021 - Jul 26, 2021", "Forward Dividend & Yield": "2.00 (0.77%)", "Ex-Dividend Date": "Mar 25, 2021", "1y Target Est": "249.00"}}, "fin": {"TTM": {"Duration": "TTM", "Total Revenue": "2,996,041", "Cost of Revenue": "2,212,222", "Gross Profit": "783,819", "Operating Expense": "530,912", "Operating Income": "252,907", "Net Non Operating Interest Income Expense": "-39,418", "Other Income Expense": "-7,284", "Pretax Income": "206,205", "Tax Provision": "50,631", "Earnings from Equity Interest Net of Tax": "-1,145", "Net Income Common Stockholders": "152,778", "Diluted NI Available to Com Stockholders": "152,778", "Basic EPS": "-", "Diluted EPS": "-", "Basic Average Shares": "-", "Diluted Average Shares": "-", "Total Operating Income as Reported": "236,269", "Total Expenses": "2,743,134", "Net Income from Continuing & Discontinued Operation": "152,778", "Normalized Income": "161,829", "Interest Income": "1,642", "Interest Expense": "41,060", "Net Interest Income": "-39,418", "EBIT": "247,265", "EBITDA": "330,845", "Reconciled Cost of Revenue": "2,212,222", "Reconciled Depreciation": "83,580", "Net Income from Continuing Operation Net Minority Interest": "152,778", "Total Unusual Items Excluding Goodwill": "-11,996", "Total Unusual Items": "-11,996", "Normalized EBITDA": "342,841", "Tax Rate for Calcs": "0", "Tax Effect of Unusual Items": "-2,945"}, "12/31/2020": {"Duration": "12/31/2020", "Total Revenue": "2,895,355", "Cost of Revenue": "2,129,841", "Gross Profit": "765,514", "Operating Expense": "522,923", "Operating Income": "242,591", "Net Non Operating Interest Income Expense": "-38,701", "Other Income Expense": "-11,122", "Pretax Income": "192,768", "Tax Provision": "49,615", "Earnings from Equity Interest Net of Tax": "-1,004", "Net Income Common Stockholders": "140,693", "Diluted NI Available to Com Stockholders": "140,693", "Basic EPS": "6.60", "Diluted EPS": "6.57", "Basic Average Shares": "21,315", "Diluted Average Shares": "21,425", "Total Operating Income as Reported": "225,953", "Total Expenses": "2,652,764", "Net Income from Continuing & Discontinued Operation": "140,693", "Normalized Income": "151,240", "Interest Income": "2,374", "Interest Expense": "41,075", "Net Interest Income": "-38,701", "EBIT": "233,843", "EBITDA": "-", "Reconciled Cost of Revenue": "2,129,841", "Reconciled Depreciation": "82,892", "Net Income from Continuing Operation Net Minority Interest": "140,693", "Total Unusual Items Excluding Goodwill": "-14,195", "Total Unusual Items": "-14,195", "Normalized EBITDA": "330,930", "Tax Rate for Calcs": "0", "Tax Effect of Unusual Items": "-3,648"}, "12/31/2019": {"Duration": "12/31/2019", "Total Revenue": "2,766,976", "Cost of Revenue": "2,074,480", "Gross Profit": "692,496", "Operating Expense": "454,776", "Operating Income": "237,720", "Net Non Operating Interest Income Expense": "-36,211", "Other Income Expense": "8,164", "Pretax Income": "209,673", "Tax Provision": "50,207", "Earnings from Equity Interest Net of Tax": "-", "Net Income Common Stockholders": "153,769", "Diluted NI Available to Com Stockholders": "153,769", "Basic EPS": "7.10", "Diluted EPS": "7.06", "Basic Average Shares": "21,659", "Diluted Average Shares": "21,769", "Total Operating Income as Reported": "237,720", "Total Expenses": "2,529,256", "Net Income from Continuing & Discontinued Operation": "153,769", "Normalized Income": "149,239", "Interest Income": "3,942", "Interest Expense": "40,153", "Net Interest Income": "-36,211", "EBIT": "249,826", "EBITDA": "-", "Reconciled Cost of Revenue": "2,074,480", "Reconciled Depreciation": "82,264", "Net Income from Continuing Operation Net Minority Interest": "153,769", "Total Unusual Items Excluding Goodwill": "5,960", "Total Unusual Items": "5,960", "Normalized EBITDA": "326,130", "Tax Rate for Calcs": "0", "Tax Effect of Unusual Items": "1,430"}, "12/31/2018": {"Duration": "12/31/2018", "Total Revenue": "2,757,144", "Cost of Revenue": "2,098,864", "Gross Profit": "658,280", "Operating Expense": "440,220", "Operating Income": "218,060", "Net Non Operating Interest Income Expense": "-54,389", "Other Income Expense": "-20,230", "Pretax Income": "143,441", "Tax Provision": "43,135", "Earnings from Equity Interest Net of Tax": "-", "Net Income Common Stockholders": "94,351", "Diluted NI Available to Com Stockholders": "94,351", "Basic EPS": "4.23", "Diluted EPS": "4.20", "Basic Average Shares": "22,306", "Diluted Average Shares": "22,446", "Total Operating Income as Reported": "202,280", "Total Expenses": "2,539,084", "Net Income from Continuing & Discontinued Operation": "94,351", "Normalized Income": "109,634", "Interest Income": "4,668", "Interest Expense": "44,237", "Net Interest Income": "-54,389", "EBIT": "187,678", "EBITDA": "-", "Reconciled Cost of Revenue": "2,098,864", "Reconciled Depreciation": "82,827", "Net Income from Continuing Operation Net Minority Interest": "94,351", "Total Unusual Items Excluding Goodwill": "-21,864", "Total Unusual Items": "-21,864", "Normalized EBITDA": "292,369", "Tax Rate for Calcs": "0", "Tax Effect of Unusual Items": "-6,581"}}, "bs": {"12/31/2020": {"Duration": "12/31/2020", "Total Assets": "2,953,160", "Total Liabilities Net Minority Interest": "1,745,324", "Total Equity Gross Minority Interest": "1,207,836", "Total Capitalization": "1,910,493", "Common Stock Equity": "1,182,062", "Capital Lease Obligations": "80,202", "Net Tangible Assets": "584,547", "Working Capital": "881,322", "Invested Capital": "1,948,388", "Tangible Book Value": "584,547", "Total Debt": "846,528", "Net Debt": "365,600", "Share Issued": "27,900", "Ordinary Shares Number": "21,225", "Treasury Shares Number": "6,675"}, "12/31/2019": {"Duration": "12/31/2019", "Total Assets": "2,763,411", "Total Liabilities Net Minority Interest": "1,606,520", "Total Equity Gross Minority Interest": "1,156,891", "Total Capitalization": "1,876,428", "Common Stock Equity": "1,111,484", "Capital Lease Obligations": "85,817", "Net Tangible Assets": "506,878", "Working Capital": "874,640", "Invested Capital": "1,898,962", "Tangible Book Value": "506,878", "Total Debt": "873,295", "Net Debt": "433,936", "Share Issued": "27,900", "Ordinary Shares Number": "21,544", "Treasury Shares Number": "6,356"}, "12/31/2018": {"Duration": "12/31/2018", "Total Assets": "2,530,274", "Total Liabilities Net Minority Interest": "1,394,751", "Total Equity Gross Minority Interest": "1,135,523", "Total Capitalization": "1,801,584", "Common Stock Equity": "1,059,762", "Capital Lease Obligations": "-", "Net Tangible Assets": "498,599", "Working Capital": "931,605", "Invested Capital": "1,813,041", "Tangible Book Value": "498,599", "Total Debt": "753,279", "Net Debt": "440,069", "Share Issued": "27,900", "Ordinary Shares Number": "21,948", "Treasury Shares Number": "5,952"}}, "cf": {"TTM": {"Duration": "TTM", "Operating Cash Flow": "287,095", "Investing Cash Flow": "-100,201", "Financing Cash Flow": "-105,397", "End Cash Position": "376,142", "Income Tax Paid Supplemental Data": "-", "Interest Paid Supplemental Data": "-", "Capital Expenditure": "-110,685", "Issuance of Debt": "100,292", "Repayment of Debt": "-124,942", "Repurchase of Capital Stock": "-47,141", "Free Cash Flow": "176,410"}, "12/31/2020": {"Duration": "12/31/2020", "Operating Cash Flow": "316,294", "Investing Cash Flow": "-104,029", "Financing Cash Flow": "-173,756", "End Cash Position": "400,726", "Income Tax Paid Supplemental Data": "-", "Interest Paid Supplemental Data": "-", "Capital Expenditure": "-106,700", "Issuance of Debt": "109,862", "Repayment of Debt": "-129,611", "Repurchase of Capital Stock": "-56,491", "Free Cash Flow": "209,594"}, "12/31/2019": {"Duration": "12/31/2019", "Operating Cash Flow": "307,614", "Investing Cash Flow": "-168,150", "Financing Cash Flow": "-98,950", "End Cash Position": "353,542", "Income Tax Paid Supplemental Data": "-", "Interest Paid Supplemental Data": "-", "Capital Expenditure": "-97,425", "Issuance of Debt": "31,000", "Repayment of Debt": "-10,768", "Repurchase of Capital Stock": "-62,915", "Free Cash Flow": "210,189"}, "12/31/2018": {"Duration": "12/31/2018", "Operating Cash Flow": "153,008", "Investing Cash Flow": "-155,445", "Financing Cash Flow": "-162,110", "End Cash Position": "313,210", "Income Tax Paid Supplemental Data": "47,355", "Interest Paid Supplemental Data": "43,305", "Capital Expenditure": "-71,985", "Issuance of Debt": "251,655", "Repayment of Debt": "-262,191", "Repurchase of Capital Stock": "-114,805", "Free Cash Flow": "81,023"}}}}, {"MLI": {"quote": {"05/12/2021": {"value": "46.19", "Market Cap": "2.684B", "Beta (5Y Monthly)": "1.20", "PE Ratio (TTM)": "15.34", "EPS (TTM)": "3.01", "Earnings Date": "Jul 19, 2021 - Jul 23, 2021", "Forward Dividend & Yield": "0.52 (1.13%)", "Ex-Dividend Date": "Mar 18, 2021", "1y Target Est": "75.00"}}, "fin": {"TTM": {"Duration": "TTM", "Total Revenue": "2,613,272", "Cost of Revenue": "2,125,864", "Gross Profit": "487,408", "Operating Expense": "212,179", "Operating Income": "275,229", "Net Non Operating Interest Income Expense": "-17,236", "Other Income Expense": "-14,366", "Pretax Income": "243,627", "Tax Provision": "62,938", "Earnings from Equity Interest Net of Tax": "-5,753", "Net Income Common Stockholders": "170,185", "Diluted NI Available to Com Stockholders": "170,185", "Basic EPS": "-", "Diluted EPS": "-", "Basic Average Shares": "-", "Diluted Average Shares": "-", "Total Operating Income as Reported": "279,067", "Total Expenses": "2,338,043", "Interest Income": "-", "Interest Expense": "18,337", "Net Interest Income": "-17,236", "Net Income from Continuing & Discontinued Operation": "170,185", "Normalized Income": "183,869", "EBIT": "261,964", "EBITDA": "307,523", "Reconciled Cost of Revenue": "2,125,924", "Reconciled Depreciation": "45,499", "Net Income from Continuing Operation Net Minority Interest": "170,185", "Total Unusual Items Excluding Goodwill": "-18,451", "Total Unusual Items": "-18,451", "Normalized EBITDA": "325,974", "Tax Rate for Calcs": "0", "Tax Effect of Unusual Items": "-4,767"}, "12/31/2020": {"Duration": "12/31/2020", "Total Revenue": "2,398,043", "Cost of Revenue": "1,966,161", "Gross Profit": "431,882", "Operating Expense": "208,780", "Operating Income": "223,102", "Net Non Operating Interest Income Expense": "-18,146", "Other Income Expense": "4,233", "Pretax Income": "209,189", "Tax Provision": "55,321", "Earnings from Equity Interest Net of Tax": "-10,219", "Net Income Common Stockholders": "139,493", "Diluted NI Available to Com Stockholders": "139,493", "Basic EPS": "2.50", "Diluted EPS": "2.47", "Basic Average Shares": "55,821", "Diluted Average Shares": "56,390", "Total Operating Income as Reported": "245,838", "Total Expenses": "2,174,941", "Interest Income": "1,101", "Interest Expense": "19,247", "Net Interest Income": "-18,146", "Net Income from Continuing & Discontinued Operation": "139,493", "Normalized Income": "139,164", "EBIT": "228,436", "EBITDA": "-", "Reconciled Cost of Revenue": "1,966,161", "Reconciled Depreciation": "44,843", "Net Income from Continuing Operation Net Minority Interest": "139,493", "Total Unusual Items Excluding Goodwill": "447", "Total Unusual Items": "447", "Normalized EBITDA": "272,832", "Tax Rate for Calcs": "0", "Tax Effect of Unusual Items": "118.008"}, "12/31/2019": {"Duration": "12/31/2019", "Total Revenue": "2,430,616", "Cost of Revenue": "2,035,610", "Gross Profit": "395,006", "Operating Expense": "206,372", "Operating Income": "188,634", "Net Non Operating Interest Income Expense": "-24,961", "Other Income Expense": "2,410", "Pretax Income": "166,083", "Tax Provision": "35,257", "Earnings from Equity Interest Net of Tax": "-24,594", "Net Income Common Stockholders": "100,972", "Diluted NI Available to Com Stockholders": "100,972", "Basic EPS": "1.81", "Diluted EPS": "1.79", "Basic Average Shares": "55,798", "Diluted Average Shares": "56,343", "Total Operating Income as Reported": "191,403", "Total Expenses": "2,241,982", "Interest Income": "722", "Interest Expense": "25,683", "Net Interest Income": "-24,961", "Net Income from Continuing & Discontinued Operation": "100,972", "Normalized Income": "99,831", "EBIT": "191,766", "EBITDA": "-", "Reconciled Cost of Revenue": "2,035,610", "Reconciled Depreciation": "42,693", "Net Income from Continuing Operation Net Minority Interest": "100,972", "Total Unusual Items Excluding Goodwill": "1,448", "Total Unusual Items": "1,448", "Normalized EBITDA": "233,011", "Tax Rate for Calcs": "0", "Tax Effect of Unusual Items": "306.976"}, "12/31/2018": {"Duration": "12/31/2018", "Total Revenue": "2,507,878", "Cost of Revenue": "2,150,400", "Gross Profit": "357,478", "Operating Expense": "189,763", "Operating Income": "167,715", "Net Non Operating Interest Income Expense": "-24,575", "Other Income Expense": "7,277", "Pretax Income": "150,417", "Tax Provision": "30,952", "Earnings from Equity Interest Net of Tax": "-12,645", "Net Income Common Stockholders": "104,459", "Diluted NI Available to Com Stockholders": "104,459", "Basic EPS": "1.84", "Diluted EPS": "1.82", "Basic Average Shares": "56,782", "Diluted Average Shares": "57,269", "Total Operating Income as Reported": "172,969", "Total Expenses": "2,340,163", "Interest Income": "624", "Interest Expense": "25,199", "Net Interest Income": "-24,575", "Net Income from Continuing & Discontinued Operation": "104,459", "Normalized Income": "101,335", "EBIT": "175,616", "EBITDA": "-", "Reconciled Cost of Revenue": "2,150,400", "Reconciled Depreciation": "39,555", "Net Income from Continuing Operation Net Minority Interest": "104,459", "Total Unusual Items Excluding Goodwill": "3,934", "Total Unusual Items": "3,934", "Normalized EBITDA": "211,237", "Tax Rate for Calcs": "0", "Tax Effect of Unusual Items": "810.404"}}, "bs": {"12/31/2020": {"Duration": "12/31/2020", "Total Assets": "1,528,568", "Total Liabilities Net Minority Interest": "727,508", "Total Equity Gross Minority Interest": "801,060", "Total Capitalization": "1,063,338", "Common Stock Equity": "776,745", "Capital Lease Obligations": "27,861", "Net Tangible Assets": "531,774", "Working Capital": "485,718", "Invested Capital": "1,104,621", "Tangible Book Value": "531,774", "Total Debt": "355,737", "Net Debt": "208,801", "Share Issued": "80,183", "Ordinary Shares Number": "57,087", "Treasury Shares Number": "23,096"}, "12/31/2019": {"Duration": "12/31/2019", "Total Assets": "1,370,940", "Total Liabilities Net Minority Interest": "708,804", "Total Equity Gross Minority Interest": "662,136", "Total Capitalization": "1,022,192", "Common Stock Equity": "643,468", "Capital Lease Obligations": "27,638", "Net Tangible Assets": "430,110", "Working Capital": "459,485", "Invested Capital": "1,029,722", "Tangible Book Value": "430,110", "Total Debt": "413,892", "Net Debt": "288,310", "Share Issued": "80,183", "Ordinary Shares Number": "56,949", "Treasury Shares Number": "23,234"}, "12/31/2018": {"Duration": "12/31/2018", "Total Assets": "1,369,549", "Total Liabilities Net Minority Interest": "806,289", "Total Equity Gross Minority Interest": "563,260", "Total Capitalization": "1,037,953", "Common Stock Equity": "548,356", "Capital Lease Obligations": "-", "Net Tangible Assets": "336,050", "Working Capital": "469,817", "Invested Capital": "1,045,054", "Tangible Book Value": "336,050", "Total Debt": "496,698", "Net Debt": "424,082", "Share Issued": "80,183", "Ordinary Shares Number": "56,703", "Treasury Shares Number": "23,480"}}, "cf": {"TTM": {"Duration": "TTM", "Operating Cash Flow": "194,441", "Investing Cash Flow": "-114,647", "Financing Cash Flow": "-111,793", "End Cash Position": "139,965", "Capital Expenditure": "-36,018", "Issuance of Debt": "179,894", "Repayment of Debt": "-261,873", "Repurchase of Capital Stock": "0", "Free Cash Flow": "158,423"}, "12/31/2020": {"Duration": "12/31/2020", "Operating Cash Flow": "245,073", "Investing Cash Flow": "-125,622", "Financing Cash Flow": "-92,264", "End Cash Position": "127,376", "Capital Expenditure": "-43,885", "Issuance of Debt": "190,038", "Repayment of Debt": "-247,157", "Repurchase of Capital Stock": "-5,574", "Free Cash Flow": "201,188"}, "12/31/2019": {"Duration": "12/31/2019", "Operating Cash Flow": "200,544", "Investing Cash Flow": "-40,457", "Financing Cash Flow": "-139,694", "End Cash Position": "98,042", "Capital Expenditure": "-31,162", "Issuance of Debt": "100,658", "Repayment of Debt": "-211,023", "Repurchase of Capital Stock": "-1,763", "Free Cash Flow": "169,382"}, "12/31/2018": {"Duration": "12/31/2018", "Operating Cash Flow": "167,892", "Investing Cash Flow": "-187,096", "Financing Cash Flow": "-28,269", "End Cash Position": "77,138", "Capital Expenditure": "-38,481", "Issuance of Debt": "204,233", "Repayment of Debt": "-174,917", "Repurchase of Capital Stock": "-33,562", "Free Cash Flow": "129,411"}}}}, {"TS": {"quote": {"05/12/2021": {"value": "23.38", "Market Cap": "13.701B", "Beta (5Y Monthly)": "1.87", "PE Ratio (TTM)": "104.37", "EPS (TTM)": "0.22", "Earnings Date": "N/A", "Forward Dividend & Yield": "0.42 (1.80%)", "Ex-Dividend Date": "May 24, 2021", "1y Target Est": "23.81"}}, "fin": {"TTM": {"Duration": "TTM", "Total Revenue": "5,146,734", "Cost of Revenue": "4,087,317", "Gross Profit": "1,059,417", "Operating Expense": "1,092,598", "Operating Income": "-33,181", "Net Non Operating Interest Income Expense": "-6,979", "Other Income Expense": "-578,705", "Pretax Income": "-619,267", "Tax Provision": "23,150", "Net Income Common Stockholders": "-634,418", "Diluted NI Available to Com Stockholders": "-634,418", "Basic EPS": "-", "Diluted EPS": "-", "Basic Average Shares": "-", "Diluted Average Shares": "-", "Total Operating Income as Reported": "-663,071", "Total Expenses": "5,179,915", "Interest Income": "21,625", "Interest Expense": "27,014", "Net Interest Income": "-6,979", "Net Income from Continuing & Discontinued Operation": "-634,418", "Normalized Income": "-107,734", "EBIT": "-592,253", "EBITDA": "86,553", "Reconciled Cost of Revenue": "3,535,344", "Reconciled Depreciation": "678,806", "Net Income from Continuing Operation Net Minority Interest": "-634,418", "Total Unusual Items Excluding Goodwill": "-693,005", "Total Unusual Items": "-693,005", "Normalized EBITDA": "779,558", "Tax Rate for Calcs": "0", "Tax Effect of Unusual Items": "-166,321"}, "12/31/2020": {"Duration": "12/31/2020", "Total Revenue": "5,146,734", "Cost of Revenue": "4,087,317", "Gross Profit": "1,059,417", "Operating Expense": "1,092,598", "Operating Income": "-33,181", "Net Non Operating Interest Income Expense": "-6,979", "Other Income Expense": "-578,705", "Pretax Income": "-619,267", "Tax Provision": "23,150", "Net Income Common Stockholders": "-634,418", "Diluted NI Available to Com Stockholders": "-634,418", "Basic EPS": "-", "Diluted EPS": "-", "Basic Average Shares": "-", "Diluted Average Shares": "-", "Total Operating Income as Reported": "-663,071", "Total Expenses": "5,179,915", "Interest Income": "21,625", "Interest Expense": "27,014", "Net Interest Income": "-6,979", "Net Income from Continuing & Discontinued Operation": "-634,418", "Normalized Income": "-107,734", "EBIT": "-592,253", "EBITDA": "-", "Reconciled Cost of Revenue": "3,535,344", "Reconciled Depreciation": "678,806", "Net Income from Continuing Operation Net Minority Interest": "-634,418", "Total Unusual Items Excluding Goodwill": "-693,005", "Total Unusual Items": "-693,005", "Normalized EBITDA": "779,558", "Tax Rate for Calcs": "0", "Tax Effect of Unusual Items": "-166,321"}, "12/31/2019": {"Duration": "12/31/2019", "Total Revenue": "7,294,055", "Cost of Revenue": "5,107,495", "Gross Profit": "2,186,560", "Operating Expense": "1,348,059", "Operating Income": "838,501", "Net Non Operating Interest Income Expense": "3,095", "Other Income Expense": "92,114", "Pretax Income": "933,710", "Tax Provision": "202,452", "Net Income Common Stockholders": "742,686", "Diluted NI Available to Com Stockholders": "742,686", "Basic EPS": "1.26", "Diluted EPS": "1.26", "Basic Average Shares": "590,268", "Diluted Average Shares": "590,268", "Total Operating Income as Reported": "832,391", "Total Expenses": "6,455,554", "Interest Income": "48,061", "Interest Expense": "43,381", "Net Interest Income": "3,095", "Net Income from Continuing & Discontinued Operation": "742,686", "Normalized Income": "738,779", "EBIT": "977,091", "EBITDA": "-", "Reconciled Cost of Revenue": "4,644,029", "Reconciled Depreciation": "539,521", "Net Income from Continuing Operation Net Minority Interest": "742,686", "Total Unusual Items Excluding Goodwill": "4,989", "Total Unusual Items": "4,989", "Normalized EBITDA": "1,511,623", "Tax Rate for Calcs": "0", "Tax Effect of Unusual Items": "1,082"}, "12/31/2018": {"Duration": "12/31/2018", "Total Revenue": "7,658,588", "Cost of Revenue": "5,279,300", "Gross Profit": "2,379,288", "Operating Expense": "1,501,005", "Operating Income": "878,283", "Net Non Operating Interest Income Expense": "4,267", "Other Income Expense": "220,557", "Pretax Income": "1,103,107", "Tax Provision": "229,207", "Net Income Common Stockholders": "876,063", "Diluted NI Available to Com Stockholders": "876,063", "Basic EPS": "1.48", "Diluted EPS": "1.48", "Basic Average Shares": "590,269", "Diluted Average Shares": "590,269", "Total Operating Income as Reported": "871,813", "Total Expenses": "6,780,305", "Interest Income": "42,244", "Interest Expense": "36,942", "Net Interest Income": "4,267", "Net Income from Continuing & Discontinued Operation": "876,063", "Normalized Income": "858,908", "EBIT": "1,140,049", "EBITDA": "-", "Reconciled Cost of Revenue": "4,838,583", "Reconciled Depreciation": "664,357", "Net Income from Continuing Operation Net Minority Interest": "876,063", "Total Unusual Items Excluding Goodwill": "21,654", "Total Unusual Items": "21,654", "Normalized EBITDA": "1,782,752", "Tax Rate for Calcs": "0", "Tax Effect of Unusual Items": "4,499"}}, "bs": {"12/31/2020": {"Duration": "12/31/2020", "Total Assets": "13,716,189", "Total Liabilities Net Minority Interest": "2,269,716", "Total Equity Gross Minority Interest": "11,446,473", "Total Capitalization": "11,578,627", "Common Stock Equity": "11,262,888", "Capital Lease Obligations": "257,343", "Net Tangible Assets": "9,833,832", "Working Capital": "3,121,197", "Invested Capital": "11,578,725", "Tangible Book Value": "9,833,832", "Total Debt": "876,350", "Net Debt": "34,326", "Share Issued": "1,180,537", "Ordinary Shares Number": "1,180,537"}, "12/31/2019": {"Duration": "12/31/2019", "Total Assets": "14,842,991", "Total Liabilities Net Minority Interest": "2,656,619", "Total Equity Gross Minority Interest": "12,186,372", "Total Capitalization": "12,029,838", "Common Stock Equity": "11,988,958", "Capital Lease Obligations": "230,167", "Net Tangible Assets": "10,427,399", "Working Capital": "3,890,150", "Invested Capital": "12,029,862", "Tangible Book Value": "10,427,399", "Total Debt": "1,052,319", "Net Debt": "-", "Share Issued": "1,180,537", "Ordinary Shares Number": "1,180,537"}, "12/31/2018": {"Duration": "12/31/2018", "Total Assets": "14,251,299", "Total Liabilities Net Minority Interest": "2,375,807", "Total Equity Gross Minority Interest": "11,875,492", "Total Capitalization": "11,812,069", "Common Stock Equity": "11,782,882", "Capital Lease Obligations": "44", "Net Tangible Assets": "10,316,917", "Working Capital": "3,745,829", "Invested Capital": "11,813,713", "Tangible Book Value": "10,316,917", "Total Debt": "539,007", "Net Debt": "110,602", "Share Issued": "1,180,537", "Ordinary Shares Number": "1,180,537"}}, "cf": {"TTM": {"Duration": "TTM", "Operating Cash Flow": "1,520,383", "Investing Cash Flow": "-2,092,264", "Financing Cash Flow": "-375,319", "End Cash Position": "584,583", "Income Tax Paid Supplemental Data": "140,364", "Interest Paid Supplemental Data": "28,778", "Capital Expenditure": "-194,353", "Issuance of Debt": "658,156", "Repayment of Debt": "-945,539", "Free Cash Flow": "1,326,030"}, "12/31/2020": {"Duration": "12/31/2020", "Operating Cash Flow": "1,520,383", "Investing Cash Flow": "-2,092,264", "Financing Cash Flow": "-375,319", "End Cash Position": "584,583", "Income Tax Paid Supplemental Data": "140,364", "Interest Paid Supplemental Data": "28,778", "Capital Expenditure": "-194,353", "Issuance of Debt": "658,156", "Repayment of Debt": "-945,539", "Free Cash Flow": "1,326,030"}, "12/31/2019": {"Duration": "12/31/2019", "Operating Cash Flow": "1,527,939", "Investing Cash Flow": "-40,392", "Financing Cash Flow": "-353,758", "End Cash Position": "1,554,275", "Income Tax Paid Supplemental Data": "395,869", "Interest Paid Supplemental Data": "30,655", "Capital Expenditure": "-350,174", "Issuance of Debt": "1,332,716", "Repayment of Debt": "-1,200,583", "Free Cash Flow": "1,177,765"}, "12/31/2018": {"Duration": "12/31/2018", "Operating Cash Flow": "610,802", "Investing Cash Flow": "399,108", "Financing Cash Flow": "-900,442", "End Cash Position": "426,717", "Income Tax Paid Supplemental Data": "170,713", "Interest Paid Supplemental Data": "31,548", "Capital Expenditure": "-343,463", "Issuance of Debt": "1,019,302", "Repayment of Debt": "-1,432,202", "Free Cash Flow": "267,339"}}}}, {"SIF": {"quote": {"05/12/2021": {"value": "10.16", "Market Cap": "60.85M", "Beta (5Y Monthly)": "N/A", "PE Ratio (TTM)": "6.86", "EPS (TTM)": "1.48", "Earnings Date": "May 06, 2021", "Forward Dividend & Yield": "N/A (N/A)", "Ex-Dividend Date": "Nov 04, 2014", "1y Target Est": "N/A"}}, "fin": {"TTM": {"Duration": "TTM", "Total Revenue": "112,444", "Cost of Revenue": "91,883", "Gross Profit": "20,561", "Operating Expense": "14,998", "Operating Income": "5,563", "Net Non Operating Interest Income Expense": "-800", "Other Income Expense": "7,742", "Pretax Income": "12,505", "Tax Provision": "-1,021", "Net Income Common Stockholders": "13,526", "Diluted NI Available to Com Stockholders": "13,526", "Basic EPS": "-", "Diluted EPS": "-", "Basic Average Shares": "-", "Diluted Average Shares": "-", "Total Operating Income as Reported": "13,758", "Total Expenses": "106,881", "Net Income from Continuing & Discontinued Operation": "13,526", "Normalized Income": "7,585", "Interest Income": "-", "Interest Expense": "800", "Net Interest Income": "-800", "EBIT": "13,305", "EBITDA": "20,654", "Reconciled Cost of Revenue": "85,891", "Reconciled Depreciation": "7,349", "Net Income from Continuing Operation Net Minority Interest": "13,526", "Total Unusual Items Excluding Goodwill": "8,138", "Total Unusual Items": "8,138", "Normalized EBITDA": "12,516", "Tax Rate for Calcs": "0", "Tax Effect of Unusual Items": "2,197"}, "9/30/2020": {"Duration": "9/30/2020", "Total Revenue": "113,573", "Cost of Revenue": "93,611", "Gross Profit": "19,962", "Operating Expense": "15,519", "Operating Income": "4,443", "Net Non Operating Interest Income Expense": "-886", "Other Income Expense": "5,423", "Pretax Income": "8,980", "Tax Provision": "-211", "Net Income Common Stockholders": "9,191", "Diluted NI Available to Com Stockholders": "9,191", "Basic EPS": "1.62", "Diluted EPS": "1.59", "Basic Average Shares": "5,661", "Diluted Average Shares": "5,791", "Total Operating Income as Reported": "10,143", "Total Expenses": "109,130", "Net Income from Continuing & Discontinued Operation": "9,191", "Normalized Income": "5,067", "Interest Income": "-", "Interest Expense": "886", "Net Interest Income": "-886", "EBIT": "9,866", "EBITDA": "-", "Reconciled Cost of Revenue": "87,728", "Reconciled Depreciation": "7,380", "Net Income from Continuing Operation Net Minority Interest": "9,191", "Total Unusual Items Excluding Goodwill": "5,649", "Total Unusual Items": "5,649", "Normalized EBITDA": "11,597", "Tax Rate for Calcs": "0", "Tax Effect of Unusual Items": "1,525"}, "9/30/2019": {"Duration": "9/30/2019", "Total Revenue": "112,454", "Cost of Revenue": "101,817", "Gross Profit": "10,637", "Operating Expense": "16,922", "Operating Income": "-6,285", "Net Non Operating Interest Income Expense": "-1,053", "Other Income Expense": "-869", "Pretax Income": "-8,207", "Tax Provision": "-701", "Net Income Common Stockholders": "-7,506", "Diluted NI Available to Com Stockholders": "-7,506", "Basic EPS": "-1.35", "Diluted EPS": "-1.35", "Basic Average Shares": "5,566", "Diluted Average Shares": "5,566", "Total Operating Income as Reported": "-7,044", "Total Expenses": "118,739", "Net Income from Continuing & Discontinued Operation": "-7,506", "Normalized Income": "-6,818", "Interest Income": "4", "Interest Expense": "1,057", "Net Interest Income": "-1,053", "EBIT": "-7,150", "EBITDA": "-", "Reconciled Cost of Revenue": "95,940", "Reconciled Depreciation": "7,525", "Net Income from Continuing Operation Net Minority Interest": "-7,506", "Total Unusual Items Excluding Goodwill": "-752", "Total Unusual Items": "-752", "Normalized EBITDA": "1,127", "Tax Rate for Calcs": "0", "Tax Effect of Unusual Items": "-63.92"}, "9/30/2018": {"Duration": "9/30/2018", "Total Revenue": "111,212", "Cost of Revenue": "101,110", "Gross Profit": "10,102", "Operating Expense": "16,921", "Operating Income": "-6,819", "Net Non Operating Interest Income Expense": "-2,131", "Other Income Expense": "1,419", "Pretax Income": "-7,531", "Tax Provision": "-361", "Net Income Common Stockholders": "-7,170", "Diluted NI Available to Com Stockholders": "-7,170", "Basic EPS": "-1.30", "Diluted EPS": "-1.30", "Basic Average Shares": "5,523", "Diluted Average Shares": "5,523", "Total Operating Income as Reported": "-5,914", "Total Expenses": "118,031", "Net Income from Continuing & Discontinued Operation": "-7,170", "Normalized Income": "-8,140", "Interest Income": "8", "Interest Expense": "2,139", "Net Interest Income": "-2,131", "EBIT": "-5,392", "EBITDA": "-", "Reconciled Cost of Revenue": "94,356", "Reconciled Depreciation": "8,459", "Net Income from Continuing Operation Net Minority Interest": "-7,170", "Total Unusual Items Excluding Goodwill": "1,019", "Total Unusual Items": "1,019", "Normalized EBITDA": "2,048", "Tax Rate for Calcs": "0", "Tax Effect of Unusual Items": "48.846"}}, "bs": {"9/30/2020": {"Duration": "9/30/2020", "Total Assets": "121,948", "Total Liabilities Net Minority Interest": "76,425", "Total Equity Gross Minority Interest": "45,523", "Total Capitalization": "50,129", "Common Stock Equity": "45,523", "Capital Lease Obligations": "17,179", "Net Tangible Assets": "40,140", "Working Capital": "11,909", "Invested Capital": "70,143", "Tangible Book Value": "40,140", "Total Debt": "41,799", "Net Debt": "24,193", "Share Issued": "5,916", "Ordinary Shares Number": "5,916"}, "9/30/2019": {"Duration": "9/30/2019", "Total Assets": "96,099", "Total Liabilities Net Minority Interest": "60,045", "Total Equity Gross Minority Interest": "36,054", "Total Capitalization": "38,106", "Common Stock Equity": "36,054", "Capital Lease Obligations": "-", "Net Tangible Assets": "29,241", "Working Capital": "2,774", "Invested Capital": "59,434", "Tangible Book Value": "29,241", "Total Debt": "23,380", "Net Debt": "23,039", "Share Issued": "5,777", "Ordinary Shares Number": "5,777"}, "9/30/2018": {"Duration": "9/30/2018", "Total Assets": "102,237", "Total Liabilities Net Minority Interest": "58,048", "Total Equity Gross Minority Interest": "44,189", "Total Capitalization": "46,521", "Common Stock Equity": "44,189", "Capital Lease Obligations": "-", "Net Tangible Assets": "27,093", "Working Capital": "1,766", "Invested Capital": "73,718", "Tangible Book Value": "27,093", "Total Debt": "29,529", "Net Debt": "28,277", "Share Issued": "5,690", "Ordinary Shares Number": "5,690"}}, "cf": {"TTM": {"Duration": "TTM", "Operating Cash Flow": "4,537", "Investing Cash Flow": "-2,653", "Financing Cash Flow": "-1,164", "End Cash Position": "1,149", "Income Tax Paid Supplemental Data": "53", "Interest Paid Supplemental Data": "617", "Capital Expenditure": "-10,433", "Issuance of Debt": "114,849", "Repayment of Debt": "-116,013", "Repurchase of Capital Stock": "-", "Free Cash Flow": "-5,896"}, "9/30/2020": {"Duration": "9/30/2020", "Operating Cash Flow": "449", "Investing Cash Flow": "-1,198", "Financing Cash Flow": "822", "End Cash Position": "427", "Income Tax Paid Supplemental Data": "52", "Interest Paid Supplemental Data": "692", "Capital Expenditure": "-9,026", "Issuance of Debt": "121,238", "Repayment of Debt": "-120,416", "Repurchase of Capital Stock": "0", "Free Cash Flow": "-8,577"}, "9/30/2019": {"Duration": "9/30/2019", "Operating Cash Flow": "5,729", "Investing Cash Flow": "-767", "Financing Cash Flow": "-5,869", "End Cash Position": "341", "Income Tax Paid Supplemental Data": "-", "Interest Paid Supplemental Data": "-", "Capital Expenditure": "-9,447", "Issuance of Debt": "88,022", "Repayment of Debt": "-93,697", "Repurchase of Capital Stock": "-62", "Free Cash Flow": "-3,718"}, "9/30/2018": {"Duration": "9/30/2018", "Operating Cash Flow": "1,295", "Investing Cash Flow": "688", "Financing Cash Flow": "-2,104", "End Cash Position": "1,252", "Income Tax Paid Supplemental Data": "99", "Interest Paid Supplemental Data": "1,424", "Capital Expenditure": "-2,831", "Issuance of Debt": "94,855", "Repayment of Debt": "-96,647", "Repurchase of Capital Stock": "-", "Free Cash Flow": "-1,536"}}}}, {"TPCS": {"quote": {"05/12/2021": {"value": "1.2650", "Market Cap": "37.316M", "Beta (5Y Monthly)": "0.66", "PE Ratio (TTM)": "421.67", "EPS (TTM)": "0.0030", "Earnings Date": "Feb 11, 2021", "Forward Dividend & Yield": "N/A (N/A)", "Ex-Dividend Date": "N/A", "1y Target Est": "N/A"}}, "fin": {"TTM": {"Duration": "TTM", "Total Revenue": "16,498", "Cost of Revenue": "12,665", "Gross Profit": "3,833", "Operating Expense": "3,341", "Operating Income": "492.017", "Net Non Operating Interest Income Expense": "-237.514", "Other Income Expense": "2.924", "Pretax Income": "257.427", "Tax Provision": "102.624", "Net Income Common Stockholders": "154.803", "Diluted NI Available to Com Stockholders": "154.803", "Basic EPS": "-", "Diluted EPS": "-", "Basic Average Shares": "-", "Diluted Average Shares": "-", "Total Operating Income as Reported": "492.017", "Total Expenses": "16,006", "Net Income from Continuing & Discontinued Operation": "154.803", "Normalized Income": "154.803", "Interest Expense": "223.695", "Net Interest Income": "-237.514", "EBIT": "481.122", "EBITDA": "1,172", "Reconciled Cost of Revenue": "12,665", "Reconciled Depreciation": "690.963", "Net Income from Continuing Operation Net Minority Interest": "154.803", "Total Unusual Items Excluding Goodwill": "-", "Total Unusual Items": "-", "Normalized EBITDA": "1,172", "Tax Rate for Calcs": "0", "Tax Effect of Unusual Items": "0"}, "3/31/2020": {"Duration": "3/31/2020", "Total Revenue": "16,007", "Cost of Revenue": "12,868", "Gross Profit": "3,139", "Operating Expense": "3,280", "Operating Income": "-141.284", "Net Non Operating Interest Income Expense": "-296.076", "Other Income Expense": "22.75", "Pretax Income": "-414.61", "Tax Provision": "-73.041", "Net Income Common Stockholders": "-341.569", "Diluted NI Available to Com Stockholders": "-341.569", "Basic EPS": "-0.01", "Diluted EPS": "-0.01", "Basic Average Shares": "29,259", "Diluted Average Shares": "29,259", "Total Operating Income as Reported": "-141.284", "Total Expenses": "16,149", "Net Income from Continuing & Discontinued Operation": "-341.569", "Normalized Income": "-341.569", "Interest Expense": "296.076", "Net Interest Income": "-296.076", "EBIT": "-118.534", "EBITDA": "-", "Reconciled Cost of Revenue": "12,868", "Reconciled Depreciation": "717.579", "Net Income from Continuing Operation Net Minority Interest": "-341.569", "Total Unusual Items Excluding Goodwill": "-", "Total Unusual Items": "-", "Normalized EBITDA": "599.045", "Tax Rate for Calcs": "0", "Tax Effect of Unusual Items": "0"}, "3/31/2019": {"Duration": "3/31/2019", "Total Revenue": "16,703", "Cost of Revenue": "12,118", "Gross Profit": "4,584", "Operating Expense": "2,747", "Operating Income": "1,838", "Net Non Operating Interest Income Expense": "-354.825", "Other Income Expense": "41.033", "Pretax Income": "1,524", "Tax Provision": "423.357", "Net Income Common Stockholders": "1,101", "Diluted NI Available to Com Stockholders": "1,101", "Basic EPS": "0.04", "Diluted EPS": "0.04", "Basic Average Shares": "28,879", "Diluted Average Shares": "30,294", "Total Operating Income as Reported": "1,838", "Total Expenses": "14,865", "Net Income from Continuing & Discontinued Operation": "1,101", "Normalized Income": "1,101", "Interest Expense": "354.825", "Net Interest Income": "-354.825", "EBIT": "1,879", "EBITDA": "-", "Reconciled Cost of Revenue": "12,118", "Reconciled Depreciation": "749.755", "Net Income from Continuing Operation Net Minority Interest": "1,101", "Total Unusual Items Excluding Goodwill": "-", "Total Unusual Items": "-", "Normalized EBITDA": "2,629", "Tax Rate for Calcs": "0", "Tax Effect of Unusual Items": "0"}}, "bs": {"3/31/2020": {"Duration": "3/31/2020", "Total Assets": "14,580", "Total Liabilities Net Minority Interest": "5,111", "Total Equity Gross Minority Interest": "9,469", "Total Capitalization": "11,916", "Common Stock Equity": "9,469", "Capital Lease Obligations": "22.01", "Net Tangible Assets": "9,469", "Working Capital": "5,595", "Invested Capital": "12,014", "Tangible Book Value": "9,469", "Total Debt": "2,566", "Net Debt": "1,614", "Share Issued": "29,355", "Ordinary Shares Number": "29,355"}, "3/31/2019": {"Duration": "3/31/2019", "Total Assets": "16,047", "Total Liabilities Net Minority Interest": "6,336", "Total Equity Gross Minority Interest": "9,711", "Total Capitalization": "13,122", "Common Stock Equity": "9,711", "Capital Lease Obligations": "-", "Net Tangible Assets": "9,711", "Working Capital": "6,251", "Invested Capital": "13,944", "Tangible Book Value": "9,711", "Total Debt": "4,233", "Net Debt": "2,196", "Share Issued": "29,235", "Ordinary Shares Number": "29,235"}}, "cf": {"TTM": {"Duration": "TTM", "Operating Cash Flow": "-272.228", "Investing Cash Flow": "-551.496", "Financing Cash Flow": "110.785", "End Cash Position": "1,255", "Income Tax Paid Supplemental Data": "-", "Interest Paid Supplemental Data": "151.749", "Capital Expenditure": "-551.496", "Issuance of Debt": "-", "Repayment of Debt": "-2,181", "Repurchase of Capital Stock": "-", "Free Cash Flow": "-823.724"}, "3/31/2020": {"Duration": "3/31/2020", "Operating Cash Flow": "676.779", "Investing Cash Flow": "-39.831", "Financing Cash Flow": "-1,743", "End Cash Position": "930.856", "Income Tax Paid Supplemental Data": "-", "Interest Paid Supplemental Data": "232.492", "Capital Expenditure": "-39.831", "Issuance of Debt": "-", "Repayment of Debt": "-1,710", "Repurchase of Capital Stock": "-", "Free Cash Flow": "636.948"}, "3/31/2019": {"Duration": "3/31/2019", "Operating Cash Flow": "531.309", "Investing Cash Flow": "-411.343", "Financing Cash Flow": "-772.554", "End Cash Position": "2,037", "Income Tax Paid Supplemental Data": "0", "Interest Paid Supplemental Data": "292.678", "Capital Expenditure": "-446.652", "Issuance of Debt": "-", "Repayment of Debt": "-766.354", "Repurchase of Capital Stock": "-188.6", "Free Cash Flow": "84.657"}}}}, {"BRSS": {"fin": {}, "bs": {}, "cf": {}}}, {"SHLO": {"fin": {}, "bs": {}, "cf": {}}}]