[{"PKG": {"quote": {"05/12/2021": {"value": "154.85", "Market Cap": "14.71B", "Beta (5Y Monthly)": "0.92", "PE Ratio (TTM)": "30.36", "EPS (TTM)": "5.10", "Earnings Date": "Jul 26, 2021 - Jul 30, 2021", "Forward Dividend & Yield": "4.00 (2.58%)", "Ex-Dividend Date": "Jun 14, 2021", "1y Target Est": "143.60"}}, "fin": {"TTM": {"Duration": "TTM", "Total Revenue": "6,658,200", "Cost of Revenue": "5,288,800", "Gross Profit": "1,369,400", "Operating Expense": "539,600", "Operating Income": "829,800", "Net Non Operating Interest Income Expense": "-93,500", "Other Income Expense": "-103,600", "Pretax Income": "632,700", "Tax Provision": "171,700", "Net Income Common Stockholders": "457,400", "Average Dilution Earnings": "-3,600", "Diluted NI Available to Com Stockholders": "457,400", "Basic EPS": "-", "Diluted EPS": "-", "Basic Average Shares": "-", "Diluted Average Shares": "-", "Total Operating Income as Reported": "723,900", "Total Expenses": "5,828,400", "Net Income from Continuing & Discontinued Operation": "461,000", "Normalized Income": "534,483", "Interest Expense": "93,500", "Net Interest Income": "-93,500", "EBIT": "726,200", "EBITDA": "1,136,100", "Reconciled Cost of Revenue": "5,288,800", "Reconciled Depreciation": "409,900", "Net Income from Continuing Operation Net Minority Interest": "461,000", "Total Unusual Items Excluding Goodwill": "-100,800", "Total Unusual Items": "-100,800", "Normalized EBITDA": "1,236,900", "Tax Rate for Calcs": "0", "Tax Effect of Unusual Items": "-27,317"}, "12/31/2020": {"Duration": "12/31/2020", "Total Revenue": "6,658,200", "Cost of Revenue": "5,288,800", "Gross Profit": "1,369,400", "Operating Expense": "539,600", "Operating Income": "829,800", "Net Non Operating Interest Income Expense": "-93,500", "Other Income Expense": "-103,600", "Pretax Income": "632,700", "Tax Provision": "171,700", "Net Income Common Stockholders": "457,400", "Average Dilution Earnings": "-3,600", "Diluted NI Available to Com Stockholders": "457,400", "Basic EPS": "-", "Diluted EPS": "-", "Basic Average Shares": "-", "Diluted Average Shares": "-", "Total Operating Income as Reported": "723,900", "Total Expenses": "5,828,400", "Net Income from Continuing & Discontinued Operation": "461,000", "Normalized Income": "534,483", "Interest Expense": "93,500", "Net Interest Income": "-93,500", "EBIT": "726,200", "EBITDA": "-", "Reconciled Cost of Revenue": "5,288,800", "Reconciled Depreciation": "409,900", "Net Income from Continuing Operation Net Minority Interest": "461,000", "Total Unusual Items Excluding Goodwill": "-100,800", "Total Unusual Items": "-100,800", "Normalized EBITDA": "1,236,900", "Tax Rate for Calcs": "0", "Tax Effect of Unusual Items": "-27,317"}, "12/31/2019": {"Duration": "12/31/2019", "Total Revenue": "6,964,300", "Cost of Revenue": "5,320,300", "Gross Profit": "1,644,000", "Operating Expense": "557,600", "Operating Income": "1,086,400", "Net Non Operating Interest Income Expense": "-128,800", "Other Income Expense": "-40,600", "Pretax Income": "917,000", "Tax Provision": "220,600", "Net Income Common Stockholders": "691,200", "Average Dilution Earnings": "-5,200", "Diluted NI Available to Com Stockholders": "691,200", "Basic EPS": "7.36", "Diluted EPS": "7.34", "Basic Average Shares": "94,620", "Diluted Average Shares": "94,620", "Total Operating Income as Reported": "1,053,700", "Total Expenses": "5,877,900", "Net Income from Continuing & Discontinued Operation": "696,400", "Normalized Income": "716,134", "Interest Expense": "128,800", "Net Interest Income": "-128,800", "EBIT": "1,045,800", "EBITDA": "-", "Reconciled Cost of Revenue": "5,320,300", "Reconciled Depreciation": "387,500", "Net Income from Continuing Operation Net Minority Interest": "696,400", "Total Unusual Items Excluding Goodwill": "-26,000", "Total Unusual Items": "-26,000", "Normalized EBITDA": "1,459,300", "Tax Rate for Calcs": "0", "Tax Effect of Unusual Items": "-6,266"}, "12/31/2018": {"Duration": "12/31/2018", "Total Revenue": "7,014,600", "Cost of Revenue": "5,369,300", "Gross Profit": "1,645,300", "Operating Expense": "536,400", "Operating Income": "1,108,900", "Net Non Operating Interest Income Expense": "-97,200", "Other Income Expense": "-41,200", "Pretax Income": "970,500", "Tax Provision": "232,500", "Net Income Common Stockholders": "732,300", "Average Dilution Earnings": "-", "Diluted NI Available to Com Stockholders": "732,300", "Basic EPS": "7.82", "Diluted EPS": "7.80", "Basic Average Shares": "93,645", "Diluted Average Shares": "93,900", "Total Operating Income as Reported": "1,067,700", "Total Expenses": "5,905,700", "Net Income from Continuing & Discontinued Operation": "738,000", "Normalized Income": "764,220", "Interest Expense": "97,200", "Net Interest Income": "-97,200", "EBIT": "1,067,700", "EBITDA": "-", "Reconciled Cost of Revenue": "5,369,300", "Reconciled Depreciation": "410,900", "Net Income from Continuing Operation Net Minority Interest": "738,000", "Total Unusual Items Excluding Goodwill": "-34,500", "Total Unusual Items": "-34,500", "Normalized EBITDA": "1,513,100", "Tax Rate for Calcs": "0", "Tax Effect of Unusual Items": "-8,280"}}, "bs": {"12/31/2020": {"Duration": "12/31/2020", "Total Assets": "7,433,200", "Total Liabilities Net Minority Interest": "4,186,900", "Total Equity Gross Minority Interest": "3,246,300", "Total Capitalization": "5,725,700", "Common Stock Equity": "3,246,300", "Capital Lease Obligations": "258,500", "Net Tangible Assets": "2,086,900", "Working Capital": "1,967,700", "Invested Capital": "5,725,700", "Tangible Book Value": "2,086,900", "Total Debt": "2,737,900", "Net Debt": "1,504,800", "Share Issued": "94,800", "Ordinary Shares Number": "94,800"}, "12/31/2019": {"Duration": "12/31/2019", "Total Assets": "7,235,800", "Total Liabilities Net Minority Interest": "4,164,800", "Total Equity Gross Minority Interest": "3,071,000", "Total Capitalization": "5,547,800", "Common Stock Equity": "3,071,000", "Capital Lease Obligations": "257,700", "Net Tangible Assets": "1,813,500", "Working Capital": "1,754,600", "Invested Capital": "5,547,800", "Tangible Book Value": "1,813,500", "Total Debt": "2,734,500", "Net Debt": "1,797,300", "Share Issued": "94,700", "Ordinary Shares Number": "94,700"}, "12/31/2018": {"Duration": "12/31/2018", "Total Assets": "6,569,700", "Total Liabilities Net Minority Interest": "3,897,300", "Total Equity Gross Minority Interest": "2,672,400", "Total Capitalization": "5,156,100", "Common Stock Equity": "2,672,400", "Capital Lease Obligations": "19,000", "Net Tangible Assets": "1,376,800", "Working Capital": "1,421,500", "Invested Capital": "5,156,100", "Tangible Book Value": "1,376,800", "Total Debt": "2,502,700", "Net Debt": "2,122,200", "Share Issued": "94,500", "Ordinary Shares Number": "94,500"}}, "cf": {"TTM": {"Duration": "TTM", "Operating Cash Flow": "1,032,800", "Investing Cash Flow": "-426,100", "Financing Cash Flow": "-311,600", "End Cash Position": "974,600", "Capital Expenditure": "-421,200", "Issuance of Debt": "0", "Repayment of Debt": "-1,500", "Repurchase of Capital Stock": "-", "Free Cash Flow": "611,600"}, "12/31/2020": {"Duration": "12/31/2020", "Operating Cash Flow": "1,032,800", "Investing Cash Flow": "-426,100", "Financing Cash Flow": "-311,600", "End Cash Position": "974,600", "Capital Expenditure": "-421,200", "Issuance of Debt": "0", "Repayment of Debt": "-1,500", "Repurchase of Capital Stock": "-", "Free Cash Flow": "611,600"}, "12/31/2019": {"Duration": "12/31/2019", "Operating Cash Flow": "1,207,400", "Investing Cash Flow": "-546,600", "Financing Cash Flow": "-342,800", "End Cash Position": "679,500", "Capital Expenditure": "-399,500", "Issuance of Debt": "895,800", "Repayment of Debt": "-923,400", "Repurchase of Capital Stock": "-", "Free Cash Flow": "807,900"}, "12/31/2018": {"Duration": "12/31/2018", "Operating Cash Flow": "1,180,100", "Investing Cash Flow": "-608,200", "Financing Cash Flow": "-427,300", "End Cash Position": "361,500", "Capital Expenditure": "-551,400", "Issuance of Debt": "0", "Repayment of Debt": "-151,300", "Repurchase of Capital Stock": "0", "Free Cash Flow": "628,700"}}}}, {"SEE": {"quote": {"05/12/2021": {"value": "56.39", "Market Cap": "8.571B", "Beta (5Y Monthly)": "1.27", "PE Ratio (TTM)": "18.13", "EPS (TTM)": "3.11", "Earnings Date": "Aug 04, 2021 - Aug 09, 2021", "Forward Dividend & Yield": "0.64 (1.13%)", "Ex-Dividend Date": "Mar 04, 2021", "1y Target Est": "59.18"}}, "fin": {"TTM": {"Duration": "TTM", "Total Revenue": "4,903,200", "Cost of Revenue": "3,293,900", "Gross Profit": "1,609,300", "Operating Expense": "810,200", "Operating Income": "799,100", "Net Non Operating Interest Income Expense": "-180,700", "Other Income Expense": "7,800", "Pretax Income": "626,200", "Tax Provision": "142,100", "Net Income Common Stockholders": "502,700", "Average Dilution Earnings": "0", "Diluted NI Available to Com Stockholders": "502,700", "Basic EPS": "-", "Diluted EPS": "-", "Basic Average Shares": "-", "Diluted Average Shares": "-", "Total Operating Income as Reported": "788,100", "Total Expenses": "4,104,100", "Net Income from Continuing & Discontinued Operation": "502,900", "Normalized Income": "483,250", "Interest Income": "10,200", "Interest Expense": "184,600", "Net Interest Income": "-180,700", "EBIT": "810,800", "EBITDA": "985,000", "Reconciled Cost of Revenue": "3,157,200", "Reconciled Depreciation": "174,200", "Net Income from Continuing Operation Net Minority Interest": "484,100", "Total Unusual Items Excluding Goodwill": "1,100", "Total Unusual Items": "1,100", "Normalized EBITDA": "983,900", "Tax Rate for Calcs": "0", "Tax Effect of Unusual Items": "249.7"}, "12/31/2020": {"Duration": "12/31/2020", "Total Revenue": "4,903,200", "Cost of Revenue": "3,293,900", "Gross Profit": "1,609,300", "Operating Expense": "810,200", "Operating Income": "799,100", "Net Non Operating Interest Income Expense": "-180,700", "Other Income Expense": "7,800", "Pretax Income": "626,200", "Tax Provision": "142,100", "Net Income Common Stockholders": "502,700", "Average Dilution Earnings": "0", "Diluted NI Available to Com Stockholders": "502,700", "Basic EPS": "-", "Diluted EPS": "-", "Basic Average Shares": "-", "Diluted Average Shares": "-", "Total Operating Income as Reported": "788,100", "Total Expenses": "4,104,100", "Net Income from Continuing & Discontinued Operation": "502,900", "Normalized Income": "483,250", "Interest Income": "10,200", "Interest Expense": "184,600", "Net Interest Income": "-180,700", "EBIT": "810,800", "EBITDA": "-", "Reconciled Cost of Revenue": "3,157,200", "Reconciled Depreciation": "174,200", "Net Income from Continuing Operation Net Minority Interest": "484,100", "Total Unusual Items Excluding Goodwill": "1,100", "Total Unusual Items": "1,100", "Normalized EBITDA": "983,900", "Tax Rate for Calcs": "0", "Tax Effect of Unusual Items": "249.7"}, "12/31/2019": {"Duration": "12/31/2019", "Total Revenue": "4,791,100", "Cost of Revenue": "3,226,300", "Gross Profit": "1,564,800", "Operating Expense": "944,400", "Operating Income": "620,400", "Net Non Operating Interest Income Expense": "-189,100", "Other Income Expense": "-61,000", "Pretax Income": "370,300", "Tax Provision": "76,600", "Net Income Common Stockholders": "262,500", "Average Dilution Earnings": "0", "Diluted NI Available to Com Stockholders": "262,500", "Basic EPS": "1.70", "Diluted EPS": "1.69", "Basic Average Shares": "154,300", "Diluted Average Shares": "155,200", "Total Operating Income as Reported": "578,500", "Total Expenses": "4,170,700", "Net Income from Continuing & Discontinued Operation": "263,000", "Normalized Income": "349,448", "Interest Income": "-", "Interest Expense": "184,100", "Net Interest Income": "-189,100", "EBIT": "554,400", "EBITDA": "-", "Reconciled Cost of Revenue": "3,104,400", "Reconciled Depreciation": "150,800", "Net Income from Continuing Operation Net Minority Interest": "293,700", "Total Unusual Items Excluding Goodwill": "-70,300", "Total Unusual Items": "-70,300", "Normalized EBITDA": "775,500", "Tax Rate for Calcs": "0", "Tax Effect of Unusual Items": "-14,552"}, "12/31/2018": {"Duration": "12/31/2018", "Total Revenue": "4,732,700", "Cost of Revenue": "3,230,600", "Gross Profit": "1,502,100", "Operating Expense": "798,000", "Operating Income": "704,100", "Net Non Operating Interest Income Expense": "-182,300", "Other Income Expense": "-64,000", "Pretax Income": "457,800", "Tax Provision": "307,500", "Net Income Common Stockholders": "192,200", "Average Dilution Earnings": "0", "Diluted NI Available to Com Stockholders": "192,200", "Basic EPS": "1.21", "Diluted EPS": "1.20", "Basic Average Shares": "159,400", "Diluted Average Shares": "160,200", "Total Operating Income as Reported": "656,300", "Total Expenses": "4,028,600", "Net Income from Continuing & Discontinued Operation": "193,100", "Normalized Income": "199,210", "Interest Income": "15,100", "Interest Expense": "193,000", "Net Interest Income": "-182,300", "EBIT": "650,800", "EBITDA": "-", "Reconciled Cost of Revenue": "3,115,100", "Reconciled Depreciation": "131,200", "Net Income from Continuing Operation Net Minority Interest": "150,300", "Total Unusual Items Excluding Goodwill": "-67,000", "Total Unusual Items": "-67,000", "Normalized EBITDA": "849,000", "Tax Rate for Calcs": "0", "Tax Effect of Unusual Items": "-18,090"}}, "bs": {"12/31/2020": {"Duration": "12/31/2020", "Total Assets": "6,083,800", "Total Liabilities Net Minority Interest": "5,911,300", "Total Equity Gross Minority Interest": "172,500", "Total Capitalization": "3,903,900", "Common Stock Equity": "172,500", "Capital Lease Obligations": "77,500", "Net Tangible Assets": "-2,221,500", "Working Capital": "514,100", "Invested Capital": "3,933,400", "Tangible Book Value": "-2,221,500", "Total Debt": "3,838,400", "Net Debt": "3,212,200", "Share Issued": "231,958", "Ordinary Shares Number": "154,890", "Treasury Shares Number": "77,068"}, "12/31/2019": {"Duration": "12/31/2019", "Total Assets": "5,765,200", "Total Liabilities Net Minority Interest": "5,961,400", "Total Equity Gross Minority Interest": "-196,200", "Total Capitalization": "3,502,400", "Common Stock Equity": "-196,200", "Capital Lease Obligations": "91,900", "Net Tangible Assets": "-2,595,200", "Working Capital": "127,800", "Invested Capital": "3,618,000", "Tangible Book Value": "-2,595,200", "Total Debt": "3,906,100", "Net Debt": "3,551,800", "Share Issued": "231,623", "Ordinary Shares Number": "154,513", "Treasury Shares Number": "77,110"}, "12/31/2018": {"Duration": "12/31/2018", "Total Assets": "5,050,200", "Total Liabilities Net Minority Interest": "5,398,800", "Total Equity Gross Minority Interest": "-348,600", "Total Capitalization": "2,887,900", "Common Stock Equity": "-348,600", "Capital Lease Obligations": "-", "Net Tangible Assets": "-2,397,900", "Working Capital": "66,200", "Invested Capital": "3,125,600", "Tangible Book Value": "-2,397,900", "Total Debt": "3,474,200", "Net Debt": "3,202,500", "Share Issued": "231,619", "Ordinary Shares Number": "155,654", "Treasury Shares Number": "75,965"}}, "cf": {"TTM": {"Duration": "TTM", "Operating Cash Flow": "737,000", "Investing Cash Flow": "-159,800", "Financing Cash Flow": "-261,700", "End Cash Position": "548,700", "Income Tax Paid Supplemental Data": "102,000", "Interest Paid Supplemental Data": "187,700", "Capital Expenditure": "-181,100", "Issuance of Debt": "0", "Repayment of Debt": "-17,200", "Repurchase of Capital Stock": "-33,000", "Free Cash Flow": "555,900"}, "12/31/2020": {"Duration": "12/31/2020", "Operating Cash Flow": "737,000", "Investing Cash Flow": "-159,800", "Financing Cash Flow": "-261,700", "End Cash Position": "548,700", "Income Tax Paid Supplemental Data": "102,000", "Interest Paid Supplemental Data": "187,700", "Capital Expenditure": "-181,100", "Issuance of Debt": "0", "Repayment of Debt": "-17,200", "Repurchase of Capital Stock": "-33,000", "Free Cash Flow": "555,900"}, "12/31/2019": {"Duration": "12/31/2019", "Operating Cash Flow": "511,100", "Investing Cash Flow": "-665,600", "Financing Cash Flow": "139,900", "End Cash Position": "262,400", "Income Tax Paid Supplemental Data": "94,700", "Interest Paid Supplemental Data": "194,900", "Capital Expenditure": "-189,700", "Issuance of Debt": "894,900", "Repayment of Debt": "-434,300", "Repurchase of Capital Stock": "-67,300", "Free Cash Flow": "321,400"}, "12/31/2018": {"Duration": "12/31/2018", "Operating Cash Flow": "428,000", "Investing Cash Flow": "-266,700", "Financing Cash Flow": "-478,300", "End Cash Position": "271,700", "Income Tax Paid Supplemental Data": "155,000", "Interest Paid Supplemental Data": "191,400", "Capital Expenditure": "-168,600", "Issuance of Debt": "-", "Repayment of Debt": "-1,600", "Repurchase of Capital Stock": "-590,500", "Free Cash Flow": "259,400"}}}}, {"ATR": {"quote": {"05/12/2021": {"value": "153.99", "Market Cap": "10.119B", "Beta (5Y Monthly)": "0.66", "PE Ratio (TTM)": "42.61", "EPS (TTM)": "3.61", "Earnings Date": "Jul 29, 2021", "Forward Dividend & Yield": "1.52 (0.98%)", "Ex-Dividend Date": "Apr 27, 2021", "1y Target Est": "159.14"}}, "fin": {"TTM": {"Duration": "TTM", "Total Revenue": "2,929,340", "Cost of Revenue": "1,842,821", "Gross Profit": "1,086,519", "Operating Expense": "720,529", "Operating Income": "365,990", "Net Non Operating Interest Income Expense": "-32,286", "Other Income Expense": "-32,549", "Pretax Income": "301,155", "Tax Provision": "87,065", "Net Income Common Stockholders": "214,040", "Diluted NI Available to Com Stockholders": "214,040", "Basic EPS": "-", "Diluted EPS": "-", "Basic Average Shares": "-", "Diluted Average Shares": "-", "Total Operating Income as Reported": "339,498", "Total Expenses": "2,563,350", "Net Income from Continuing & Discontinued Operation": "214,040", "Normalized Income": "232,876", "Interest Income": "958", "Interest Expense": "33,244", "Net Interest Income": "-32,286", "EBIT": "334,399", "EBITDA": "554,699", "Reconciled Cost of Revenue": "1,842,821", "Reconciled Depreciation": "220,300", "Net Income from Continuing Operation Net Minority Interest": "214,040", "Total Unusual Items Excluding Goodwill": "-26,492", "Total Unusual Items": "-26,492", "Normalized EBITDA": "581,191", "Tax Rate for Calcs": "0", "Tax Effect of Unusual Items": "-7,656"}, "12/31/2020": {"Duration": "12/31/2020", "Total Revenue": "2,929,340", "Cost of Revenue": "1,842,821", "Gross Profit": "1,086,519", "Operating Expense": "720,529", "Operating Income": "365,990", "Net Non Operating Interest Income Expense": "-32,286", "Other Income Expense": "-32,549", "Pretax Income": "301,155", "Tax Provision": "87,065", "Net Income Common Stockholders": "214,040", "Diluted NI Available to Com Stockholders": "214,040", "Basic EPS": "3.32", "Diluted EPS": "3.21", "Basic Average Shares": "64,418", "Diluted Average Shares": "66,657", "Total Operating Income as Reported": "339,498", "Total Expenses": "2,563,350", "Net Income from Continuing & Discontinued Operation": "214,040", "Normalized Income": "232,876", "Interest Income": "958", "Interest Expense": "33,244", "Net Interest Income": "-32,286", "EBIT": "334,399", "EBITDA": "-", "Reconciled Cost of Revenue": "1,842,821", "Reconciled Depreciation": "220,300", "Net Income from Continuing Operation Net Minority Interest": "214,040", "Total Unusual Items Excluding Goodwill": "-26,492", "Total Unusual Items": "-26,492", "Normalized EBITDA": "581,191", "Tax Rate for Calcs": "0", "Tax Effect of Unusual Items": "-7,656"}, "12/31/2019": {"Duration": "12/31/2019", "Total Revenue": "2,859,732", "Cost of Revenue": "1,818,398", "Gross Profit": "1,041,334", "Operating Expense": "649,169", "Operating Income": "392,165", "Net Non Operating Interest Income Expense": "-31,315", "Other Income Expense": "-18,781", "Pretax Income": "342,069", "Tax Provision": "99,842", "Net Income Common Stockholders": "242,202", "Diluted NI Available to Com Stockholders": "242,202", "Basic EPS": "3.81", "Diluted EPS": "3.66", "Basic Average Shares": "63,574", "Diluted Average Shares": "66,150", "Total Operating Income as Reported": "371,693", "Total Expenses": "2,467,567", "Net Income from Continuing & Discontinued Operation": "242,202", "Normalized Income": "256,696", "Interest Income": "4,174", "Interest Expense": "35,489", "Net Interest Income": "-31,315", "EBIT": "377,558", "EBITDA": "-", "Reconciled Cost of Revenue": "1,818,398", "Reconciled Depreciation": "194,552", "Net Income from Continuing Operation Net Minority Interest": "242,202", "Total Unusual Items Excluding Goodwill": "-20,472", "Total Unusual Items": "-20,472", "Normalized EBITDA": "592,582", "Tax Rate for Calcs": "0", "Tax Effect of Unusual Items": "-5,978"}, "12/31/2018": {"Duration": "12/31/2018", "Total Revenue": "2,764,761", "Cost of Revenue": "1,812,961", "Gross Profit": "951,800", "Operating Expense": "601,702", "Operating Income": "350,098", "Net Non Operating Interest Income Expense": "-25,570", "Other Income Expense": "-58,508", "Pretax Income": "266,020", "Tax Provision": "71,254", "Net Income Common Stockholders": "194,745", "Diluted NI Available to Com Stockholders": "194,745", "Basic EPS": "3.12", "Diluted EPS": "3.00", "Basic Average Shares": "62,437", "Diluted Average Shares": "64,958", "Total Operating Income as Reported": "286,269", "Total Expenses": "2,414,663", "Net Income from Continuing & Discontinued Operation": "194,745", "Normalized Income": "241,468", "Interest Income": "7,056", "Interest Expense": "32,626", "Net Interest Income": "-25,570", "EBIT": "298,646", "EBITDA": "-", "Reconciled Cost of Revenue": "1,812,961", "Reconciled Depreciation": "171,747", "Net Income from Continuing Operation Net Minority Interest": "194,745", "Total Unusual Items Excluding Goodwill": "-63,829", "Total Unusual Items": "-63,829", "Normalized EBITDA": "534,222", "Tax Rate for Calcs": "0", "Tax Effect of Unusual Items": "-17,106"}}, "bs": {"12/31/2020": {"Duration": "12/31/2020", "Total Assets": "3,990,053", "Total Liabilities Net Minority Interest": "2,139,268", "Total Equity Gross Minority Interest": "1,850,785", "Total Capitalization": "2,905,387", "Common Stock Equity": "1,850,389", "Capital Lease Obligations": "52,212", "Net Tangible Assets": "607,559", "Working Capital": "588,666", "Invested Capital": "3,023,253", "Tangible Book Value": "607,559", "Total Debt": "1,225,076", "Net Debt": "872,727", "Share Issued": "69,500", "Ordinary Shares Number": "65,000", "Treasury Shares Number": "4,500"}, "12/31/2019": {"Duration": "12/31/2019", "Total Assets": "3,562,119", "Total Liabilities Net Minority Interest": "1,989,867", "Total Equity Gross Minority Interest": "1,572,252", "Total Capitalization": "2,657,369", "Common Stock Equity": "1,571,916", "Capital Lease Obligations": "55,276", "Net Tangible Assets": "517,371", "Working Capital": "607,966", "Invested Capital": "2,767,616", "Tangible Book Value": "517,371", "Total Debt": "1,250,976", "Net Debt": "953,730", "Share Issued": "68,600", "Ordinary Shares Number": "63,800", "Treasury Shares Number": "4,800"}, "12/31/2018": {"Duration": "12/31/2018", "Total Assets": "3,377,735", "Total Liabilities Net Minority Interest": "1,954,864", "Total Equity Gross Minority Interest": "1,422,871", "Total Capitalization": "2,548,549", "Common Stock Equity": "1,422,556", "Capital Lease Obligations": "-", "Net Tangible Assets": "455,557", "Working Capital": "641,638", "Invested Capital": "2,712,520", "Tangible Book Value": "455,557", "Total Debt": "1,289,964", "Net Debt": "1,028,141", "Share Issued": "67,300", "Ordinary Shares Number": "62,900", "Treasury Shares Number": "4,400"}}, "cf": {"TTM": {"Duration": "TTM", "Operating Cash Flow": "570,153", "Investing Cash Flow": "-451,978", "Financing Cash Flow": "-73,723", "End Cash Position": "304,970", "Income Tax Paid Supplemental Data": "93,575", "Interest Paid Supplemental Data": "33,317", "Capital Expenditure": "-252,046", "Issuance of Debt": "27,194", "Repayment of Debt": "-101,049", "Repurchase of Capital Stock": "0", "Free Cash Flow": "318,107"}, "12/31/2020": {"Duration": "12/31/2020", "Operating Cash Flow": "570,153", "Investing Cash Flow": "-451,978", "Financing Cash Flow": "-73,723", "End Cash Position": "304,970", "Income Tax Paid Supplemental Data": "93,575", "Interest Paid Supplemental Data": "33,317", "Capital Expenditure": "-252,046", "Issuance of Debt": "27,194", "Repayment of Debt": "-101,049", "Repurchase of Capital Stock": "0", "Free Cash Flow": "318,107"}, "12/31/2019": {"Duration": "12/31/2019", "Operating Cash Flow": "514,457", "Investing Cash Flow": "-336,268", "Financing Cash Flow": "-197,135", "End Cash Position": "246,973", "Income Tax Paid Supplemental Data": "86,097", "Interest Paid Supplemental Data": "34,422", "Capital Expenditure": "-247,082", "Issuance of Debt": "61,377", "Repayment of Debt": "-120,545", "Repurchase of Capital Stock": "-86,497", "Free Cash Flow": "267,375"}, "12/31/2018": {"Duration": "12/31/2018", "Operating Cash Flow": "313,628", "Investing Cash Flow": "-735,461", "Financing Cash Flow": "-14,872", "End Cash Position": "266,823", "Income Tax Paid Supplemental Data": "96,048", "Interest Paid Supplemental Data": "32,005", "Capital Expenditure": "-211,863", "Issuance of Debt": "62,230", "Repayment of Debt": "-102,284", "Repurchase of Capital Stock": "-61,691", "Free Cash Flow": "101,765"}}}}, {"BLL": {"quote": {"05/12/2021": {"value": "90.60", "Market Cap": "29.74B", "Beta (5Y Monthly)": "0.42", "PE Ratio (TTM)": "39.58", "EPS (TTM)": "2.29", "Earnings Date": "Aug 04, 2021 - Aug 09, 2021", "Forward Dividend & Yield": "0.60 (0.66%)", "Ex-Dividend Date": "May 28, 2021", "1y Target Est": "105.50"}}, "fin": {"TTM": {"Duration": "TTM", "Total Revenue": "11,781,000", "Cost of Revenue": "9,323,000", "Gross Profit": "2,458,000", "Operating Expense": "1,193,000", "Operating Income": "1,265,000", "Net Non Operating Interest Income Expense": "-316,000", "Other Income Expense": "-262,000", "Pretax Income": "687,000", "Tax Provision": "99,000", "Earnings from Equity Interest Net of Tax": "-6,000", "Net Income Common Stockholders": "585,000", "Diluted NI Available to Com Stockholders": "585,000", "Basic EPS": "-", "Diluted EPS": "-", "Basic Average Shares": "-", "Diluted Average Shares": "-", "Total Expenses": "10,516,000", "Net Income from Continuing & Discontinued Operation": "585,000", "Normalized Income": "809,272", "Interest Expense": "275,000", "Net Interest Income": "-316,000", "EBIT": "962,000", "EBITDA": "1,630,000", "Reconciled Cost of Revenue": "9,323,000", "Reconciled Depreciation": "668,000", "Net Income from Continuing Operation Net Minority Interest": "585,000", "Total Unusual Items Excluding Goodwill": "-262,000", "Total Unusual Items": "-262,000", "Normalized EBITDA": "1,892,000", "Tax Rate for Calcs": "0", "Tax Effect of Unusual Items": "-37,728"}, "12/31/2020": {"Duration": "12/31/2020", "Total Revenue": "11,781,000", "Cost of Revenue": "9,323,000", "Gross Profit": "2,458,000", "Operating Expense": "1,193,000", "Operating Income": "1,265,000", "Net Non Operating Interest Income Expense": "-316,000", "Other Income Expense": "-262,000", "Pretax Income": "687,000", "Tax Provision": "99,000", "Earnings from Equity Interest Net of Tax": "-6,000", "Net Income Common Stockholders": "585,000", "Diluted NI Available to Com Stockholders": "585,000", "Basic EPS": "-", "Diluted EPS": "-", "Basic Average Shares": "-", "Diluted Average Shares": "-", "Total Expenses": "10,516,000", "Net Income from Continuing & Discontinued Operation": "585,000", "Normalized Income": "809,272", "Interest Expense": "275,000", "Net Interest Income": "-316,000", "EBIT": "962,000", "EBITDA": "-", "Reconciled Cost of Revenue": "9,323,000", "Reconciled Depreciation": "668,000", "Net Income from Continuing Operation Net Minority Interest": "585,000", "Total Unusual Items Excluding Goodwill": "-262,000", "Total Unusual Items": "-262,000", "Normalized EBITDA": "1,892,000", "Tax Rate for Calcs": "0", "Tax Effect of Unusual Items": "-37,728"}, "12/31/2019": {"Duration": "12/31/2019", "Total Revenue": "11,474,000", "Cost of Revenue": "9,203,000", "Gross Profit": "2,271,000", "Operating Expense": "1,095,000", "Operating Income": "1,176,000", "Net Non Operating Interest Income Expense": "-324,000", "Other Income Expense": "-244,000", "Pretax Income": "608,000", "Tax Provision": "71,000", "Earnings from Equity Interest Net of Tax": "-1,000", "Net Income Common Stockholders": "566,000", "Diluted NI Available to Com Stockholders": "566,000", "Basic EPS": "1.71", "Diluted EPS": "1.66", "Basic Average Shares": "331,102", "Diluted Average Shares": "340,121", "Total Expenses": "10,298,000", "Net Income from Continuing & Discontinued Operation": "566,000", "Normalized Income": "781,452", "Interest Expense": "317,000", "Net Interest Income": "-324,000", "EBIT": "925,000", "EBITDA": "-", "Reconciled Cost of Revenue": "9,203,000", "Reconciled Depreciation": "678,000", "Net Income from Continuing Operation Net Minority Interest": "566,000", "Total Unusual Items Excluding Goodwill": "-244,000", "Total Unusual Items": "-244,000", "Normalized EBITDA": "1,847,000", "Tax Rate for Calcs": "0", "Tax Effect of Unusual Items": "-28,548"}, "12/31/2018": {"Duration": "12/31/2018", "Total Revenue": "11,635,000", "Cost of Revenue": "9,329,000", "Gross Profit": "2,306,000", "Operating Expense": "1,180,000", "Operating Income": "1,126,000", "Net Non Operating Interest Income Expense": "-302,000", "Other Income Expense": "-191,000", "Pretax Income": "633,000", "Tax Provision": "185,000", "Earnings from Equity Interest Net of Tax": "5,000", "Net Income Common Stockholders": "454,000", "Diluted NI Available to Com Stockholders": "454,000", "Basic EPS": "1.32", "Diluted EPS": "1.29", "Basic Average Shares": "344,796", "Diluted Average Shares": "352,321", "Total Expenses": "10,509,000", "Net Income from Continuing & Discontinued Operation": "454,000", "Normalized Income": "589,228", "Interest Expense": "301,000", "Net Interest Income": "-302,000", "EBIT": "934,000", "EBITDA": "-", "Reconciled Cost of Revenue": "9,329,000", "Reconciled Depreciation": "702,000", "Net Income from Continuing Operation Net Minority Interest": "454,000", "Total Unusual Items Excluding Goodwill": "-191,000", "Total Unusual Items": "-191,000", "Normalized EBITDA": "1,827,000", "Tax Rate for Calcs": "0", "Tax Effect of Unusual Items": "-55,772"}}, "bs": {"12/31/2020": {"Duration": "12/31/2020", "Total Assets": "18,252,000", "Total Liabilities Net Minority Interest": "14,915,000", "Total Equity Gross Minority Interest": "3,337,000", "Total Capitalization": "11,058,000", "Common Stock Equity": "3,275,000", "Capital Lease Obligations": "63,000", "Net Tangible Assets": "-3,092,000", "Working Capital": "231,000", "Invested Capital": "11,075,000", "Tangible Book Value": "-3,092,000", "Total Debt": "7,863,000", "Net Debt": "6,434,000", "Share Issued": "679,524", "Ordinary Shares Number": "327,586", "Treasury Shares Number": "351,939"}, "12/31/2019": {"Duration": "12/31/2019", "Total Assets": "17,360,000", "Total Liabilities Net Minority Interest": "14,341,000", "Total Equity Gross Minority Interest": "3,019,000", "Total Capitalization": "9,286,000", "Common Stock Equity": "2,949,000", "Capital Lease Obligations": "239,000", "Net Tangible Assets": "-3,472,000", "Working Capital": "-693,000", "Invested Capital": "10,766,000", "Tangible Book Value": "-3,472,000", "Total Debt": "8,056,000", "Net Debt": "6,019,000", "Share Issued": "676,302", "Ordinary Shares Number": "324,635", "Treasury Shares Number": "351,667"}, "12/31/2018": {"Duration": "12/31/2018", "Total Assets": "16,554,000", "Total Liabilities Net Minority Interest": "12,992,000", "Total Equity Gross Minority Interest": "3,562,000", "Total Capitalization": "9,968,000", "Common Stock Equity": "3,458,000", "Capital Lease Obligations": "-", "Net Tangible Assets": "-3,205,000", "Working Capital": "-155,000", "Invested Capital": "10,187,000", "Tangible Book Value": "-3,205,000", "Total Debt": "6,729,000", "Net Debt": "6,008,000", "Share Issued": "673,237", "Ordinary Shares Number": "335,258", "Treasury Shares Number": "337,979"}}, "cf": {"TTM": {"Duration": "TTM", "Operating Cash Flow": "1,432,000", "Investing Cash Flow": "-1,181,000", "Financing Cash Flow": "-602,000", "End Cash Position": "1,381,000", "Capital Expenditure": "-1,113,000", "Issuance of Capital Stock": "-", "Issuance of Debt": "2,552,000", "Repayment of Debt": "-2,794,000", "Repurchase of Capital Stock": "-75,000", "Free Cash Flow": "319,000"}, "12/31/2020": {"Duration": "12/31/2020", "Operating Cash Flow": "1,432,000", "Investing Cash Flow": "-1,181,000", "Financing Cash Flow": "-602,000", "End Cash Position": "1,381,000", "Capital Expenditure": "-1,113,000", "Issuance of Capital Stock": "-", "Issuance of Debt": "2,552,000", "Repayment of Debt": "-2,794,000", "Repurchase of Capital Stock": "-75,000", "Free Cash Flow": "319,000"}, "12/31/2019": {"Duration": "12/31/2019", "Operating Cash Flow": "1,548,000", "Investing Cash Flow": "-422,000", "Financing Cash Flow": "-46,000", "End Cash Position": "1,806,000", "Capital Expenditure": "-598,000", "Issuance of Capital Stock": "19,000", "Issuance of Debt": "2,819,000", "Repayment of Debt": "-1,524,000", "Repurchase of Capital Stock": "-964,000", "Free Cash Flow": "950,000"}, "12/31/2018": {"Duration": "12/31/2018", "Operating Cash Flow": "1,566,000", "Investing Cash Flow": "-206,000", "Financing Cash Flow": "-1,040,000", "End Cash Position": "728,000", "Capital Expenditure": "-816,000", "Issuance of Capital Stock": "28,000", "Issuance of Debt": "1,475,000", "Repayment of Debt": "-1,533,000", "Repurchase of Capital Stock": "-739,000", "Free Cash Flow": "750,000"}}}}, {"TUP": {"quote": {"05/12/2021": {"value": "27.42", "Market Cap": "1.362B", "Beta (5Y Monthly)": "2.91", "PE Ratio (TTM)": "8.87", "EPS (TTM)": "3.09", "Earnings Date": "Aug 04, 2021", "Forward Dividend & Yield": "N/A (N/A)", "Ex-Dividend Date": "Sep 17, 2019", "1y Target Est": "39.33"}}, "fin": {"TTM": {"Duration": "TTM", "Total Revenue": "1,740,100", "Cost of Revenue": "570,800", "Gross Profit": "1,169,300", "Operating Expense": "949,600", "Operating Income": "219,700", "Net Non Operating Interest Income Expense": "-37,100", "Other Income Expense": "29,700", "Pretax Income": "212,300", "Tax Provision": "100,100", "Net Income Common Stockholders": "112,200", "Diluted NI Available to Com Stockholders": "112,200", "Basic EPS": "-", "Diluted EPS": "-", "Basic Average Shares": "-", "Diluted Average Shares": "-", "Total Operating Income as Reported": "197,600", "Total Expenses": "1,520,400", "Net Income from Continuing & Discontinued Operation": "112,200", "Normalized Income": "98,987", "Interest Income": "1,500", "Interest Expense": "38,600", "Net Interest Income": "-37,100", "EBIT": "250,900", "EBITDA": "295,600", "Reconciled Cost of Revenue": "570,800", "Reconciled Depreciation": "44,700", "Net Income from Continuing Operation Net Minority Interest": "112,200", "Total Unusual Items Excluding Goodwill": "18,100", "Total Unusual Items": "18,100", "Normalized EBITDA": "277,500", "Tax Rate for Calcs": "0", "Tax Effect of Unusual Items": "4,887"}, "12/31/2020": {"Duration": "12/31/2020", "Total Revenue": "1,740,100", "Cost of Revenue": "570,800", "Gross Profit": "1,169,300", "Operating Expense": "949,600", "Operating Income": "219,700", "Net Non Operating Interest Income Expense": "-37,100", "Other Income Expense": "29,700", "Pretax Income": "212,300", "Tax Provision": "100,100", "Net Income Common Stockholders": "112,200", "Diluted NI Available to Com Stockholders": "112,200", "Basic EPS": "-", "Diluted EPS": "-", "Basic Average Shares": "-", "Diluted Average Shares": "-", "Total Operating Income as Reported": "197,600", "Total Expenses": "1,520,400", "Net Income from Continuing & Discontinued Operation": "112,200", "Normalized Income": "98,987", "Interest Income": "1,500", "Interest Expense": "38,600", "Net Interest Income": "-37,100", "EBIT": "250,900", "EBITDA": "-", "Reconciled Cost of Revenue": "570,800", "Reconciled Depreciation": "44,700", "Net Income from Continuing Operation Net Minority Interest": "112,200", "Total Unusual Items Excluding Goodwill": "18,100", "Total Unusual Items": "18,100", "Normalized EBITDA": "277,500", "Tax Rate for Calcs": "0", "Tax Effect of Unusual Items": "4,887"}, "12/31/2019": {"Duration": "12/31/2019", "Total Revenue": "1,797,900", "Cost of Revenue": "610,800", "Gross Profit": "1,187,100", "Operating Expense": "999,400", "Operating Income": "187,700", "Net Non Operating Interest Income Expense": "-39,300", "Other Income Expense": "-45,000", "Pretax Income": "103,400", "Tax Provision": "91,000", "Net Income Common Stockholders": "12,400", "Diluted NI Available to Com Stockholders": "12,400", "Basic EPS": "0.26", "Diluted EPS": "0.25", "Basic Average Shares": "47,692", "Diluted Average Shares": "49,000", "Total Operating Income as Reported": "125,900", "Total Expenses": "1,610,200", "Net Income from Continuing & Discontinued Operation": "12,400", "Normalized Income": "57,514", "Interest Income": "2,200", "Interest Expense": "41,500", "Net Interest Income": "-39,300", "EBIT": "144,900", "EBITDA": "-", "Reconciled Cost of Revenue": "610,800", "Reconciled Depreciation": "55,200", "Net Income from Continuing Operation Net Minority Interest": "12,400", "Total Unusual Items Excluding Goodwill": "-61,800", "Total Unusual Items": "-61,800", "Normalized EBITDA": "261,900", "Tax Rate for Calcs": "0", "Tax Effect of Unusual Items": "-16,686"}, "12/31/2018": {"Duration": "12/31/2018", "Total Revenue": "2,069,700", "Cost of Revenue": "692,200", "Gross Profit": "1,377,500", "Operating Expense": "1,060,500", "Operating Income": "317,000", "Net Non Operating Interest Income Expense": "-43,700", "Other Income Expense": "2,900", "Pretax Income": "276,200", "Tax Provision": "120,300", "Net Income Common Stockholders": "155,900", "Diluted NI Available to Com Stockholders": "155,900", "Basic EPS": "3.12", "Diluted EPS": "3.11", "Basic Average Shares": "49,968", "Diluted Average Shares": "50,200", "Total Operating Income as Reported": "319,800", "Total Expenses": "1,752,700", "Net Income from Continuing & Discontinued Operation": "155,900", "Normalized Income": "153,856", "Interest Income": "2,800", "Interest Expense": "46,500", "Net Interest Income": "-43,700", "EBIT": "322,700", "EBITDA": "-", "Reconciled Cost of Revenue": "692,200", "Reconciled Depreciation": "58,200", "Net Income from Continuing Operation Net Minority Interest": "155,900", "Total Unusual Items Excluding Goodwill": "2,800", "Total Unusual Items": "2,800", "Normalized EBITDA": "378,100", "Tax Rate for Calcs": "0", "Tax Effect of Unusual Items": "756"}}, "bs": {"12/31/2020": {"Duration": "12/31/2020", "Total Assets": "1,219,900", "Total Liabilities Net Minority Interest": "1,424,600", "Total Equity Gross Minority Interest": "-204,700", "Total Capitalization": "52,000", "Common Stock Equity": "-204,700", "Capital Lease Obligations": "99,900", "Net Tangible Assets": "-288,700", "Working Capital": "-363,600", "Invested Capital": "475,300", "Tangible Book Value": "-288,700", "Total Debt": "779,900", "Net Debt": "540,900", "Share Issued": "63,607", "Ordinary Shares Number": "49,294", "Treasury Shares Number": "14,313"}, "12/31/2019": {"Duration": "12/31/2019", "Total Assets": "1,262,400", "Total Liabilities Net Minority Interest": "1,539,400", "Total Equity Gross Minority Interest": "-277,000", "Total Capitalization": "325,200", "Common Stock Equity": "-277,000", "Capital Lease Obligations": "85,200", "Net Tangible Assets": "-361,100", "Working Capital": "-150,400", "Invested Capital": "598,400", "Tangible Book Value": "-361,100", "Total Debt": "960,600", "Net Debt": "752,200", "Share Issued": "63,607", "Ordinary Shares Number": "48,928", "Treasury Shares Number": "14,679"}, "12/31/2018": {"Duration": "12/31/2018", "Total Assets": "1,308,800", "Total Liabilities Net Minority Interest": "1,544,000", "Total Equity Gross Minority Interest": "-235,200", "Total Capitalization": "364,500", "Common Stock Equity": "-235,200", "Capital Lease Obligations": "99,800", "Net Tangible Assets": "-364,200", "Working Capital": "-138,500", "Invested Capital": "553,900", "Tangible Book Value": "-364,200", "Total Debt": "888,900", "Net Debt": "640,100", "Share Issued": "63,607", "Ordinary Shares Number": "48,667", "Treasury Shares Number": "14,940"}}, "cf": {"TTM": {"Duration": "TTM", "Operating Cash Flow": "166,100", "Investing Cash Flow": "31,500", "Financing Cash Flow": "-169,000", "End Cash Position": "150,500", "Capital Expenditure": "-27,900", "Issuance of Debt": "275,000", "Repayment of Debt": "-552,900", "Repurchase of Capital Stock": "-1,600", "Free Cash Flow": "138,200"}, "12/31/2020": {"Duration": "12/31/2020", "Operating Cash Flow": "166,100", "Investing Cash Flow": "31,500", "Financing Cash Flow": "-169,000", "End Cash Position": "150,500", "Capital Expenditure": "-27,900", "Issuance of Debt": "275,000", "Repayment of Debt": "-552,900", "Repurchase of Capital Stock": "-1,600", "Free Cash Flow": "138,200"}, "12/31/2019": {"Duration": "12/31/2019", "Operating Cash Flow": "87,400", "Investing Cash Flow": "-27,000", "Financing Cash Flow": "-85,300", "End Cash Position": "126,100", "Capital Expenditure": "-61,000", "Issuance of Debt": "-", "Repayment of Debt": "-1,600", "Repurchase of Capital Stock": "-900", "Free Cash Flow": "26,400"}, "12/31/2018": {"Duration": "12/31/2018", "Operating Cash Flow": "132,000", "Investing Cash Flow": "-34,700", "Financing Cash Flow": "-79,000", "End Cash Position": "151,900", "Capital Expenditure": "-75,400", "Issuance of Debt": "-", "Repayment of Debt": "-1,900", "Repurchase of Capital Stock": "-101,700", "Free Cash Flow": "56,600"}}}}, {"BERY": {"quote": {"05/12/2021": {"value": "68.00", "Market Cap": "9.173B", "Beta (5Y Monthly)": "1.33", "PE Ratio (TTM)": "13.29", "EPS (TTM)": "5.12", "Earnings Date": "Jul 29, 2021 - Aug 02, 2021", "Forward Dividend & Yield": "N/A (N/A)", "Ex-Dividend Date": "N/A", "1y Target Est": "79.80"}}, "fin": {"TTM": {"Duration": "TTM", "Total Revenue": "12,029,000", "Cost of Revenue": "9,523,000", "Gross Profit": "2,506,000", "Operating Expense": "1,161,000", "Operating Income": "1,345,000", "Net Non Operating Interest Income Expense": "-414,000", "Other Income Expense": "-104,000", "Pretax Income": "827,000", "Tax Provision": "185,000", "Net Income Common Stockholders": "642,000", "Diluted NI Available to Com Stockholders": "642,000", "Basic EPS": "-", "Diluted EPS": "-", "Basic Average Shares": "-", "Diluted Average Shares": "-", "Total Operating Income as Reported": "1,284,000", "Total Expenses": "10,684,000", "Net Income from Continuing & Discontinued Operation": "642,000", "Normalized Income": "689,354", "Interest Expense": "414,000", "Net Interest Income": "-414,000", "EBIT": "1,241,000", "EBITDA": "2,085,000", "Reconciled Cost of Revenue": "8,978,000", "Reconciled Depreciation": "844,000", "Net Income from Continuing Operation Net Minority Interest": "642,000", "Total Unusual Items Excluding Goodwill": "-61,000", "Total Unusual Items": "-61,000", "Normalized EBITDA": "2,146,000", "Tax Rate for Calcs": "0", "Tax Effect of Unusual Items": "-13,646"}, "9/30/2020": {"Duration": "9/30/2020", "Total Revenue": "11,709,000", "Cost of Revenue": "9,301,000", "Gross Profit": "2,408,000", "Operating Expense": "1,150,000", "Operating Income": "1,258,000", "Net Non Operating Interest Income Expense": "-435,000", "Other Income Expense": "-110,000", "Pretax Income": "713,000", "Tax Provision": "154,000", "Net Income Common Stockholders": "559,000", "Diluted NI Available to Com Stockholders": "559,000", "Basic EPS": "4.22", "Diluted EPS": "4.14", "Basic Average Shares": "132,600", "Diluted Average Shares": "135,100", "Total Operating Income as Reported": "1,179,000", "Total Expenses": "10,451,000", "Net Income from Continuing & Discontinued Operation": "559,000", "Normalized Income": "620,620", "Interest Expense": "435,000", "Net Interest Income": "-435,000", "EBIT": "1,148,000", "EBITDA": "-", "Reconciled Cost of Revenue": "8,756,000", "Reconciled Depreciation": "845,000", "Net Income from Continuing Operation Net Minority Interest": "559,000", "Total Unusual Items Excluding Goodwill": "-79,000", "Total Unusual Items": "-79,000", "Normalized EBITDA": "2,072,000", "Tax Rate for Calcs": "0", "Tax Effect of Unusual Items": "-17,380"}, "9/30/2019": {"Duration": "9/30/2019", "Total Revenue": "8,878,000", "Cost of Revenue": "7,259,000", "Gross Profit": "1,619,000", "Operating Expense": "777,000", "Operating Income": "842,000", "Net Non Operating Interest Income Expense": "-329,000", "Other Income Expense": "-23,000", "Pretax Income": "490,000", "Tax Provision": "86,000", "Net Income Common Stockholders": "404,000", "Diluted NI Available to Com Stockholders": "404,000", "Basic EPS": "3.08", "Diluted EPS": "3.00", "Basic Average Shares": "131,300", "Diluted Average Shares": "134,600", "Total Operating Income as Reported": "974,000", "Total Expenses": "8,036,000", "Net Income from Continuing & Discontinued Operation": "404,000", "Normalized Income": "295,760", "Interest Expense": "329,000", "Net Interest Income": "-329,000", "EBIT": "819,000", "EBITDA": "-", "Reconciled Cost of Revenue": "6,840,000", "Reconciled Depreciation": "613,000", "Net Income from Continuing Operation Net Minority Interest": "404,000", "Total Unusual Items Excluding Goodwill": "132,000", "Total Unusual Items": "132,000", "Normalized EBITDA": "1,300,000", "Tax Rate for Calcs": "0", "Tax Effect of Unusual Items": "23,760"}, "9/30/2018": {"Duration": "9/30/2018", "Total Revenue": "7,869,000", "Cost of Revenue": "6,438,000", "Gross Profit": "1,431,000", "Operating Expense": "634,000", "Operating Income": "797,000", "Net Non Operating Interest Income Expense": "-259,000", "Other Income Expense": "-61,000", "Pretax Income": "477,000", "Tax Provision": "-19,000", "Net Income Common Stockholders": "496,000", "Diluted NI Available to Com Stockholders": "496,000", "Basic EPS": "3.77", "Diluted EPS": "3.67", "Basic Average Shares": "131,400", "Diluted Average Shares": "135,200", "Total Operating Income as Reported": "761,000", "Total Expenses": "7,072,000", "Net Income from Continuing & Discontinued Operation": "496,000", "Normalized Income": "522,280", "Interest Expense": "259,000", "Net Interest Income": "-259,000", "EBIT": "736,000", "EBITDA": "-", "Reconciled Cost of Revenue": "6,054,000", "Reconciled Depreciation": "538,000", "Net Income from Continuing Operation Net Minority Interest": "496,000", "Total Unusual Items Excluding Goodwill": "-36,000", "Total Unusual Items": "-36,000", "Normalized EBITDA": "1,310,000", "Tax Rate for Calcs": "0", "Tax Effect of Unusual Items": "-9,720"}}, "bs": {"9/30/2020": {"Duration": "9/30/2020", "Total Assets": "16,701,000", "Total Liabilities Net Minority Interest": "14,609,000", "Total Equity Gross Minority Interest": "2,092,000", "Total Capitalization": "12,254,000", "Common Stock Equity": "2,092,000", "Capital Lease Obligations": "464,000", "Net Tangible Assets": "-5,578,000", "Working Capital": "1,634,000", "Invested Capital": "12,329,000", "Tangible Book Value": "-5,578,000", "Total Debt": "10,701,000", "Net Debt": "9,487,000", "Share Issued": "133,600", "Ordinary Shares Number": "133,600"}, "9/30/2019": {"Duration": "9/30/2019", "Total Assets": "16,469,000", "Total Liabilities Net Minority Interest": "14,851,000", "Total Equity Gross Minority Interest": "1,618,000", "Total Capitalization": "12,879,000", "Common Stock Equity": "1,618,000", "Capital Lease Obligations": "-", "Net Tangible Assets": "-6,213,000", "Working Capital": "1,718,000", "Invested Capital": "12,983,000", "Tangible Book Value": "-6,213,000", "Total Debt": "11,365,000", "Net Debt": "10,615,000", "Share Issued": "132,300", "Ordinary Shares Number": "132,300"}, "9/30/2018": {"Duration": "9/30/2018", "Total Assets": "9,131,000", "Total Liabilities Net Minority Interest": "7,697,000", "Total Equity Gross Minority Interest": "1,434,000", "Total Capitalization": "7,237,000", "Common Stock Equity": "1,431,000", "Capital Lease Obligations": "-", "Net Tangible Assets": "-2,853,000", "Working Capital": "1,048,000", "Invested Capital": "7,275,000", "Tangible Book Value": "-2,853,000", "Total Debt": "5,844,000", "Net Debt": "5,463,000", "Share Issued": "131,400", "Ordinary Shares Number": "131,400"}}, "cf": {"TTM": {"Duration": "TTM", "Operating Cash Flow": "1,627,000", "Investing Cash Flow": "-190,000", "Financing Cash Flow": "-1,290,000", "End Cash Position": "820,000", "Capital Expenditure": "-597,000", "Issuance of Capital Stock": "35,000", "Issuance of Debt": "1,952,000", "Repayment of Debt": "-3,257,000", "Repurchase of Capital Stock": "-", "Free Cash Flow": "1,030,000"}, "9/30/2020": {"Duration": "9/30/2020", "Operating Cash Flow": "1,530,000", "Investing Cash Flow": "-316,000", "Financing Cash Flow": "-1,220,000", "End Cash Position": "750,000", "Capital Expenditure": "-583,000", "Issuance of Capital Stock": "30,000", "Issuance of Debt": "1,202,000", "Repayment of Debt": "-2,436,000", "Repurchase of Capital Stock": "0", "Free Cash Flow": "947,000"}, "9/30/2019": {"Duration": "9/30/2019", "Operating Cash Flow": "1,201,000", "Investing Cash Flow": "-6,251,000", "Financing Cash Flow": "5,426,000", "End Cash Position": "750,000", "Capital Expenditure": "-399,000", "Issuance of Capital Stock": "55,000", "Issuance of Debt": "6,784,000", "Repayment of Debt": "-1,214,000", "Repurchase of Capital Stock": "-74,000", "Free Cash Flow": "802,000"}, "9/30/2018": {"Duration": "9/30/2018", "Operating Cash Flow": "1,004,000", "Investing Cash Flow": "-1,035,000", "Financing Cash Flow": "113,000", "End Cash Position": "381,000", "Capital Expenditure": "-336,000", "Issuance of Capital Stock": "23,000", "Issuance of Debt": "498,000", "Repayment of Debt": "-335,000", "Repurchase of Capital Stock": "-33,000", "Free Cash Flow": "668,000"}}}}, {"BEST": {"quote": {"05/12/2021": {"value": "1.2800", "Market Cap": "494.452M", "Beta (5Y Monthly)": "0.54", "PE Ratio (TTM)": "N/A", "EPS (TTM)": "-0.8150", "Earnings Date": "Mar 10, 2021", "Forward Dividend & Yield": "N/A (N/A)", "Ex-Dividend Date": "N/A", "1y Target Est": "3.50"}}, "fin": {"TTM": {"Duration": "TTM", "Total Revenue": "29,995,029", "Cost of Revenue": "29,756,889", "Gross Profit": "238,140", "Operating Expense": "1,931,551", "Operating Income": "-1,693,411", "Net Non Operating Interest Income Expense": "-99,880", "Other Income Expense": "132,527", "Pretax Income": "-1,660,764", "Tax Provision": "22,124", "Earnings from Equity Interest Net of Tax": "-180", "Net Income Common Stockholders": "-2,025,508", "Diluted NI Available to Com Stockholders": "-2,025,508", "Basic EPS": "-", "Diluted EPS": "-", "Basic Average Shares": "-", "Diluted Average Shares": "-", "Total Operating Income as Reported": "-1,693,411", "Total Expenses": "31,688,440", "Interest Income": "74,727", "Interest Expense": "174,607", "Net Interest Income": "-99,880", "Net Income from Continuing & Discontinued Operation": "-2,025,508", "Normalized Income": "-1,651,170", "EBIT": "-1,486,157", "EBITDA": "-971,155", "Reconciled Cost of Revenue": "29,756,889", "Reconciled Depreciation": "515,002", "Net Income from Continuing Operation Net Minority Interest": "-1,657,352", "Total Unusual Items Excluding Goodwill": "-8,243", "Total Unusual Items": "-8,243", "Normalized EBITDA": "-962,912", "Tax Rate for Calcs": "0", "Tax Effect of Unusual Items": "-2,061"}, "12/31/2020": {"Duration": "12/31/2020", "Total Revenue": "29,995,029", "Cost of Revenue": "29,756,889", "Gross Profit": "238,140", "Operating Expense": "1,931,551", "Operating Income": "-1,693,411", "Net Non Operating Interest Income Expense": "-99,880", "Other Income Expense": "132,527", "Pretax Income": "-1,660,764", "Tax Provision": "22,124", "Earnings from Equity Interest Net of Tax": "-180", "Net Income Common Stockholders": "-2,025,508", "Diluted NI Available to Com Stockholders": "-2,025,508", "Basic EPS": "-", "Diluted EPS": "-", "Basic Average Shares": "-", "Diluted Average Shares": "-", "Total Operating Income as Reported": "-1,693,411", "Total Expenses": "31,688,440", "Interest Income": "74,727", "Interest Expense": "174,607", "Net Interest Income": "-99,880", "Net Income from Continuing & Discontinued Operation": "-2,025,508", "Normalized Income": "-1,651,170", "EBIT": "-1,486,157", "EBITDA": "-", "Reconciled Cost of Revenue": "29,756,889", "Reconciled Depreciation": "515,002", "Net Income from Continuing Operation Net Minority Interest": "-1,657,352", "Total Unusual Items Excluding Goodwill": "-8,243", "Total Unusual Items": "-8,243", "Normalized EBITDA": "-962,912", "Tax Rate for Calcs": "0", "Tax Effect of Unusual Items": "-2,061"}, "12/31/2019": {"Duration": "12/31/2019", "Total Revenue": "35,175,889", "Cost of Revenue": "33,216,863", "Gross Profit": "1,959,026", "Operating Expense": "2,284,851", "Operating Income": "-325,825", "Net Non Operating Interest Income Expense": "15,954", "Other Income Expense": "109,448", "Pretax Income": "-200,423", "Tax Provision": "18,290", "Earnings from Equity Interest Net of Tax": "-355", "Net Income Common Stockholders": "-202,416", "Diluted NI Available to Com Stockholders": "-202,416", "Basic EPS": "-0.52", "Diluted EPS": "-0.52", "Basic Average Shares": "392,514", "Diluted Average Shares": "392,514", "Total Operating Income as Reported": "-325,825", "Total Expenses": "35,501,714", "Interest Income": "95,440", "Interest Expense": "79,486", "Net Interest Income": "15,954", "Net Income from Continuing & Discontinued Operation": "-202,416", "Normalized Income": "-197,601", "EBIT": "-120,937", "EBITDA": "-", "Reconciled Cost of Revenue": "33,216,863", "Reconciled Depreciation": "492,778", "Net Income from Continuing Operation Net Minority Interest": "-202,416", "Total Unusual Items Excluding Goodwill": "-6,420", "Total Unusual Items": "-6,420", "Normalized EBITDA": "378,261", "Tax Rate for Calcs": "0", "Tax Effect of Unusual Items": "-1,605"}, "12/31/2018": {"Duration": "12/31/2018", "Total Revenue": "27,960,979", "Cost of Revenue": "26,519,842", "Gross Profit": "1,441,137", "Operating Expense": "2,099,111", "Operating Income": "-657,974", "Net Non Operating Interest Income Expense": "27,761", "Other Income Expense": "134,165", "Pretax Income": "-496,048", "Tax Provision": "11,887", "Earnings from Equity Interest Net of Tax": "-456", "Net Income Common Stockholders": "-507,988", "Diluted NI Available to Com Stockholders": "-507,988", "Basic EPS": "-1.32", "Diluted EPS": "-1.32", "Basic Average Shares": "384,409", "Diluted Average Shares": "384,409", "Total Operating Income as Reported": "-657,974", "Total Expenses": "28,618,953", "Interest Income": "102,821", "Interest Expense": "75,060", "Net Interest Income": "27,761", "Net Income from Continuing & Discontinued Operation": "-507,988", "Normalized Income": "-503,088", "EBIT": "-420,988", "EBITDA": "-", "Reconciled Cost of Revenue": "26,519,842", "Reconciled Depreciation": "461,612", "Net Income from Continuing Operation Net Minority Interest": "-507,988", "Total Unusual Items Excluding Goodwill": "-6,533", "Total Unusual Items": "-6,533", "Normalized EBITDA": "47,157", "Tax Rate for Calcs": "0", "Tax Effect of Unusual Items": "-1,633"}}, "bs": {"12/31/2020": {"Duration": "12/31/2020", "Total Assets": "19,870,823", "Total Liabilities Net Minority Interest": "18,146,219", "Total Equity Gross Minority Interest": "1,724,604", "Total Capitalization": "4,089,134", "Common Stock Equity": "1,750,619", "Capital Lease Obligations": "4,031,913", "Net Tangible Assets": "1,442,663", "Working Capital": "-3,266,538", "Invested Capital": "7,373,731", "Tangible Book Value": "1,442,663", "Total Debt": "9,655,025", "Net Debt": "4,239,795", "Share Issued": "392,514", "Ordinary Shares Number": "392,514"}, "12/31/2019": {"Duration": "12/31/2019", "Total Assets": "19,492,856", "Total Liabilities Net Minority Interest": "15,577,572", "Total Equity Gross Minority Interest": "3,915,284", "Total Capitalization": "5,281,120", "Common Stock Equity": "3,920,912", "Capital Lease Obligations": "4,521,321", "Net Tangible Assets": "3,308,339", "Working Capital": "-881,219", "Invested Capital": "7,936,555", "Tangible Book Value": "3,308,339", "Total Debt": "8,536,964", "Net Debt": "2,020,960", "Share Issued": "392,514", "Ordinary Shares Number": "392,514"}, "12/31/2018": {"Duration": "12/31/2018", "Total Assets": "12,366,282", "Total Liabilities Net Minority Interest": "8,226,124", "Total Equity Gross Minority Interest": "4,140,158", "Total Capitalization": "4,138,115", "Common Stock Equity": "4,138,115", "Capital Lease Obligations": "3,596", "Net Tangible Assets": "3,525,229", "Working Capital": "-283,772", "Invested Capital": "5,921,015", "Tangible Book Value": "3,525,229", "Total Debt": "1,786,496", "Net Debt": "152,456", "Share Issued": "392,514", "Ordinary Shares Number": "392,514"}}, "cf": {"TTM": {"Duration": "TTM", "Operating Cash Flow": "-231,235", "Investing Cash Flow": "-872,933", "Financing Cash Flow": "1,548,184", "End Cash Position": "4,209,121", "Income Tax Paid Supplemental Data": "15,760", "Interest Paid Supplemental Data": "102,682", "Capital Expenditure": "-2,659,453", "Issuance of Capital Stock": "-", "Issuance of Debt": "4,593,849", "Repayment of Debt": "-2,625,987", "Repurchase of Capital Stock": "-211,352", "Free Cash Flow": "-2,890,688"}, "12/31/2020": {"Duration": "12/31/2020", "Operating Cash Flow": "-231,235", "Investing Cash Flow": "-872,933", "Financing Cash Flow": "1,548,184", "End Cash Position": "4,209,121", "Income Tax Paid Supplemental Data": "15,760", "Interest Paid Supplemental Data": "102,682", "Capital Expenditure": "-2,659,453", "Issuance of Capital Stock": "-", "Issuance of Debt": "4,593,849", "Repayment of Debt": "-2,625,987", "Repurchase of Capital Stock": "-211,352", "Free Cash Flow": "-2,890,688"}, "12/31/2019": {"Duration": "12/31/2019", "Operating Cash Flow": "852,833", "Investing Cash Flow": "-1,912,482", "Financing Cash Flow": "2,011,812", "End Cash Position": "3,957,215", "Income Tax Paid Supplemental Data": "16,249", "Interest Paid Supplemental Data": "68,846", "Capital Expenditure": "-2,352,584", "Issuance of Capital Stock": "0", "Issuance of Debt": "5,541,766", "Repayment of Debt": "-3,385,588", "Repurchase of Capital Stock": "0", "Free Cash Flow": "-1,499,751"}, "12/31/2018": {"Duration": "12/31/2018", "Operating Cash Flow": "637,204", "Investing Cash Flow": "-1,230,953", "Financing Cash Flow": "557,149", "End Cash Position": "2,999,408", "Income Tax Paid Supplemental Data": "4,595", "Interest Paid Supplemental Data": "74,611", "Capital Expenditure": "-2,635,449", "Issuance of Capital Stock": "0", "Issuance of Debt": "3,417,700", "Repayment of Debt": "-2,856,643", "Repurchase of Capital Stock": "0", "Free Cash Flow": "-1,998,245"}}}}, {"IP": {"quote": {"05/12/2021": {"value": "62.68", "Market Cap": "24.554B", "Beta (5Y Monthly)": "1.06", "PE Ratio (TTM)": "25.56", "EPS (TTM)": "2.45", "Earnings Date": "Jul 29, 2021", "Forward Dividend & Yield": "2.05 (3.27%)", "Ex-Dividend Date": "Feb 17, 2021", "1y Target Est": "61.36"}}, "fin": {"TTM": {"Duration": "TTM", "Total Revenue": "20,580,000", "Cost of Revenue": "14,373,000", "Gross Profit": "6,207,000", "Operating Expense": "4,529,000", "Operating Income": "1,678,000", "Net Non Operating Interest Income Expense": "-444,000", "Other Income Expense": "-584,000", "Pretax Income": "650,000", "Tax Provision": "245,000", "Earnings from Equity Interest Net of Tax": "77,000", "Net Income Common Stockholders": "482,000", "Diluted NI Available to Com Stockholders": "482,000", "Basic EPS": "-", "Diluted EPS": "-", "Basic Average Shares": "-", "Diluted Average Shares": "-", "Total Expenses": "18,902,000", "Net Income from Continuing & Discontinued Operation": "482,000", "Normalized Income": "869,500", "Interest Income": "156,000", "Interest Expense": "600,000", "Net Interest Income": "-444,000", "EBIT": "1,250,000", "EBITDA": "2,537,000", "Reconciled Cost of Revenue": "14,373,000", "Reconciled Depreciation": "1,287,000", "Net Income from Continuing Operation Net Minority Interest": "482,000", "Total Unusual Items Excluding Goodwill": "-625,000", "Total Unusual Items": "-625,000", "Normalized EBITDA": "3,162,000", "Tax Rate for Calcs": "0", "Tax Effect of Unusual Items": "-237,500"}, "12/31/2020": {"Duration": "12/31/2020", "Total Revenue": "20,580,000", "Cost of Revenue": "14,373,000", "Gross Profit": "6,207,000", "Operating Expense": "4,529,000", "Operating Income": "1,678,000", "Net Non Operating Interest Income Expense": "-444,000", "Other Income Expense": "-584,000", "Pretax Income": "650,000", "Tax Provision": "245,000", "Earnings from Equity Interest Net of Tax": "77,000", "Net Income Common Stockholders": "482,000", "Diluted NI Available to Com Stockholders": "482,000", "Basic EPS": "-", "Diluted EPS": "-", "Basic Average Shares": "-", "Diluted Average Shares": "-", "Total Expenses": "18,902,000", "Net Income from Continuing & Discontinued Operation": "482,000", "Normalized Income": "869,500", "Interest Income": "156,000", "Interest Expense": "600,000", "Net Interest Income": "-444,000", "EBIT": "1,250,000", "EBITDA": "-", "Reconciled Cost of Revenue": "14,373,000", "Reconciled Depreciation": "1,287,000", "Net Income from Continuing Operation Net Minority Interest": "482,000", "Total Unusual Items Excluding Goodwill": "-625,000", "Total Unusual Items": "-625,000", "Normalized EBITDA": "3,162,000", "Tax Rate for Calcs": "0", "Tax Effect of Unusual Items": "-237,500"}, "12/31/2019": {"Duration": "12/31/2019", "Total Revenue": "22,376,000", "Cost of Revenue": "15,268,000", "Gross Profit": "7,108,000", "Operating Expense": "4,683,000", "Operating Income": "2,425,000", "Net Non Operating Interest Income Expense": "-491,000", "Other Income Expense": "-330,000", "Pretax Income": "1,604,000", "Tax Provision": "634,000", "Earnings from Equity Interest Net of Tax": "250,000", "Net Income Common Stockholders": "1,225,000", "Diluted NI Available to Com Stockholders": "1,225,000", "Basic EPS": "3.10", "Diluted EPS": "3.07", "Basic Average Shares": "395,161", "Diluted Average Shares": "398,800", "Total Expenses": "19,951,000", "Net Income from Continuing & Discontinued Operation": "1,225,000", "Normalized Income": "1,401,400", "Interest Income": "215,000", "Interest Expense": "706,000", "Net Interest Income": "-491,000", "EBIT": "2,310,000", "EBITDA": "-", "Reconciled Cost of Revenue": "15,268,000", "Reconciled Depreciation": "1,306,000", "Net Income from Continuing Operation Net Minority Interest": "1,225,000", "Total Unusual Items Excluding Goodwill": "-294,000", "Total Unusual Items": "-294,000", "Normalized EBITDA": "3,910,000", "Tax Rate for Calcs": "0", "Tax Effect of Unusual Items": "-117,600"}, "12/31/2018": {"Duration": "12/31/2018", "Total Revenue": "23,306,000", "Cost of Revenue": "15,555,000", "Gross Profit": "7,751,000", "Operating Expense": "4,789,000", "Operating Income": "2,962,000", "Net Non Operating Interest Income Expense": "-536,000", "Other Income Expense": "-645,000", "Pretax Income": "1,781,000", "Tax Provision": "445,000", "Earnings from Equity Interest Net of Tax": "336,000", "Net Income Common Stockholders": "2,012,000", "Diluted NI Available to Com Stockholders": "2,012,000", "Basic EPS": "4.91", "Diluted EPS": "4.85", "Basic Average Shares": "409,776", "Diluted Average Shares": "414,200", "Total Expenses": "20,344,000", "Net Income from Continuing & Discontinued Operation": "2,012,000", "Normalized Income": "1,780,250", "Interest Income": "198,000", "Interest Expense": "734,000", "Net Interest Income": "-536,000", "EBIT": "2,515,000", "EBITDA": "-", "Reconciled Cost of Revenue": "15,555,000", "Reconciled Depreciation": "1,328,000", "Net Income from Continuing Operation Net Minority Interest": "1,667,000", "Total Unusual Items Excluding Goodwill": "-151,000", "Total Unusual Items": "-151,000", "Normalized EBITDA": "3,994,000", "Tax Rate for Calcs": "0", "Tax Effect of Unusual Items": "-37,750"}}, "bs": {"12/31/2020": {"Duration": "12/31/2020", "Total Assets": "31,718,000", "Total Liabilities Net Minority Interest": "23,850,000", "Total Equity Gross Minority Interest": "7,868,000", "Total Capitalization": "18,010,000", "Common Stock Equity": "7,854,000", "Capital Lease Obligations": "315,000", "Net Tangible Assets": "4,222,000", "Working Capital": "2,952,000", "Invested Capital": "22,259,000", "Tangible Book Value": "4,222,000", "Total Debt": "14,720,000", "Net Debt": "13,810,000", "Share Issued": "448,900", "Ordinary Shares Number": "393,100", "Treasury Shares Number": "55,800"}, "12/31/2019": {"Duration": "12/31/2019", "Total Assets": "33,471,000", "Total Liabilities Net Minority Interest": "25,753,000", "Total Equity Gross Minority Interest": "7,718,000", "Total Capitalization": "19,395,000", "Common Stock Equity": "7,713,000", "Capital Lease Obligations": "304,000", "Net Tangible Assets": "3,998,000", "Working Capital": "-2,007,000", "Invested Capital": "23,783,000", "Tangible Book Value": "3,998,000", "Total Debt": "16,374,000", "Net Debt": "15,559,000", "Share Issued": "448,900", "Ordinary Shares Number": "392,100", "Treasury Shares Number": "56,800"}, "12/31/2018": {"Duration": "12/31/2018", "Total Assets": "33,576,000", "Total Liabilities Net Minority Interest": "26,193,000", "Total Equity Gross Minority Interest": "7,383,000", "Total Capitalization": "23,675,000", "Common Stock Equity": "7,362,000", "Capital Lease Obligations": "-", "Net Tangible Assets": "3,595,000", "Working Capital": "2,302,000", "Invested Capital": "24,314,000", "Tangible Book Value": "3,595,000", "Total Debt": "16,952,000", "Net Debt": "16,363,000", "Share Issued": "448,900", "Ordinary Shares Number": "400,590", "Treasury Shares Number": "48,310"}}, "cf": {"TTM": {"Duration": "TTM", "Operating Cash Flow": "3,063,000", "Investing Cash Flow": "-269,000", "Financing Cash Flow": "-2,700,000", "Other Cash Adjustment Inside Change in Cash": "-2,000", "End Cash Position": "595,000", "Capital Expenditure": "-751,000", "Issuance of Capital Stock": "-", "Issuance of Debt": "583,000", "Repayment of Debt": "-2,278,000", "Repurchase of Capital Stock": "-42,000", "Free Cash Flow": "2,312,000"}, "12/31/2020": {"Duration": "12/31/2020", "Operating Cash Flow": "3,063,000", "Investing Cash Flow": "-269,000", "Financing Cash Flow": "-2,700,000", "Other Cash Adjustment Inside Change in Cash": "-2,000", "End Cash Position": "595,000", "Capital Expenditure": "-751,000", "Issuance of Capital Stock": "-", "Issuance of Debt": "583,000", "Repayment of Debt": "-2,278,000", "Repurchase of Capital Stock": "-42,000", "Free Cash Flow": "2,312,000"}, "12/31/2019": {"Duration": "12/31/2019", "Operating Cash Flow": "3,610,000", "Investing Cash Flow": "-1,300,000", "Financing Cash Flow": "-2,389,000", "Other Cash Adjustment Inside Change in Cash": "-", "End Cash Position": "511,000", "Capital Expenditure": "-1,276,000", "Issuance of Capital Stock": "-", "Issuance of Debt": "534,000", "Repayment of Debt": "-1,507,000", "Repurchase of Capital Stock": "-535,000", "Free Cash Flow": "2,334,000"}, "12/31/2018": {"Duration": "12/31/2018", "Operating Cash Flow": "3,226,000", "Investing Cash Flow": "-1,569,000", "Financing Cash Flow": "-2,046,000", "Other Cash Adjustment Inside Change in Cash": "-", "End Cash Position": "589,000", "Capital Expenditure": "-1,572,000", "Issuance of Capital Stock": "-", "Issuance of Debt": "490,000", "Repayment of Debt": "-1,008,000", "Repurchase of Capital Stock": "-732,000", "Free Cash Flow": "1,654,000"}}}}, {"SON": {"quote": {"04/25/2021": {"value": "65.42", "Market Cap": "6.576B", "Beta (5Y Monthly)": "0.83", "PE Ratio (TTM)": "33.36", "EPS (TTM)": "1.96", "Earnings Date": "Jul 22, 2021", "Forward Dividend & Yield": "1.80 (2.75%)", "Ex-Dividend Date": "May 07, 2021", "1y Target Est": "65.14"}}, "fin": {"TTM": {"Duration": "TTM", "Total Revenue": "5,287,451", "Cost of Revenue": "4,229,801", "Gross Profit": "1,057,650", "Operating Expense": "579,628", "Operating Income": "478,022", "Net Non Operating Interest Income Expense": "-73,756", "Other Income Expense": "-159,859", "Pretax Income": "244,407", "Tax Provision": "50,319", "Earnings from Equity Interest Net of Tax": "5,210", "Net Income Common Stockholders": "199,315", "Diluted NI Available to Com Stockholders": "199,315", "Basic EPS": "-", "Diluted EPS": "-", "Basic Average Shares": "-", "Diluted Average Shares": "-", "Total Operating Income as Reported": "348,010", "Total Expenses": "4,809,429", "Net Income from Continuing & Discontinued Operation": "199,315", "Normalized Income": "326,262", "Interest Income": "-", "Interest Expense": "76,248", "Net Interest Income": "-73,756", "EBIT": "320,655", "EBITDA": "576,789", "Reconciled Cost of Revenue": "4,229,801", "Reconciled Depreciation": "256,134", "Net Income from Continuing Operation Net Minority Interest": "199,315", "Total Unusual Items Excluding Goodwill": "-159,859", "Total Unusual Items": "-159,859", "Normalized EBITDA": "736,648", "Tax Rate for Calcs": "0", "Tax Effect of Unusual Items": "-32,912"}, "12/31/2020": {"Duration": "12/31/2020", "Total Revenue": "5,237,443", "Cost of Revenue": "4,191,104", "Gross Profit": "1,046,339", "Operating Expense": "558,581", "Operating Income": "487,758", "Net Non Operating Interest Income Expense": "-72,070", "Other Income Expense": "-160,096", "Pretax Income": "255,592", "Tax Provision": "53,030", "Earnings from Equity Interest Net of Tax": "4,679", "Net Income Common Stockholders": "207,463", "Diluted NI Available to Com Stockholders": "207,463", "Basic EPS": "-", "Diluted EPS": "-", "Basic Average Shares": "-", "Diluted Average Shares": "-", "Total Operating Income as Reported": "357,804", "Total Expenses": "4,749,685", "Net Income from Continuing & Discontinued Operation": "207,463", "Normalized Income": "334,419", "Interest Income": "2,976", "Interest Expense": "75,046", "Net Interest Income": "-72,070", "EBIT": "330,638", "EBITDA": "-", "Reconciled Cost of Revenue": "4,191,104", "Reconciled Depreciation": "255,359", "Net Income from Continuing Operation Net Minority Interest": "207,463", "Total Unusual Items Excluding Goodwill": "-160,096", "Total Unusual Items": "-160,096", "Normalized EBITDA": "746,093", "Tax Rate for Calcs": "0", "Tax Effect of Unusual Items": "-33,140"}, "12/31/2019": {"Duration": "12/31/2019", "Total Revenue": "5,374,207", "Cost of Revenue": "4,316,378", "Gross Profit": "1,057,829", "Operating Expense": "555,580", "Operating Income": "502,249", "Net Non Operating Interest Income Expense": "-61,603", "Other Income Expense": "-59,880", "Pretax Income": "380,766", "Tax Provision": "93,269", "Earnings from Equity Interest Net of Tax": "5,171", "Net Income Common Stockholders": "291,785", "Diluted NI Available to Com Stockholders": "291,785", "Basic EPS": "2.91", "Diluted EPS": "2.88", "Basic Average Shares": "100,198", "Diluted Average Shares": "101,176", "Total Operating Income as Reported": "467,082", "Total Expenses": "4,871,958", "Net Income from Continuing & Discontinued Operation": "291,785", "Normalized Income": "336,994", "Interest Income": "5,242", "Interest Expense": "66,845", "Net Interest Income": "-61,603", "EBIT": "447,611", "EBITDA": "-", "Reconciled Cost of Revenue": "4,316,378", "Reconciled Depreciation": "239,140", "Net Income from Continuing Operation Net Minority Interest": "291,785", "Total Unusual Items Excluding Goodwill": "-59,880", "Total Unusual Items": "-59,880", "Normalized EBITDA": "746,631", "Tax Rate for Calcs": "0", "Tax Effect of Unusual Items": "-14,671"}, "12/31/2018": {"Duration": "12/31/2018", "Total Revenue": "5,390,938", "Cost of Revenue": "4,349,932", "Gross Profit": "1,041,006", "Operating Expense": "564,247", "Operating Income": "476,759", "Net Non Operating Interest Income Expense": "-58,157", "Other Income Expense": "-40,071", "Pretax Income": "378,531", "Tax Provision": "75,008", "Earnings from Equity Interest Net of Tax": "11,216", "Net Income Common Stockholders": "313,560", "Diluted NI Available to Com Stockholders": "313,560", "Basic EPS": "3.14", "Diluted EPS": "3.10", "Basic Average Shares": "99,829", "Diluted Average Shares": "101,016", "Total Operating Income as Reported": "437,629", "Total Expenses": "4,914,179", "Net Income from Continuing & Discontinued Operation": "313,560", "Normalized Income": "345,697", "Interest Income": "4,990", "Interest Expense": "63,147", "Net Interest Income": "-58,157", "EBIT": "441,678", "EBITDA": "-", "Reconciled Cost of Revenue": "4,349,932", "Reconciled Depreciation": "236,245", "Net Income from Continuing Operation Net Minority Interest": "313,560", "Total Unusual Items Excluding Goodwill": "-40,071", "Total Unusual Items": "-40,071", "Normalized EBITDA": "717,994", "Tax Rate for Calcs": "0", "Tax Effect of Unusual Items": "-7,934"}}, "bs": {"12/31/2020": {"Duration": "12/31/2020", "Total Assets": "5,277,259", "Total Liabilities Net Minority Interest": "3,366,731", "Total Equity Gross Minority Interest": "1,910,528", "Total Capitalization": "3,144,045", "Common Stock Equity": "1,899,605", "Capital Lease Obligations": "262,048", "Net Tangible Assets": "188,416", "Working Capital": "318,920", "Invested Capital": "3,599,829", "Tangible Book Value": "188,416", "Total Debt": "1,962,272", "Net Debt": "1,135,376", "Share Issued": "100,447", "Ordinary Shares Number": "100,447"}, "12/31/2019": {"Duration": "12/31/2019", "Total Assets": "5,126,289", "Total Liabilities Net Minority Interest": "3,310,584", "Total Equity Gross Minority Interest": "1,815,705", "Total Capitalization": "2,995,817", "Common Stock Equity": "1,802,682", "Capital Lease Obligations": "253,992", "Net Tangible Assets": "-14,956", "Working Capital": "116,704", "Invested Capital": "3,484,051", "Tangible Book Value": "-14,956", "Total Debt": "1,935,361", "Net Debt": "1,536,086", "Share Issued": "100,198", "Ordinary Shares Number": "100,198"}, "12/31/2018": {"Duration": "12/31/2018", "Total Assets": "4,583,465", "Total Liabilities Net Minority Interest": "2,811,187", "Total Equity Gross Minority Interest": "1,772,278", "Total Capitalization": "2,948,803", "Common Stock Equity": "1,759,086", "Capital Lease Obligations": "-", "Net Tangible Assets": "97,882", "Working Capital": "436,342", "Invested Capital": "3,144,248", "Tangible Book Value": "97,882", "Total Debt": "1,385,162", "Net Debt": "1,264,773", "Share Issued": "99,829", "Ordinary Shares Number": "99,829"}}, "cf": {"TTM": {"Duration": "TTM", "Operating Cash Flow": "756,623", "Investing Cash Flow": "-133,821", "Financing Cash Flow": "-151,770", "Other Cash Adjustment Inside Change in Cash": "-", "End Cash Position": "571,562", "Income Tax Paid Supplemental Data": "-", "Interest Paid Supplemental Data": "-", "Capital Expenditure": "-199,591", "Issuance of Capital Stock": "-", "Issuance of Debt": "-", "Repayment of Debt": "-884,638", "Repurchase of Capital Stock": "-", "Free Cash Flow": "557,032"}, "12/31/2020": {"Duration": "12/31/2020", "Operating Cash Flow": "705,621", "Investing Cash Flow": "-126,327", "Financing Cash Flow": "-162,874", "Other Cash Adjustment Inside Change in Cash": "27,776", "End Cash Position": "564,848", "Income Tax Paid Supplemental Data": "65,002", "Interest Paid Supplemental Data": "71,707", "Capital Expenditure": "-194,127", "Issuance of Capital Stock": "-", "Issuance of Debt": "1,121,860", "Repayment of Debt": "-886,055", "Repurchase of Capital Stock": "-8,483", "Free Cash Flow": "511,494"}, "12/31/2019": {"Duration": "12/31/2019", "Operating Cash Flow": "425,850", "Investing Cash Flow": "-479,097", "Financing Cash Flow": "77,200", "Other Cash Adjustment Inside Change in Cash": "-18,264", "End Cash Position": "145,283", "Income Tax Paid Supplemental Data": "82,512", "Interest Paid Supplemental Data": "66,768", "Capital Expenditure": "-195,934", "Issuance of Capital Stock": "-", "Issuance of Debt": "276,843", "Repayment of Debt": "-139,582", "Repurchase of Capital Stock": "-9,608", "Free Cash Flow": "229,916"}, "12/31/2018": {"Duration": "12/31/2018", "Operating Cash Flow": "589,898", "Investing Cash Flow": "-444,128", "Financing Cash Flow": "-273,654", "Other Cash Adjustment Inside Change in Cash": "-59,147", "End Cash Position": "120,389", "Income Tax Paid Supplemental Data": "103,442", "Interest Paid Supplemental Data": "63,147", "Capital Expenditure": "-192,574", "Issuance of Capital Stock": "-", "Issuance of Debt": "226,885", "Repayment of Debt": "-281,262", "Repurchase of Capital Stock": "-14,561", "Free Cash Flow": "397,324"}}}}, {"CCK": {"quote": {"04/25/2021": {"value": "109.61", "Market Cap": "14.545B", "Beta (5Y Monthly)": "1.14", "PE Ratio (TTM)": "20.99", "EPS (TTM)": "5.22", "Earnings Date": "Jul 19, 2021 - Jul 23, 2021", "Forward Dividend & Yield": "0.80 (0.73%)", "Ex-Dividend Date": "Mar 10, 2021", "1y Target Est": "127.17"}}, "fin": {"TTM": {"Duration": "TTM", "Total Revenue": "11,896,000", "Cost of Revenue": "9,363,000", "Gross Profit": "2,533,000", "Operating Expense": "1,102,000", "Operating Income": "1,431,000", "Net Non Operating Interest Income Expense": "-285,000", "Other Income Expense": "-53,000", "Pretax Income": "1,093,000", "Tax Provision": "281,000", "Earnings from Equity Interest Net of Tax": "7,000", "Net Income Common Stockholders": "702,000", "Diluted NI Available to Com Stockholders": "702,000", "Basic EPS": "-", "Diluted EPS": "-", "Basic Average Shares": "-", "Diluted Average Shares": "-", "Total Operating Income as Reported": "1,402,000", "Total Expenses": "10,465,000", "Net Income from Continuing & Discontinued Operation": "702,000", "Normalized Income": "731,716", "Interest Income": "6,000", "Interest Expense": "291,000", "Net Interest Income": "-285,000", "EBIT": "1,384,000", "EBITDA": "1,870,000", "Reconciled Cost of Revenue": "9,363,000", "Reconciled Depreciation": "486,000", "Net Income from Continuing Operation Net Minority Interest": "702,000", "Total Unusual Items Excluding Goodwill": "-40,000", "Total Unusual Items": "-40,000", "Normalized EBITDA": "1,910,000", "Tax Rate for Calcs": "0", "Tax Effect of Unusual Items": "-10,284"}, "12/31/2020": {"Duration": "12/31/2020", "Total Revenue": "11,575,000", "Cost of Revenue": "9,182,000", "Gross Profit": "2,393,000", "Operating Expense": "1,095,000", "Operating Income": "1,298,000", "Net Non Operating Interest Income Expense": "-292,000", "Other Income Expense": "-80,000", "Pretax Income": "926,000", "Tax Provision": "244,000", "Earnings from Equity Interest Net of Tax": "6,000", "Net Income Common Stockholders": "579,000", "Diluted NI Available to Com Stockholders": "579,000", "Basic EPS": "4.34", "Diluted EPS": "4.30", "Basic Average Shares": "133,525", "Diluted Average Shares": "134,561", "Total Operating Income as Reported": "1,264,000", "Total Expenses": "10,277,000", "Net Income from Continuing & Discontinued Operation": "579,000", "Normalized Income": "604,795", "Interest Income": "8,000", "Interest Expense": "300,000", "Net Interest Income": "-292,000", "EBIT": "1,226,000", "EBITDA": "-", "Reconciled Cost of Revenue": "9,182,000", "Reconciled Depreciation": "481,000", "Net Income from Continuing Operation Net Minority Interest": "579,000", "Total Unusual Items Excluding Goodwill": "-35,000", "Total Unusual Items": "-35,000", "Normalized EBITDA": "1,742,000", "Tax Rate for Calcs": "0", "Tax Effect of Unusual Items": "-9,205"}, "12/31/2019": {"Duration": "12/31/2019", "Total Revenue": "11,665,000", "Cost of Revenue": "9,349,000", "Gross Profit": "2,316,000", "Operating Expense": "1,121,000", "Operating Income": "1,195,000", "Net Non Operating Interest Income Expense": "-361,000", "Other Income Expense": "-48,000", "Pretax Income": "786,000", "Tax Provision": "166,000", "Earnings from Equity Interest Net of Tax": "5,000", "Net Income Common Stockholders": "510,000", "Diluted NI Available to Com Stockholders": "510,000", "Basic EPS": "3.81", "Diluted EPS": "3.78", "Basic Average Shares": "133,888", "Diluted Average Shares": "134,885", "Total Operating Income as Reported": "1,196,000", "Total Expenses": "10,470,000", "Net Income from Continuing & Discontinued Operation": "510,000", "Normalized Income": "537,615", "Interest Income": "17,000", "Interest Expense": "378,000", "Net Interest Income": "-361,000", "EBIT": "1,164,000", "EBITDA": "-", "Reconciled Cost of Revenue": "9,349,000", "Reconciled Depreciation": "490,000", "Net Income from Continuing Operation Net Minority Interest": "510,000", "Total Unusual Items Excluding Goodwill": "-35,000", "Total Unusual Items": "-35,000", "Normalized EBITDA": "1,689,000", "Tax Rate for Calcs": "0", "Tax Effect of Unusual Items": "-7,385"}, "12/31/2018": {"Duration": "12/31/2018", "Total Revenue": "11,151,000", "Cost of Revenue": "9,028,000", "Gross Profit": "2,123,000", "Operating Expense": "983,000", "Operating Income": "1,140,000", "Net Non Operating Interest Income Expense": "-363,000", "Other Income Expense": "-37,000", "Pretax Income": "740,000", "Tax Provision": "216,000", "Earnings from Equity Interest Net of Tax": "4,000", "Net Income Common Stockholders": "439,000", "Diluted NI Available to Com Stockholders": "439,000", "Basic EPS": "3.28", "Diluted EPS": "3.28", "Basic Average Shares": "133,641", "Diluted Average Shares": "133,878", "Total Operating Income as Reported": "1,096,000", "Total Expenses": "10,011,000", "Net Income from Continuing & Discontinued Operation": "439,000", "Normalized Income": "482,896", "Interest Income": "21,000", "Interest Expense": "384,000", "Net Interest Income": "-363,000", "EBIT": "1,124,000", "EBITDA": "-", "Reconciled Cost of Revenue": "9,028,000", "Reconciled Depreciation": "425,000", "Net Income from Continuing Operation Net Minority Interest": "439,000", "Total Unusual Items Excluding Goodwill": "-62,000", "Total Unusual Items": "-62,000", "Normalized EBITDA": "1,611,000", "Tax Rate for Calcs": "0", "Tax Effect of Unusual Items": "-18,104"}}, "bs": {"12/31/2020": {"Duration": "12/31/2020", "Total Assets": "16,670,000", "Total Liabilities Net Minority Interest": "14,066,000", "Total Equity Gross Minority Interest": "2,604,000", "Total Capitalization": "10,221,000", "Common Stock Equity": "2,198,000", "Capital Lease Obligations": "229,000", "Net Tangible Assets": "-4,275,000", "Working Capital": "622,000", "Invested Capital": "10,409,000", "Tangible Book Value": "-4,275,000", "Total Debt": "8,440,000", "Net Debt": "7,038,000", "Share Issued": "185,744", "Ordinary Shares Number": "134,801", "Treasury Shares Number": "50,943"}, "12/31/2019": {"Duration": "12/31/2019", "Total Assets": "15,505,000", "Total Liabilities Net Minority Interest": "13,413,000", "Total Equity Gross Minority Interest": "2,092,000", "Total Capitalization": "9,531,000", "Common Stock Equity": "1,713,000", "Capital Lease Obligations": "218,000", "Net Tangible Assets": "-4,732,000", "Working Capital": "103,000", "Invested Capital": "9,668,000", "Tangible Book Value": "-4,732,000", "Total Debt": "8,173,000", "Net Debt": "7,348,000", "Share Issued": "185,744", "Ordinary Shares Number": "135,578", "Treasury Shares Number": "50,166"}, "12/31/2018": {"Duration": "12/31/2018", "Total Assets": "15,262,000", "Total Liabilities Net Minority Interest": "13,976,000", "Total Equity Gross Minority Interest": "1,286,000", "Total Capitalization": "9,454,000", "Common Stock Equity": "937,000", "Capital Lease Obligations": "-", "Net Tangible Assets": "-5,698,000", "Working Capital": "166,000", "Invested Capital": "9,629,000", "Tangible Book Value": "-5,698,000", "Total Debt": "8,692,000", "Net Debt": "8,085,000", "Share Issued": "185,744", "Ordinary Shares Number": "135,174", "Treasury Shares Number": "50,570"}}, "cf": {"TTM": {"Duration": "TTM", "Operating Cash Flow": "1,537,000", "Investing Cash Flow": "-559,000", "Financing Cash Flow": "-1,176,000", "End Cash Position": "623,000", "Capital Expenditure": "-612,000", "Issuance of Capital Stock": "-", "Issuance of Debt": "-", "Repayment of Debt": "-", "Repurchase of Capital Stock": "-21,000", "Free Cash Flow": "925,000"}, "12/31/2020": {"Duration": "12/31/2020", "Operating Cash Flow": "1,315,000", "Investing Cash Flow": "-535,000", "Financing Cash Flow": "-239,000", "End Cash Position": "1,238,000", "Capital Expenditure": "-587,000", "Issuance of Capital Stock": "2,000", "Issuance of Debt": "139,000", "Repayment of Debt": "-272,000", "Repurchase of Capital Stock": "-66,000", "Free Cash Flow": "728,000"}, "12/31/2019": {"Duration": "12/31/2019", "Operating Cash Flow": "1,163,000", "Investing Cash Flow": "-374,000", "Financing Cash Flow": "-786,000", "End Cash Position": "663,000", "Capital Expenditure": "-432,000", "Issuance of Capital Stock": "4,000", "Issuance of Debt": "2,216,000", "Repayment of Debt": "-2,870,000", "Repurchase of Capital Stock": "-7,000", "Free Cash Flow": "731,000"}, "12/31/2018": {"Duration": "12/31/2018", "Operating Cash Flow": "571,000", "Investing Cash Flow": "-3,843,000", "Financing Cash Flow": "3,533,000", "End Cash Position": "659,000", "Capital Expenditure": "-462,000", "Issuance of Capital Stock": "1,000", "Issuance of Debt": "4,013,000", "Repayment of Debt": "-333,000", "Repurchase of Capital Stock": "-4,000", "Free Cash Flow": "109,000"}}}}, {"VRTV": {"quote": {"04/25/2021": {"value": "42.39", "Market Cap": "643.955M", "Beta (5Y Monthly)": "2.28", "PE Ratio (TTM)": "20.38", "EPS (TTM)": "2.08", "Earnings Date": "May 05, 2021", "Forward Dividend & Yield": "N/A (N/A)", "Ex-Dividend Date": "N/A", "1y Target Est": "50.00"}}, "fin": {"TTM": {"Duration": "TTM", "Total Revenue": "6,345,600", "Cost of Revenue": "5,040,200", "Gross Profit": "1,305,400", "Operating Expense": "1,205,400", "Operating Income": "100,000", "Net Non Operating Interest Income Expense": "-25,100", "Other Income Expense": "-31,900", "Pretax Income": "43,000", "Tax Provision": "8,800", "Net Income Common Stockholders": "34,200", "Diluted NI Available to Com Stockholders": "34,200", "Basic EPS": "-", "Diluted EPS": "-", "Basic Average Shares": "-", "Diluted Average Shares": "-", "Total Operating Income as Reported": "47,800", "Total Expenses": "6,245,600", "Net Income from Continuing & Discontinued Operation": "34,200", "Normalized Income": "75,699", "Interest Expense": "23,000", "Net Interest Income": "-25,100", "EBIT": "66,000", "EBITDA": "123,700", "Reconciled Cost of Revenue": "5,040,200", "Reconciled Depreciation": "57,700", "Net Income from Continuing Operation Net Minority Interest": "34,200", "Total Unusual Items Excluding Goodwill": "-52,200", "Total Unusual Items": "-52,200", "Normalized EBITDA": "175,900", "Tax Rate for Calcs": "0", "Tax Effect of Unusual Items": "-10,701"}, "12/31/2020": {"Duration": "12/31/2020", "Total Revenue": "6,345,600", "Cost of Revenue": "5,040,200", "Gross Profit": "1,305,400", "Operating Expense": "1,205,400", "Operating Income": "100,000", "Net Non Operating Interest Income Expense": "-25,100", "Other Income Expense": "-31,900", "Pretax Income": "43,000", "Tax Provision": "8,800", "Net Income Common Stockholders": "34,200", "Diluted NI Available to Com Stockholders": "34,200", "Basic EPS": "-", "Diluted EPS": "-", "Basic Average Shares": "-", "Diluted Average Shares": "-", "Total Operating Income as Reported": "47,800", "Total Expenses": "6,245,600", "Net Income from Continuing & Discontinued Operation": "34,200", "Normalized Income": "75,699", "Interest Expense": "23,000", "Net Interest Income": "-25,100", "EBIT": "66,000", "EBITDA": "-", "Reconciled Cost of Revenue": "5,040,200", "Reconciled Depreciation": "57,700", "Net Income from Continuing Operation Net Minority Interest": "34,200", "Total Unusual Items Excluding Goodwill": "-52,200", "Total Unusual Items": "-52,200", "Normalized EBITDA": "175,900", "Tax Rate for Calcs": "0", "Tax Effect of Unusual Items": "-10,701"}, "12/31/2019": {"Duration": "12/31/2019", "Total Revenue": "7,659,400", "Cost of Revenue": "6,206,200", "Gross Profit": "1,453,200", "Operating Expense": "1,386,000", "Operating Income": "67,200", "Net Non Operating Interest Income Expense": "-38,100", "Other Income Expense": "-57,900", "Pretax Income": "-28,800", "Tax Provision": "700", "Net Income Common Stockholders": "-29,500", "Diluted NI Available to Com Stockholders": "-29,500", "Basic EPS": "-1.84", "Diluted EPS": "-1.84", "Basic Average Shares": "16,060", "Diluted Average Shares": "16,060", "Total Operating Income as Reported": "20,900", "Total Expenses": "7,592,200", "Net Income from Continuing & Discontinued Operation": "-29,500", "Normalized Income": "4,299", "Interest Expense": "35,500", "Net Interest Income": "-38,100", "EBIT": "6,700", "EBITDA": "-", "Reconciled Cost of Revenue": "6,206,200", "Reconciled Depreciation": "53,500", "Net Income from Continuing Operation Net Minority Interest": "-29,500", "Total Unusual Items Excluding Goodwill": "-46,300", "Total Unusual Items": "-46,300", "Normalized EBITDA": "106,500", "Tax Rate for Calcs": "0", "Tax Effect of Unusual Items": "-12,501"}, "12/31/2018": {"Duration": "12/31/2018", "Total Revenue": "8,696,200", "Cost of Revenue": "7,155,700", "Gross Profit": "1,540,500", "Operating Expense": "1,471,600", "Operating Income": "68,900", "Net Non Operating Interest Income Expense": "-42,300", "Other Income Expense": "-36,800", "Pretax Income": "-10,200", "Tax Provision": "5,500", "Net Income Common Stockholders": "-15,700", "Diluted NI Available to Com Stockholders": "-15,700", "Basic EPS": "-0.99", "Diluted EPS": "-0.99", "Basic Average Shares": "15,820", "Diluted Average Shares": "15,820", "Total Operating Income as Reported": "15,800", "Total Expenses": "8,627,300", "Net Income from Continuing & Discontinued Operation": "-15,700", "Normalized Income": "23,063", "Interest Expense": "39,700", "Net Interest Income": "-42,300", "EBIT": "29,500", "EBITDA": "-", "Reconciled Cost of Revenue": "7,155,700", "Reconciled Depreciation": "53,500", "Net Income from Continuing Operation Net Minority Interest": "-15,700", "Total Unusual Items Excluding Goodwill": "-53,100", "Total Unusual Items": "-53,100", "Normalized EBITDA": "136,100", "Tax Rate for Calcs": "0", "Tax Effect of Unusual Items": "-14,337"}}, "bs": {"12/31/2020": {"Duration": "12/31/2020", "Total Assets": "2,335,000", "Total Liabilities Net Minority Interest": "1,751,900", "Total Equity Gross Minority Interest": "583,100", "Total Capitalization": "1,103,300", "Common Stock Equity": "583,100", "Capital Lease Obligations": "471,600", "Net Tangible Assets": "436,100", "Working Capital": "805,600", "Invested Capital": "1,104,600", "Tangible Book Value": "436,100", "Total Debt": "993,100", "Net Debt": "400,900", "Share Issued": "16,600", "Ordinary Shares Number": "15,900", "Treasury Shares Number": "700"}, "12/31/2019": {"Duration": "12/31/2019", "Total Assets": "2,511,100", "Total Liabilities Net Minority Interest": "1,974,900", "Total Equity Gross Minority Interest": "536,200", "Total Capitalization": "1,278,600", "Common Stock Equity": "536,200", "Capital Lease Obligations": "467,100", "Net Tangible Assets": "384,400", "Working Capital": "899,100", "Invested Capital": "1,291,200", "Tangible Book Value": "384,400", "Total Debt": "1,222,100", "Net Debt": "717,000", "Share Issued": "16,400", "Ordinary Shares Number": "16,100", "Treasury Shares Number": "300"}, "12/31/2018": {"Duration": "12/31/2018", "Total Assets": "2,529,700", "Total Liabilities Net Minority Interest": "1,986,600", "Total Equity Gross Minority Interest": "543,100", "Total Capitalization": "1,506,700", "Common Stock Equity": "543,100", "Capital Lease Obligations": "24,200", "Net Tangible Assets": "386,300", "Working Capital": "1,234,600", "Invested Capital": "1,513,400", "Tangible Book Value": "386,300", "Total Debt": "994,500", "Net Debt": "906,000", "Share Issued": "16,200", "Ordinary Shares Number": "15,900", "Treasury Shares Number": "300"}}, "cf": {"TTM": {"Duration": "TTM", "Operating Cash Flow": "289,200", "Investing Cash Flow": "-5,300", "Financing Cash Flow": "-202,600", "End Cash Position": "120,600", "Income Tax Paid Supplemental Data": "7,800", "Interest Paid Supplemental Data": "22,000", "Capital Expenditure": "-23,600", "Issuance of Debt": "5,566,000", "Repayment of Debt": "-5,732,200", "Repurchase of Capital Stock": "-3,500", "Free Cash Flow": "265,600"}, "12/31/2020": {"Duration": "12/31/2020", "Operating Cash Flow": "289,200", "Investing Cash Flow": "-5,300", "Financing Cash Flow": "-202,600", "End Cash Position": "120,600", "Income Tax Paid Supplemental Data": "7,800", "Interest Paid Supplemental Data": "22,000", "Capital Expenditure": "-23,600", "Issuance of Debt": "5,566,000", "Repayment of Debt": "-5,732,200", "Repurchase of Capital Stock": "-3,500", "Free Cash Flow": "265,600"}, "12/31/2019": {"Duration": "12/31/2019", "Operating Cash Flow": "281,000", "Investing Cash Flow": "-33,600", "Financing Cash Flow": "-273,900", "End Cash Position": "38,000", "Income Tax Paid Supplemental Data": "4,800", "Interest Paid Supplemental Data": "34,700", "Capital Expenditure": "-34,100", "Issuance of Debt": "6,746,500", "Repayment of Debt": "-7,016,100", "Repurchase of Capital Stock": "-", "Free Cash Flow": "246,900"}, "12/31/2018": {"Duration": "12/31/2018", "Operating Cash Flow": "15,000", "Investing Cash Flow": "-21,700", "Financing Cash Flow": "-8,700", "End Cash Position": "64,300", "Income Tax Paid Supplemental Data": "2,400", "Interest Paid Supplemental Data": "38,900", "Capital Expenditure": "-45,400", "Issuance of Debt": "5,805,300", "Repayment of Debt": "-5,783,300", "Repurchase of Capital Stock": "0", "Free Cash Flow": "-30,400"}}}}, {"WRK": {"quote": {"04/25/2021": {"value": "53.33", "Market Cap": "14.159B", "Beta (5Y Monthly)": "1.26", "PE Ratio (TTM)": "N/A", "EPS (TTM)": "-2.61", "Earnings Date": "May 05, 2021", "Forward Dividend & Yield": "0.80 (1.50%)", "Ex-Dividend Date": "Feb 10, 2021", "1y Target Est": "56.93"}}, "fin": {"TTM": {"Duration": "TTM", "Total Revenue": "17,556,600", "Cost of Revenue": "14,415,500", "Gross Profit": "3,141,100", "Operating Expense": "2,006,000", "Operating Income": "1,135,100", "Net Non Operating Interest Income Expense": "-393,800", "Other Income Expense": "-1,247,100", "Pretax Income": "-505,800", "Tax Provision": "167,300", "Net Income Common Stockholders": "-677,500", "Diluted NI Available to Com Stockholders": "-677,500", "Basic EPS": "-", "Diluted EPS": "-", "Basic Average Shares": "-", "Diluted Average Shares": "-", "Total Operating Income as Reported": "-275,900", "Total Expenses": "16,421,500", "Net Income from Continuing & Discontinued Operation": "-677,400", "Normalized Income": "343,797", "Interest Income": "-", "Interest Expense": "379,800", "Net Interest Income": "-393,800", "EBIT": "-126,000", "EBITDA": "1,344,300", "Reconciled Cost of Revenue": "13,335,800", "Reconciled Depreciation": "1,470,300", "Net Income from Continuing Operation Net Minority Interest": "-677,400", "Total Unusual Items Excluding Goodwill": "-1,398,900", "Total Unusual Items": "-1,398,900", "Normalized EBITDA": "2,743,200", "Tax Rate for Calcs": "0", "Tax Effect of Unusual Items": "-377,703"}, "9/30/2020": {"Duration": "9/30/2020", "Total Revenue": "17,578,800", "Cost of Revenue": "14,381,600", "Gross Profit": "3,197,200", "Operating Expense": "2,023,800", "Operating Income": "1,173,400", "Net Non Operating Interest Income Expense": "-393,500", "Other Income Expense": "-1,302,500", "Pretax Income": "-522,600", "Tax Provision": "163,500", "Net Income Common Stockholders": "-691,000", "Diluted NI Available to Com Stockholders": "-691,000", "Basic EPS": "-2.65", "Diluted EPS": "-2.67", "Basic Average Shares": "260,400", "Diluted Average Shares": "260,400", "Total Operating Income as Reported": "-256,200", "Total Expenses": "16,405,400", "Net Income from Continuing & Discontinued Operation": "-690,900", "Normalized Income": "339,933", "Interest Income": "-", "Interest Expense": "393,500", "Net Interest Income": "-393,500", "EBIT": "-129,100", "EBITDA": "-", "Reconciled Cost of Revenue": "13,295,100", "Reconciled Depreciation": "1,487,000", "Net Income from Continuing Operation Net Minority Interest": "-690,900", "Total Unusual Items Excluding Goodwill": "-1,412,100", "Total Unusual Items": "-1,412,100", "Normalized EBITDA": "2,770,000", "Tax Rate for Calcs": "0", "Tax Effect of Unusual Items": "-381,267"}, "9/30/2019": {"Duration": "9/30/2019", "Total Revenue": "18,289,000", "Cost of Revenue": "14,540,000", "Gross Profit": "3,749,000", "Operating Expense": "2,109,100", "Operating Income": "1,639,900", "Net Non Operating Interest Income Expense": "-431,300", "Other Income Expense": "-63,900", "Pretax Income": "1,144,700", "Tax Provision": "276,800", "Net Income Common Stockholders": "862,800", "Diluted NI Available to Com Stockholders": "862,800", "Basic EPS": "3.35", "Diluted EPS": "3.33", "Basic Average Shares": "257,800", "Diluted Average Shares": "259,100", "Total Operating Income as Reported": "1,494,400", "Total Expenses": "16,649,100", "Net Income from Continuing & Discontinued Operation": "862,900", "Normalized Income": "977,055", "Interest Income": "-", "Interest Expense": "431,300", "Net Interest Income": "-431,300", "EBIT": "1,576,000", "EBITDA": "-", "Reconciled Cost of Revenue": "13,429,000", "Reconciled Depreciation": "1,511,200", "Net Income from Continuing Operation Net Minority Interest": "862,900", "Total Unusual Items Excluding Goodwill": "-150,600", "Total Unusual Items": "-150,600", "Normalized EBITDA": "3,237,800", "Tax Rate for Calcs": "0", "Tax Effect of Unusual Items": "-36,445"}, "9/30/2018": {"Duration": "9/30/2018", "Total Revenue": "16,285,100", "Cost of Revenue": "12,891,200", "Gross Profit": "3,393,900", "Operating Expense": "1,974,100", "Operating Income": "1,419,800", "Net Non Operating Interest Income Expense": "-293,800", "Other Income Expense": "-91,200", "Pretax Income": "1,034,800", "Tax Provision": "-874,500", "Net Income Common Stockholders": "1,905,900", "Diluted NI Available to Com Stockholders": "1,905,900", "Basic EPS": "7.46", "Diluted EPS": "7.34", "Basic Average Shares": "255,500", "Diluted Average Shares": "259,800", "Total Operating Income as Reported": "1,282,500", "Total Expenses": "14,865,300", "Net Income from Continuing & Discontinued Operation": "1,906,100", "Normalized Income": "2,006,402", "Interest Income": "-", "Interest Expense": "293,800", "Net Interest Income": "-293,800", "EBIT": "1,328,600", "EBITDA": "-", "Reconciled Cost of Revenue": "11,935,600", "Reconciled Depreciation": "1,252,200", "Net Income from Continuing Operation Net Minority Interest": "1,906,100", "Total Unusual Items Excluding Goodwill": "-137,400", "Total Unusual Items": "-137,400", "Normalized EBITDA": "2,718,200", "Tax Rate for Calcs": "0", "Tax Effect of Unusual Items": "-37,098"}}, "bs": {"9/30/2020": {"Duration": "9/30/2020", "Total Assets": "28,779,700", "Total Liabilities Net Minority Interest": "18,132,200", "Total Equity Gross Minority Interest": "10,647,500", "Total Capitalization": "19,838,300", "Common Stock Equity": "10,630,600", "Net Tangible Assets": "1,001,200", "Working Capital": "2,015,800", "Invested Capital": "20,061,200", "Tangible Book Value": "1,001,200", "Total Debt": "9,430,600", "Net Debt": "9,179,500", "Share Issued": "260,400", "Ordinary Shares Number": "260,400"}, "9/30/2019": {"Duration": "9/30/2019", "Total Assets": "30,156,700", "Total Liabilities Net Minority Interest": "18,472,500", "Total Equity Gross Minority Interest": "11,684,200", "Total Capitalization": "21,172,200", "Common Stock Equity": "11,669,900", "Net Tangible Assets": "324,800", "Working Capital": "1,539,200", "Invested Capital": "21,733,300", "Tangible Book Value": "324,800", "Total Debt": "10,063,400", "Net Debt": "9,911,800", "Share Issued": "257,800", "Ordinary Shares Number": "257,800"}, "9/30/2018": {"Duration": "9/30/2018", "Total Assets": "25,360,500", "Total Liabilities Net Minority Interest": "13,878,100", "Total Equity Gross Minority Interest": "11,482,400", "Total Capitalization": "17,143,900", "Common Stock Equity": "11,469,400", "Net Tangible Assets": "2,769,800", "Working Capital": "1,451,800", "Invested Capital": "17,884,600", "Tangible Book Value": "2,769,800", "Total Debt": "6,415,200", "Net Debt": "5,778,400", "Share Issued": "253,500", "Ordinary Shares Number": "253,500"}}, "cf": {"TTM": {"Duration": "TTM", "Operating Cash Flow": "2,358,900", "Investing Cash Flow": "-701,000", "Financing Cash Flow": "-1,543,900", "End Cash Position": "270,400", "Income Tax Paid Supplemental Data": "120,900", "Interest Paid Supplemental Data": "384,300", "Capital Expenditure": "-774,000", "Issuance of Capital Stock": "22,200", "Issuance of Debt": "1,823,100", "Repayment of Debt": "-2,631,600", "Repurchase of Capital Stock": "-12,400", "Free Cash Flow": "1,584,900"}, "9/30/2020": {"Duration": "9/30/2020", "Operating Cash Flow": "2,070,700", "Investing Cash Flow": "-921,500", "Financing Cash Flow": "-1,021,100", "End Cash Position": "251,100", "Income Tax Paid Supplemental Data": "147,200", "Interest Paid Supplemental Data": "395,400", "Capital Expenditure": "-978,100", "Issuance of Capital Stock": "22,200", "Issuance of Debt": "1,723,000", "Repayment of Debt": "-1,977,400", "Repurchase of Capital Stock": "0", "Free Cash Flow": "1,092,600"}, "9/30/2019": {"Duration": "9/30/2019", "Operating Cash Flow": "2,310,200", "Investing Cash Flow": "-4,579,600", "Financing Cash Flow": "1,780,200", "End Cash Position": "151,600", "Income Tax Paid Supplemental Data": "226,100", "Interest Paid Supplemental Data": "412,500", "Capital Expenditure": "-1,369,100", "Issuance of Capital Stock": "18,300", "Issuance of Debt": "7,597,000", "Repayment of Debt": "-5,631,600", "Repurchase of Capital Stock": "-88,600", "Free Cash Flow": "941,100"}, "9/30/2018": {"Duration": "9/30/2018", "Operating Cash Flow": "2,420,900", "Investing Cash Flow": "-1,298,900", "Financing Cash Flow": "-755,100", "End Cash Position": "636,800", "Income Tax Paid Supplemental Data": "60,500", "Interest Paid Supplemental Data": "284,400", "Capital Expenditure": "-999,900", "Issuance of Capital Stock": "26,600", "Issuance of Debt": "1,937,000", "Repayment of Debt": "-2,032,900", "Repurchase of Capital Stock": "-195,100", "Free Cash Flow": "1,421,000"}}}}, {"FFHL": {"quote": {"04/25/2021": {"value": "8.88", "Market Cap": "32.038M", "Beta (5Y Monthly)": "N/A", "PE Ratio (TTM)": "9.61", "EPS (TTM)": "0.92", "Earnings Date": "Apr 22, 2021", "Forward Dividend & Yield": "N/A (N/A)", "Ex-Dividend Date": "N/A", "1y Target Est": "N/A"}}, "fin": {"TTM": {"Duration": "TTM", "Total Revenue": "337,248", "Cost of Revenue": "206,027", "Gross Profit": "131,221", "Operating Expense": "70,381", "Operating Income": "60,840", "Net Non Operating Interest Income Expense": "-6,985", "Other Income Expense": "-", "Pretax Income": "53,026", "Tax Provision": "2,189", "Net Income Common Stockholders": "50,837", "Diluted NI Available to Com Stockholders": "50,837", "Basic EPS": "-", "Diluted EPS": "-", "Basic Average Shares": "-", "Diluted Average Shares": "-", "Total Operating Income as Reported": "60,840", "Total Expenses": "276,408", "Net Income from Continuing & Discontinued Operation": "50,837", "Normalized Income": "50,837", "Interest Income": "1,929", "Interest Expense": "8,914", "Net Interest Income": "-6,985", "EBIT": "61,940", "EBITDA": "99,055", "Reconciled Cost of Revenue": "206,027", "Reconciled Depreciation": "37,115", "Net Income from Continuing Operation Net Minority Interest": "50,837", "Total Unusual Items Excluding Goodwill": "-", "Total Unusual Items": "-", "Normalized EBITDA": "99,055", "Tax Rate for Calcs": "0", "Tax Effect of Unusual Items": "0"}, "12/31/2019": {"Duration": "12/31/2019", "Total Revenue": "335,620", "Cost of Revenue": "252,010", "Gross Profit": "83,610", "Operating Expense": "60,515", "Operating Income": "23,095", "Net Non Operating Interest Income Expense": "-7,786", "Other Income Expense": "-1,621", "Pretax Income": "13,688", "Tax Provision": "2,325", "Net Income Common Stockholders": "11,363", "Diluted NI Available to Com Stockholders": "11,363", "Basic EPS": "3.48", "Diluted EPS": "3.48", "Basic Average Shares": "3,266", "Diluted Average Shares": "3,266", "Total Operating Income as Reported": "23,095", "Total Expenses": "312,525", "Net Income from Continuing & Discontinued Operation": "11,363", "Normalized Income": "11,363", "Interest Income": "1,106", "Interest Expense": "8,892", "Net Interest Income": "-7,786", "EBIT": "22,580", "EBITDA": "-", "Reconciled Cost of Revenue": "252,010", "Reconciled Depreciation": "41,985", "Net Income from Continuing Operation Net Minority Interest": "11,363", "Total Unusual Items Excluding Goodwill": "0", "Total Unusual Items": "0", "Normalized EBITDA": "64,565", "Tax Rate for Calcs": "0", "Tax Effect of Unusual Items": "0"}, "12/31/2018": {"Duration": "12/31/2018", "Total Revenue": "333,522", "Cost of Revenue": "278,834", "Gross Profit": "54,688", "Operating Expense": "65,956", "Operating Income": "-11,268", "Net Non Operating Interest Income Expense": "-8,541", "Other Income Expense": "1,255", "Pretax Income": "-18,554", "Tax Provision": "3,618", "Net Income Common Stockholders": "-22,172", "Diluted NI Available to Com Stockholders": "-22,172", "Basic EPS": "-6.79", "Diluted EPS": "-6.79", "Basic Average Shares": "3,266", "Diluted Average Shares": "3,266", "Total Operating Income as Reported": "-11,268", "Total Expenses": "344,790", "Net Income from Continuing & Discontinued Operation": "-22,172", "Normalized Income": "-22,172", "Interest Income": "1,225", "Interest Expense": "9,766", "Net Interest Income": "-8,541", "EBIT": "-8,788", "EBITDA": "-", "Reconciled Cost of Revenue": "278,834", "Reconciled Depreciation": "45,043", "Net Income from Continuing Operation Net Minority Interest": "-22,172", "Total Unusual Items Excluding Goodwill": "0", "Total Unusual Items": "0", "Normalized EBITDA": "36,255", "Tax Rate for Calcs": "0", "Tax Effect of Unusual Items": "0"}}, "bs": {"12/31/2019": {"Duration": "12/31/2019", "Total Assets": "465,971", "Total Liabilities Net Minority Interest": "257,777", "Total Equity Gross Minority Interest": "208,194", "Total Capitalization": "208,194", "Common Stock Equity": "208,194", "Capital Lease Obligations": "-", "Net Tangible Assets": "192,432", "Working Capital": "-109,971", "Invested Capital": "433,491", "Tangible Book Value": "192,432", "Total Debt": "225,297", "Net Debt": "164,426", "Share Issued": "3,266", "Ordinary Shares Number": "3,266"}, "12/31/2018": {"Duration": "12/31/2018", "Total Assets": "454,682", "Total Liabilities Net Minority Interest": "257,851", "Total Equity Gross Minority Interest": "196,831", "Total Capitalization": "196,831", "Common Stock Equity": "196,831", "Capital Lease Obligations": "-", "Net Tangible Assets": "180,535", "Working Capital": "-153,156", "Invested Capital": "424,473", "Tangible Book Value": "180,535", "Total Debt": "227,642", "Net Debt": "218,734", "Share Issued": "3,266", "Ordinary Shares Number": "3,266"}}, "cf": {"TTM": {"Duration": "TTM", "Operating Cash Flow": "90,953", "Investing Cash Flow": "-5,758", "Financing Cash Flow": "-71,302", "End Cash Position": "88,810", "Income Tax Paid Supplemental Data": "0", "Interest Paid Supplemental Data": "8,914", "Capital Expenditure": "-5,758", "Issuance of Debt": "-1,400", "Repayment of Debt": "-44,600", "Free Cash Flow": "85,195"}, "12/31/2019": {"Duration": "12/31/2019", "Operating Cash Flow": "54,366", "Investing Cash Flow": "-12,559", "Financing Cash Flow": "-2,344", "End Cash Position": "86,371", "Income Tax Paid Supplemental Data": "0", "Interest Paid Supplemental Data": "8,892", "Capital Expenditure": "-12,925", "Issuance of Debt": "50", "Repayment of Debt": "-7,000", "Free Cash Flow": "41,441"}, "12/31/2018": {"Duration": "12/31/2018", "Operating Cash Flow": "25,381", "Investing Cash Flow": "-4,591", "Financing Cash Flow": "-41,332", "End Cash Position": "46,908", "Income Tax Paid Supplemental Data": "0", "Interest Paid Supplemental Data": "9,766", "Capital Expenditure": "-4,619", "Issuance of Debt": "14,950", "Repayment of Debt": "-56,282", "Free Cash Flow": "20,762"}}}}, {"GPK": {"quote": {"05/12/2021": {"value": "19.23", "Market Cap": "5.465B", "Beta (5Y Monthly)": "1.23", "PE Ratio (TTM)": "22.95", "EPS (TTM)": "0.84", "Earnings Date": "Jul 27, 2021", "Forward Dividend & Yield": "0.30 (1.55%)", "Ex-Dividend Date": "Mar 12, 2021", "1y Target Est": "21.08"}}, "fin": {"TTM": {"Duration": "TTM", "Total Revenue": "6,559,900", "Cost of Revenue": "5,459,700", "Gross Profit": "1,100,200", "Operating Expense": "514,600", "Operating Income": "585,600", "Net Non Operating Interest Income Expense": "-128,800", "Other Income Expense": "-212,800", "Pretax Income": "244,000", "Tax Provision": "41,600", "Earnings from Equity Interest Net of Tax": "900", "Net Income Common Stockholders": "167,300", "Diluted NI Available to Com Stockholders": "167,300", "Basic EPS": "-", "Diluted EPS": "-", "Basic Average Shares": "-", "Diluted Average Shares": "-", "Total Operating Income as Reported": "524,300", "Total Expenses": "5,974,300", "Net Income from Continuing & Discontinued Operation": "167,300", "Normalized Income": "218,179", "Interest Expense": "128,800", "Net Interest Income": "-128,800", "EBIT": "372,800", "EBITDA": "848,600", "Reconciled Cost of Revenue": "5,459,700", "Reconciled Depreciation": "475,800", "Net Income from Continuing Operation Net Minority Interest": "167,300", "Total Unusual Items Excluding Goodwill": "-61,300", "Total Unusual Items": "-61,300", "Normalized EBITDA": "909,900", "Tax Rate for Calcs": "0", "Tax Effect of Unusual Items": "-10,421"}, "12/31/2020": {"Duration": "12/31/2020", "Total Revenue": "6,559,900", "Cost of Revenue": "5,459,700", "Gross Profit": "1,100,200", "Operating Expense": "514,600", "Operating Income": "585,600", "Net Non Operating Interest Income Expense": "-128,800", "Other Income Expense": "-212,800", "Pretax Income": "244,000", "Tax Provision": "41,600", "Earnings from Equity Interest Net of Tax": "900", "Net Income Common Stockholders": "167,300", "Diluted NI Available to Com Stockholders": "167,300", "Basic EPS": "-", "Diluted EPS": "-", "Basic Average Shares": "-", "Diluted Average Shares": "-", "Total Operating Income as Reported": "524,300", "Total Expenses": "5,974,300", "Net Income from Continuing & Discontinued Operation": "167,300", "Normalized Income": "218,179", "Interest Expense": "128,800", "Net Interest Income": "-128,800", "EBIT": "372,800", "EBITDA": "-", "Reconciled Cost of Revenue": "5,459,700", "Reconciled Depreciation": "475,800", "Net Income from Continuing Operation Net Minority Interest": "167,300", "Total Unusual Items Excluding Goodwill": "-61,300", "Total Unusual Items": "-61,300", "Normalized EBITDA": "909,900", "Tax Rate for Calcs": "0", "Tax Effect of Unusual Items": "-10,421"}, "12/31/2019": {"Duration": "12/31/2019", "Total Revenue": "6,160,100", "Cost of Revenue": "5,067,500", "Gross Profit": "1,092,600", "Operating Expense": "520,600", "Operating Income": "572,000", "Net Non Operating Interest Income Expense": "-140,600", "Other Income Expense": "-77,400", "Pretax Income": "354,000", "Tax Provision": "76,300", "Earnings from Equity Interest Net of Tax": "400", "Net Income Common Stockholders": "206,800", "Diluted NI Available to Com Stockholders": "206,800", "Basic EPS": "0.70", "Diluted EPS": "0.70", "Basic Average Shares": "294,100", "Diluted Average Shares": "294,800", "Total Operating Income as Reported": "534,100", "Total Expenses": "5,588,100", "Net Income from Continuing & Discontinued Operation": "206,800", "Normalized Income": "236,514", "Interest Expense": "140,600", "Net Interest Income": "-140,600", "EBIT": "494,600", "EBITDA": "-", "Reconciled Cost of Revenue": "5,067,500", "Reconciled Depreciation": "447,200", "Net Income from Continuing Operation Net Minority Interest": "206,800", "Total Unusual Items Excluding Goodwill": "-37,900", "Total Unusual Items": "-37,900", "Normalized EBITDA": "979,700", "Tax Rate for Calcs": "0", "Tax Effect of Unusual Items": "-8,186"}, "12/31/2018": {"Duration": "12/31/2018", "Total Revenue": "6,023,000", "Cost of Revenue": "5,077,000", "Gross Profit": "946,000", "Operating Expense": "472,900", "Operating Income": "473,100", "Net Non Operating Interest Income Expense": "-123,700", "Other Income Expense": "-1,900", "Pretax Income": "347,500", "Tax Provision": "54,700", "Earnings from Equity Interest Net of Tax": "1,200", "Net Income Common Stockholders": "221,100", "Diluted NI Available to Com Stockholders": "221,100", "Basic EPS": "0.71", "Diluted EPS": "0.71", "Basic Average Shares": "309,500", "Diluted Average Shares": "310,100", "Total Operating Income as Reported": "458,200", "Total Expenses": "5,549,900", "Net Income from Continuing & Discontinued Operation": "221,100", "Normalized Income": "235,262", "Interest Expense": "123,700", "Net Interest Income": "-123,700", "EBIT": "471,200", "EBITDA": "-", "Reconciled Cost of Revenue": "5,077,000", "Reconciled Depreciation": "430,600", "Net Income from Continuing Operation Net Minority Interest": "221,100", "Total Unusual Items Excluding Goodwill": "-16,800", "Total Unusual Items": "-16,800", "Normalized EBITDA": "918,600", "Tax Rate for Calcs": "0", "Tax Effect of Unusual Items": "-2,638"}}, "bs": {"12/31/2020": {"Duration": "12/31/2020", "Total Assets": "7,804,600", "Total Liabilities Net Minority Interest": "5,964,300", "Total Equity Gross Minority Interest": "1,840,300", "Total Capitalization": "4,571,300", "Common Stock Equity": "1,424,300", "Capital Lease Obligations": "222,700", "Net Tangible Assets": "-490,200", "Working Capital": "163,600", "Invested Capital": "5,063,500", "Tangible Book Value": "-490,200", "Total Debt": "3,861,900", "Net Debt": "3,460,200", "Share Issued": "267,726", "Ordinary Shares Number": "267,726"}, "12/31/2019": {"Duration": "12/31/2019", "Total Assets": "7,289,900", "Total Liabilities Net Minority Interest": "5,231,900", "Total Equity Gross Minority Interest": "2,058,000", "Total Capitalization": "4,380,100", "Common Stock Equity": "1,570,200", "Capital Lease Obligations": "210,900", "Net Tangible Assets": "-385,000", "Working Capital": "606,900", "Invested Capital": "4,425,900", "Tangible Book Value": "-385,000", "Total Debt": "3,066,600", "Net Debt": "2,702,800", "Share Issued": "290,247", "Ordinary Shares Number": "290,247"}, "12/31/2018": {"Duration": "12/31/2018", "Total Assets": "7,059,200", "Total Liabilities Net Minority Interest": "5,040,700", "Total Equity Gross Minority Interest": "2,018,500", "Total Capitalization": "4,365,500", "Common Stock Equity": "1,579,500", "Capital Lease Obligations": "122,900", "Net Tangible Assets": "-404,900", "Working Capital": "591,500", "Invested Capital": "4,413,700", "Tangible Book Value": "-404,900", "Total Debt": "2,957,100", "Net Debt": "2,763,700", "Share Issued": "299,892", "Ordinary Shares Number": "299,892"}}, "cf": {"TTM": {"Duration": "TTM", "Operating Cash Flow": "824,700", "Investing Cash Flow": "-647,800", "Financing Cash Flow": "-152,000", "End Cash Position": "179,000", "Income Tax Paid Supplemental Data": "27,200", "Interest Paid Supplemental Data": "119,500", "Capital Expenditure": "-646,300", "Issuance of Debt": "3,413,500", "Repayment of Debt": "-2,633,300", "Repurchase of Capital Stock": "-315,600", "Free Cash Flow": "178,400"}, "12/31/2020": {"Duration": "12/31/2020", "Operating Cash Flow": "824,700", "Investing Cash Flow": "-647,800", "Financing Cash Flow": "-152,000", "End Cash Position": "179,000", "Income Tax Paid Supplemental Data": "27,200", "Interest Paid Supplemental Data": "119,500", "Capital Expenditure": "-646,300", "Issuance of Debt": "3,413,500", "Repayment of Debt": "-2,633,300", "Repurchase of Capital Stock": "-315,600", "Free Cash Flow": "178,400"}, "12/31/2019": {"Duration": "12/31/2019", "Operating Cash Flow": "665,800", "Investing Cash Flow": "-224,300", "Financing Cash Flow": "-360,800", "End Cash Position": "152,900", "Income Tax Paid Supplemental Data": "-", "Interest Paid Supplemental Data": "-", "Capital Expenditure": "-352,900", "Issuance of Debt": "2,797,500", "Repayment of Debt": "-2,901,600", "Repurchase of Capital Stock": "-128,800", "Free Cash Flow": "312,900"}, "12/31/2018": {"Duration": "12/31/2018", "Operating Cash Flow": "-373,800", "Investing Cash Flow": "689,100", "Financing Cash Flow": "-310,700", "End Cash Position": "70,500", "Income Tax Paid Supplemental Data": "-25,800", "Interest Paid Supplemental Data": "-121,300", "Capital Expenditure": "-395,200", "Issuance of Debt": "1,876,900", "Repayment of Debt": "-1,939,900", "Repurchase of Capital Stock": "-119,100", "Free Cash Flow": "-769,000"}}}}, {"GEF": {"quote": {"05/12/2021": {"value": "63.44", "Market Cap": "3.041B", "Beta (5Y Monthly)": "1.10", "PE Ratio (TTM)": "30.77", "EPS (TTM)": "2.06", "Earnings Date": "Jun 09, 2021", "Forward Dividend & Yield": "1.76 (2.75%)", "Ex-Dividend Date": "Mar 18, 2021", "1y Target Est": "59.40"}}, "fin": {"TTM": {"Duration": "TTM", "Total Revenue": "4,549,100", "Cost of Revenue": "3,644,800", "Gross Profit": "904,300", "Operating Expense": "514,900", "Operating Income": "389,400", "Net Non Operating Interest Income Expense": "-110,300", "Other Income Expense": "-104,000", "Pretax Income": "175,100", "Tax Provision": "58,000", "Earnings from Equity Interest Net of Tax": "2,000", "Net Income Common Stockholders": "99,900", "Diluted NI Available to Com Stockholders": "99,900", "Basic EPS": "-", "Diluted EPS": "-", "Basic Average Shares": "-", "Diluted Average Shares": "-", "Total Operating Income as Reported": "295,700", "Total Expenses": "4,159,700", "Net Income from Continuing & Discontinued Operation": "99,900", "Normalized Income": "168,515", "Interest Expense": "110,300", "Net Interest Income": "-110,300", "EBIT": "285,400", "EBITDA": "525,900", "Reconciled Cost of Revenue": "3,644,800", "Reconciled Depreciation": "240,500", "Net Income from Continuing Operation Net Minority Interest": "99,900", "Total Unusual Items Excluding Goodwill": "-102,600", "Total Unusual Items": "-102,600", "Normalized EBITDA": "628,500", "Tax Rate for Calcs": "0", "Tax Effect of Unusual Items": "-33,985"}, "10/31/2020": {"Duration": "10/31/2020", "Total Revenue": "4,515,000", "Cost of Revenue": "3,600,300", "Gross Profit": "914,700", "Operating Expense": "516,000", "Operating Income": "398,700", "Net Non Operating Interest Income Expense": "-115,800", "Other Income Expense": "-96,800", "Pretax Income": "186,100", "Tax Provision": "63,300", "Earnings from Equity Interest Net of Tax": "1,500", "Net Income Common Stockholders": "108,800", "Diluted NI Available to Com Stockholders": "108,800", "Basic EPS": "1.83", "Diluted EPS": "1.83", "Basic Average Shares": "48,400", "Diluted Average Shares": "48,400", "Total Operating Income as Reported": "304,900", "Total Expenses": "4,116,300", "Net Income from Continuing & Discontinued Operation": "108,800", "Normalized Income": "170,897", "Interest Expense": "115,800", "Net Interest Income": "-115,800", "EBIT": "301,900", "EBITDA": "-", "Reconciled Cost of Revenue": "3,600,300", "Reconciled Depreciation": "242,500", "Net Income from Continuing Operation Net Minority Interest": "108,800", "Total Unusual Items Excluding Goodwill": "-94,100", "Total Unusual Items": "-94,100", "Normalized EBITDA": "638,500", "Tax Rate for Calcs": "0", "Tax Effect of Unusual Items": "-32,003"}, "10/31/2019": {"Duration": "10/31/2019", "Total Revenue": "4,595,000", "Cost of Revenue": "3,635,100", "Gross Profit": "959,900", "Operating Expense": "507,400", "Operating Income": "452,500", "Net Non Operating Interest Income Expense": "-112,500", "Other Income Expense": "-78,000", "Pretax Income": "262,000", "Tax Provision": "70,700", "Earnings from Equity Interest Net of Tax": "2,900", "Net Income Common Stockholders": "171,000", "Diluted NI Available to Com Stockholders": "171,000", "Basic EPS": "2.89", "Diluted EPS": "2.89", "Basic Average Shares": "59,200", "Diluted Average Shares": "59,200", "Total Operating Income as Reported": "399,100", "Total Expenses": "4,142,500", "Net Income from Continuing & Discontinued Operation": "171,000", "Normalized Income": "226,057", "Interest Expense": "112,500", "Net Interest Income": "-112,500", "EBIT": "374,500", "EBITDA": "-", "Reconciled Cost of Revenue": "3,635,100", "Reconciled Depreciation": "206,100", "Net Income from Continuing Operation Net Minority Interest": "171,000", "Total Unusual Items Excluding Goodwill": "-75,400", "Total Unusual Items": "-75,400", "Normalized EBITDA": "656,000", "Tax Rate for Calcs": "0", "Tax Effect of Unusual Items": "-20,343"}, "10/31/2018": {"Duration": "10/31/2018", "Total Revenue": "3,873,800", "Cost of Revenue": "3,084,900", "Gross Profit": "788,900", "Operating Expense": "399,200", "Operating Income": "389,700", "Net Non Operating Interest Income Expense": "-51,000", "Other Income Expense": "-38,900", "Pretax Income": "299,800", "Tax Provision": "73,300", "Earnings from Equity Interest Net of Tax": "3,000", "Net Income Common Stockholders": "209,400", "Diluted NI Available to Com Stockholders": "209,400", "Basic EPS": "3.56", "Diluted EPS": "3.55", "Basic Average Shares": "58,900", "Diluted Average Shares": "59,000", "Total Operating Income as Reported": "370,500", "Total Expenses": "3,484,100", "Net Income from Continuing & Discontinued Operation": "209,400", "Normalized Income": "224,892", "Interest Expense": "51,000", "Net Interest Income": "-51,000", "EBIT": "350,800", "EBITDA": "-", "Reconciled Cost of Revenue": "3,084,900", "Reconciled Depreciation": "126,900", "Net Income from Continuing Operation Net Minority Interest": "209,400", "Total Unusual Items Excluding Goodwill": "-20,500", "Total Unusual Items": "-20,500", "Normalized EBITDA": "498,200", "Tax Rate for Calcs": "0", "Tax Effect of Unusual Items": "-5,008"}}, "bs": {"10/31/2020": {"Duration": "10/31/2020", "Total Assets": "5,510,900", "Total Liabilities Net Minority Interest": "4,310,200", "Total Equity Gross Minority Interest": "1,200,700", "Total Capitalization": "3,487,700", "Common Stock Equity": "1,152,200", "Capital Lease Obligations": "310,000", "Net Tangible Assets": "-1,081,500", "Working Capital": "302,700", "Invested Capital": "3,639,200", "Tangible Book Value": "-1,081,500", "Total Debt": "2,797,000", "Net Debt": "2,381,100", "Share Issued": "94,122", "Ordinary Shares Number": "59,454", "Treasury Shares Number": "34,668"}, "10/31/2019": {"Duration": "10/31/2019", "Total Assets": "5,426,700", "Total Liabilities Net Minority Interest": "4,235,600", "Total Equity Gross Minority Interest": "1,191,100", "Total Capitalization": "3,792,100", "Common Stock Equity": "1,133,100", "Capital Lease Obligations": "-", "Net Tangible Assets": "-1,161,200", "Working Capital": "423,600", "Invested Capital": "3,885,000", "Tangible Book Value": "-1,161,200", "Total Debt": "2,751,900", "Net Debt": "2,674,600", "Share Issued": "94,122", "Ordinary Shares Number": "59,270", "Treasury Shares Number": "34,852"}, "10/31/2018": {"Duration": "10/31/2018", "Total Assets": "3,194,800", "Total Liabilities Net Minority Interest": "2,040,600", "Total Equity Gross Minority Interest": "1,154,200", "Total Capitalization": "1,991,900", "Common Stock Equity": "1,107,800", "Capital Lease Obligations": "-", "Net Tangible Assets": "251,200", "Working Capital": "306,500", "Invested Capital": "2,018,000", "Tangible Book Value": "251,200", "Total Debt": "910,200", "Net Debt": "816,000", "Share Issued": "94,122", "Ordinary Shares Number": "58,953", "Treasury Shares Number": "35,169"}}, "cf": {"TTM": {"Duration": "TTM", "Operating Cash Flow": "446,700", "Investing Cash Flow": "16,600", "Financing Cash Flow": "-467,100", "Cash Flow from Discontinued Operation": "-", "End Cash Position": "87,000", "Capital Expenditure": "-126,100", "Issuance of Debt": "1,360,900", "Repayment of Debt": "-1,703,800", "Repurchase of Capital Stock": "-", "Free Cash Flow": "320,600"}, "10/31/2020": {"Duration": "10/31/2020", "Operating Cash Flow": "454,700", "Investing Cash Flow": "-25,200", "Financing Cash Flow": "-405,300", "Cash Flow from Discontinued Operation": "-", "End Cash Position": "105,900", "Capital Expenditure": "-136,800", "Issuance of Debt": "1,396,700", "Repayment of Debt": "-1,701,300", "Repurchase of Capital Stock": "-", "Free Cash Flow": "317,900"}, "10/31/2019": {"Duration": "10/31/2019", "Operating Cash Flow": "389,500", "Investing Cash Flow": "-1,989,300", "Financing Cash Flow": "1,583,500", "Cash Flow from Discontinued Operation": "0", "End Cash Position": "77,300", "Capital Expenditure": "-162,200", "Issuance of Debt": "3,913,700", "Repayment of Debt": "-2,164,800", "Repurchase of Capital Stock": "-", "Free Cash Flow": "227,300"}, "10/31/2018": {"Duration": "10/31/2018", "Operating Cash Flow": "253,000", "Investing Cash Flow": "-135,200", "Financing Cash Flow": "-158,300", "Cash Flow from Discontinued Operation": "0", "End Cash Position": "94,200", "Capital Expenditure": "-149,100", "Issuance of Debt": "1,023,500", "Repayment of Debt": "-1,079,200", "Repurchase of Capital Stock": "0", "Free Cash Flow": "103,900"}}}}, {"SLGN": {"quote": {"05/12/2021": {"value": "43.10", "Market Cap": "4.759B", "Beta (5Y Monthly)": "0.76", "PE Ratio (TTM)": "14.81", "EPS (TTM)": "2.91", "Earnings Date": "Jul 20, 2021 - Jul 26, 2021", "Forward Dividend & Yield": "0.56 (1.30%)", "Ex-Dividend Date": "May 28, 2021", "1y Target Est": "47.90"}}, "fin": {"TTM": {"Duration": "TTM", "Total Revenue": "4,921,943", "Cost of Revenue": "4,054,544", "Gross Profit": "867,399", "Operating Expense": "377,676", "Operating Income": "489,723", "Net Non Operating Interest Income Expense": "-103,827", "Other Income Expense": "21,182", "Pretax Income": "407,078", "Tax Provision": "98,356", "Net Income Common Stockholders": "308,722", "Diluted NI Available to Com Stockholders": "308,722", "Basic EPS": "-", "Diluted EPS": "-", "Basic Average Shares": "-", "Diluted Average Shares": "-", "Total Operating Income as Reported": "512,400", "Total Expenses": "4,432,220", "Net Income from Continuing & Discontinued Operation": "308,722", "Normalized Income": "321,996", "Interest Expense": "103,827", "Net Interest Income": "-103,827", "EBIT": "510,905", "EBITDA": "730,003", "Reconciled Cost of Revenue": "4,054,544", "Reconciled Depreciation": "219,098", "Net Income from Continuing Operation Net Minority Interest": "308,722", "Total Unusual Items Excluding Goodwill": "-17,512", "Total Unusual Items": "-17,512", "Normalized EBITDA": "747,515", "Tax Rate for Calcs": "0", "Tax Effect of Unusual Items": "-4,238"}, "12/31/2020": {"Duration": "12/31/2020", "Total Revenue": "4,921,943", "Cost of Revenue": "4,054,544", "Gross Profit": "867,399", "Operating Expense": "377,676", "Operating Income": "489,723", "Net Non Operating Interest Income Expense": "-103,827", "Other Income Expense": "21,182", "Pretax Income": "407,078", "Tax Provision": "98,356", "Net Income Common Stockholders": "308,722", "Diluted NI Available to Com Stockholders": "308,722", "Basic EPS": "-", "Diluted EPS": "-", "Basic Average Shares": "-", "Diluted Average Shares": "-", "Total Operating Income as Reported": "512,400", "Total Expenses": "4,432,220", "Net Income from Continuing & Discontinued Operation": "308,722", "Normalized Income": "321,996", "Interest Expense": "103,827", "Net Interest Income": "-103,827", "EBIT": "510,905", "EBITDA": "-", "Reconciled Cost of Revenue": "4,054,544", "Reconciled Depreciation": "219,098", "Net Income from Continuing Operation Net Minority Interest": "308,722", "Total Unusual Items Excluding Goodwill": "-17,512", "Total Unusual Items": "-17,512", "Normalized EBITDA": "747,515", "Tax Rate for Calcs": "0", "Tax Effect of Unusual Items": "-4,238"}, "12/31/2019": {"Duration": "12/31/2019", "Total Revenue": "4,489,927", "Cost of Revenue": "3,776,183", "Gross Profit": "713,744", "Operating Expense": "315,703", "Operating Income": "398,041", "Net Non Operating Interest Income Expense": "-105,674", "Other Income Expense": "-40,231", "Pretax Income": "252,136", "Tax Provision": "58,322", "Net Income Common Stockholders": "193,814", "Diluted NI Available to Com Stockholders": "193,814", "Basic EPS": "1.75", "Diluted EPS": "1.74", "Basic Average Shares": "110,939", "Diluted Average Shares": "111,508", "Total Operating Income as Reported": "359,486", "Total Expenses": "4,091,886", "Net Income from Continuing & Discontinued Operation": "193,814", "Normalized Income": "238,437", "Interest Expense": "105,674", "Net Interest Income": "-105,674", "EBIT": "357,810", "EBITDA": "-", "Reconciled Cost of Revenue": "3,776,183", "Reconciled Depreciation": "206,483", "Net Income from Continuing Operation Net Minority Interest": "193,814", "Total Unusual Items Excluding Goodwill": "-58,027", "Total Unusual Items": "-58,027", "Normalized EBITDA": "622,320", "Tax Rate for Calcs": "0", "Tax Effect of Unusual Items": "-13,404"}, "12/31/2018": {"Duration": "12/31/2018", "Total Revenue": "4,448,875", "Cost of Revenue": "3,759,112", "Gross Profit": "689,763", "Operating Expense": "308,376", "Operating Income": "381,387", "Net Non Operating Interest Income Expense": "-116,306", "Other Income Expense": "28,220", "Pretax Income": "293,301", "Tax Provision": "69,307", "Net Income Common Stockholders": "223,994", "Diluted NI Available to Com Stockholders": "223,994", "Basic EPS": "2.03", "Diluted EPS": "2.01", "Basic Average Shares": "110,603", "Diluted Average Shares": "111,632", "Total Operating Income as Reported": "412,100", "Total Expenses": "4,067,488", "Net Income from Continuing & Discontinued Operation": "223,994", "Normalized Income": "230,676", "Interest Expense": "116,306", "Net Interest Income": "-116,306", "EBIT": "409,607", "EBITDA": "-", "Reconciled Cost of Revenue": "3,759,112", "Reconciled Depreciation": "191,737", "Net Income from Continuing Operation Net Minority Interest": "223,994", "Total Unusual Items Excluding Goodwill": "-8,746", "Total Unusual Items": "-8,746", "Normalized EBITDA": "610,090", "Tax Rate for Calcs": "0", "Tax Effect of Unusual Items": "-2,064"}}, "bs": {"12/31/2020": {"Duration": "12/31/2020", "Total Assets": "6,511,586", "Total Liabilities Net Minority Interest": "5,258,713", "Total Equity Gross Minority Interest": "1,252,873", "Total Capitalization": "4,476,090", "Common Stock Equity": "1,252,873", "Net Tangible Assets": "-1,125,831", "Working Capital": "607,573", "Invested Capital": "4,504,126", "Tangible Book Value": "-1,125,831", "Total Debt": "3,251,253", "Net Debt": "2,841,772", "Share Issued": "175,112", "Ordinary Shares Number": "110,057", "Treasury Shares Number": "65,055"}, "12/31/2019": {"Duration": "12/31/2019", "Total Assets": "4,931,059", "Total Liabilities Net Minority Interest": "3,907,737", "Total Equity Gross Minority Interest": "1,023,322", "Total Capitalization": "3,237,930", "Common Stock Equity": "1,023,322", "Net Tangible Assets": "-473,516", "Working Capital": "388,279", "Invested Capital": "3,267,743", "Tangible Book Value": "-473,516", "Total Debt": "2,244,421", "Net Debt": "2,040,597", "Share Issued": "175,112", "Ordinary Shares Number": "110,780", "Treasury Shares Number": "64,332"}, "12/31/2018": {"Duration": "12/31/2018", "Total Assets": "4,579,294", "Total Liabilities Net Minority Interest": "3,698,029", "Total Equity Gross Minority Interest": "881,265", "Total Capitalization": "3,015,665", "Common Stock Equity": "881,265", "Net Tangible Assets": "-650,485", "Working Capital": "211,066", "Invested Capital": "3,185,879", "Tangible Book Value": "-650,485", "Total Debt": "2,304,614", "Net Debt": "2,231,795", "Share Issued": "175,112", "Ordinary Shares Number": "110,430", "Treasury Shares Number": "64,683"}}, "cf": {"TTM": {"Duration": "TTM", "Operating Cash Flow": "602,507", "Investing Cash Flow": "-1,163,184", "Financing Cash Flow": "759,860", "End Cash Position": "409,481", "Income Tax Paid Supplemental Data": "120,959", "Interest Paid Supplemental Data": "89,535", "Capital Expenditure": "-224,177", "Issuance of Debt": "2,681,370", "Repayment of Debt": "-1,820,690", "Repurchase of Capital Stock": "-35,900", "Free Cash Flow": "378,330"}, "12/31/2020": {"Duration": "12/31/2020", "Operating Cash Flow": "602,507", "Investing Cash Flow": "-1,163,184", "Financing Cash Flow": "759,860", "End Cash Position": "409,481", "Income Tax Paid Supplemental Data": "120,959", "Interest Paid Supplemental Data": "89,535", "Capital Expenditure": "-224,177", "Issuance of Debt": "2,681,370", "Repayment of Debt": "-1,820,690", "Repurchase of Capital Stock": "-35,900", "Free Cash Flow": "378,330"}, "12/31/2019": {"Duration": "12/31/2019", "Operating Cash Flow": "507,355", "Investing Cash Flow": "-230,090", "Financing Cash Flow": "-145,525", "End Cash Position": "203,824", "Income Tax Paid Supplemental Data": "40,650", "Interest Paid Supplemental Data": "108,798", "Capital Expenditure": "-230,944", "Issuance of Debt": "1,594,120", "Repayment of Debt": "-1,651,712", "Repurchase of Capital Stock": "-12,100", "Free Cash Flow": "276,411"}, "12/31/2018": {"Duration": "12/31/2018", "Operating Cash Flow": "506,520", "Investing Cash Flow": "-189,922", "Financing Cash Flow": "-293,610", "End Cash Position": "72,819", "Income Tax Paid Supplemental Data": "47,172", "Interest Paid Supplemental Data": "118,377", "Capital Expenditure": "-190,973", "Issuance of Debt": "1,043,370", "Repayment of Debt": "-1,277,206", "Repurchase of Capital Stock": "-4,800", "Free Cash Flow": "315,547"}}}}, {"OI": {"quote": {"05/12/2021": {"value": "17.90", "Market Cap": "2.827B", "Beta (5Y Monthly)": "1.80", "PE Ratio (TTM)": "28.10", "EPS (TTM)": "0.64", "Earnings Date": "Aug 03, 2021", "Forward Dividend & Yield": "N/A (N/A)", "Ex-Dividend Date": "Feb 27, 2020", "1y Target Est": "17.00"}}, "fin": {"TTM": {"Duration": "TTM", "Total Revenue": "6,091,000", "Cost of Revenue": "5,119,000", "Gross Profit": "972,000", "Operating Expense": "511,000", "Operating Income": "461,000", "Net Non Operating Interest Income Expense": "-265,000", "Other Income Expense": "157,000", "Pretax Income": "353,000", "Tax Provision": "89,000", "Net Income Common Stockholders": "249,000", "Diluted NI Available to Com Stockholders": "249,000", "Basic EPS": "-", "Diluted EPS": "-", "Basic Average Shares": "-", "Diluted Average Shares": "-", "Total Expenses": "5,630,000", "Net Income from Continuing & Discontinued Operation": "249,000", "Normalized Income": "142,036", "Interest Expense": "265,000", "Net Interest Income": "-265,000", "EBIT": "618,000", "EBITDA": "1,086,000", "Reconciled Cost of Revenue": "4,684,000", "Reconciled Depreciation": "468,000", "Net Income from Continuing Operation Net Minority Interest": "249,000", "Total Unusual Items Excluding Goodwill": "143,000", "Total Unusual Items": "143,000", "Normalized EBITDA": "943,000", "Tax Rate for Calcs": "0", "Tax Effect of Unusual Items": "36,036"}, "12/31/2020": {"Duration": "12/31/2020", "Total Revenue": "6,091,000", "Cost of Revenue": "5,119,000", "Gross Profit": "972,000", "Operating Expense": "511,000", "Operating Income": "461,000", "Net Non Operating Interest Income Expense": "-265,000", "Other Income Expense": "157,000", "Pretax Income": "353,000", "Tax Provision": "89,000", "Net Income Common Stockholders": "249,000", "Diluted NI Available to Com Stockholders": "249,000", "Basic EPS": "-", "Diluted EPS": "-", "Basic Average Shares": "-", "Diluted Average Shares": "-", "Total Expenses": "5,630,000", "Net Income from Continuing & Discontinued Operation": "249,000", "Normalized Income": "142,036", "Interest Expense": "265,000", "Net Interest Income": "-265,000", "EBIT": "618,000", "EBITDA": "-", "Reconciled Cost of Revenue": "4,684,000", "Reconciled Depreciation": "468,000", "Net Income from Continuing Operation Net Minority Interest": "249,000", "Total Unusual Items Excluding Goodwill": "143,000", "Total Unusual Items": "143,000", "Normalized EBITDA": "943,000", "Tax Rate for Calcs": "0", "Tax Effect of Unusual Items": "36,036"}, "12/31/2019": {"Duration": "12/31/2019", "Total Revenue": "6,691,000", "Cost of Revenue": "5,483,000", "Gross Profit": "1,208,000", "Operating Expense": "548,000", "Operating Income": "660,000", "Net Non Operating Interest Income Expense": "-311,000", "Other Income Expense": "-610,000", "Pretax Income": "-261,000", "Tax Provision": "118,000", "Net Income Common Stockholders": "-400,000", "Diluted NI Available to Com Stockholders": "-400,000", "Basic EPS": "-2.58", "Diluted EPS": "-2.58", "Basic Average Shares": "155,250", "Diluted Average Shares": "155,250", "Total Expenses": "6,031,000", "Net Income from Continuing & Discontinued Operation": "-400,000", "Normalized Income": "92,100", "Interest Expense": "311,000", "Net Interest Income": "-311,000", "EBIT": "50,000", "EBITDA": "-", "Reconciled Cost of Revenue": "5,025,000", "Reconciled Depreciation": "499,000", "Net Income from Continuing Operation Net Minority Interest": "-397,000", "Total Unusual Items Excluding Goodwill": "-670,000", "Total Unusual Items": "-670,000", "Normalized EBITDA": "1,219,000", "Tax Rate for Calcs": "0", "Tax Effect of Unusual Items": "-180,900"}, "12/31/2018": {"Duration": "12/31/2018", "Total Revenue": "6,877,000", "Cost of Revenue": "5,594,000", "Gross Profit": "1,283,000", "Operating Expense": "574,000", "Operating Income": "709,000", "Net Non Operating Interest Income Expense": "-261,000", "Other Income Expense": "-171,000", "Pretax Income": "277,000", "Tax Provision": "108,000", "Net Income Common Stockholders": "257,000", "Diluted NI Available to Com Stockholders": "257,000", "Basic EPS": "1.61", "Diluted EPS": "1.59", "Basic Average Shares": "160,125", "Diluted Average Shares": "162,088", "Total Expenses": "6,168,000", "Net Income from Continuing & Discontinued Operation": "257,000", "Normalized Income": "283,080", "Interest Expense": "261,000", "Net Interest Income": "-261,000", "EBIT": "538,000", "EBITDA": "-", "Reconciled Cost of Revenue": "5,140,000", "Reconciled Depreciation": "494,000", "Net Income from Continuing Operation Net Minority Interest": "144,000", "Total Unusual Items Excluding Goodwill": "-228,000", "Total Unusual Items": "-228,000", "Normalized EBITDA": "1,260,000", "Tax Rate for Calcs": "0", "Tax Effect of Unusual Items": "-88,920"}}, "bs": {"12/31/2020": {"Duration": "12/31/2020", "Total Assets": "8,882,000", "Total Liabilities Net Minority Interest": "8,481,000", "Total Equity Gross Minority Interest": "401,000", "Total Capitalization": "5,242,000", "Common Stock Equity": "297,000", "Net Tangible Assets": "-2,038,000", "Working Capital": "399,000", "Invested Capital": "5,439,000", "Tangible Book Value": "-2,038,000", "Total Debt": "5,142,000", "Net Debt": "4,579,000", "Share Issued": "189,305", "Ordinary Shares Number": "157,394", "Treasury Shares Number": "31,911"}, "12/31/2019": {"Duration": "12/31/2019", "Total Assets": "9,610,000", "Total Liabilities Net Minority Interest": "9,046,000", "Total Equity Gross Minority Interest": "564,000", "Total Capitalization": "5,902,000", "Common Stock Equity": "467,000", "Net Tangible Assets": "-1,912,000", "Working Capital": "493,000", "Invested Capital": "6,026,000", "Tangible Book Value": "-1,912,000", "Total Debt": "5,559,000", "Net Debt": "5,008,000", "Share Issued": "188,447", "Ordinary Shares Number": "155,874", "Treasury Shares Number": "32,573"}, "12/31/2018": {"Duration": "12/31/2018", "Total Assets": "9,699,000", "Total Liabilities Net Minority Interest": "8,799,000", "Total Equity Gross Minority Interest": "900,000", "Total Capitalization": "5,967,000", "Common Stock Equity": "786,000", "Net Tangible Assets": "-2,206,000", "Working Capital": "150,000", "Invested Capital": "6,127,000", "Tangible Book Value": "-2,206,000", "Total Debt": "5,341,000", "Net Debt": "4,829,000", "Share Issued": "186,576", "Ordinary Shares Number": "155,658", "Treasury Shares Number": "30,918"}}, "cf": {"TTM": {"Duration": "TTM", "Operating Cash Flow": "457,000", "Investing Cash Flow": "93,000", "Financing Cash Flow": "-557,000", "End Cash Position": "563,000", "Capital Expenditure": "-311,000", "Issuance of Capital Stock": "-", "Issuance of Debt": "2,000,000", "Repayment of Debt": "-2,460,000", "Repurchase of Capital Stock": "-3,000", "Free Cash Flow": "146,000"}, "12/31/2020": {"Duration": "12/31/2020", "Operating Cash Flow": "457,000", "Investing Cash Flow": "93,000", "Financing Cash Flow": "-557,000", "End Cash Position": "563,000", "Capital Expenditure": "-311,000", "Issuance of Capital Stock": "-", "Issuance of Debt": "2,000,000", "Repayment of Debt": "-2,460,000", "Repurchase of Capital Stock": "-3,000", "Free Cash Flow": "146,000"}, "12/31/2019": {"Duration": "12/31/2019", "Operating Cash Flow": "405,000", "Investing Cash Flow": "-437,000", "Financing Cash Flow": "68,000", "End Cash Position": "551,000", "Capital Expenditure": "-426,000", "Issuance of Capital Stock": "-", "Issuance of Debt": "4,265,000", "Repayment of Debt": "-4,099,000", "Repurchase of Capital Stock": "-42,000", "Free Cash Flow": "-21,000"}, "12/31/2018": {"Duration": "12/31/2018", "Operating Cash Flow": "791,000", "Investing Cash Flow": "-698,000", "Financing Cash Flow": "-53,000", "End Cash Position": "512,000", "Capital Expenditure": "-536,000", "Issuance of Capital Stock": "5,000", "Issuance of Debt": "2,511,000", "Repayment of Debt": "-2,353,000", "Repurchase of Capital Stock": "-163,000", "Free Cash Flow": "255,000"}}}}, {"UFPT": {"quote": {"05/12/2021": {"value": "56.00", "Market Cap": "421.486M", "Beta (5Y Monthly)": "0.93", "PE Ratio (TTM)": "31.11", "EPS (TTM)": "1.80", "Earnings Date": "Aug 02, 2021 - Aug 06, 2021", "Forward Dividend & Yield": "N/A (N/A)", "Ex-Dividend Date": "N/A", "1y Target Est": "61.50"}}, "fin": {"TTM": {"Duration": "TTM", "Total Revenue": "179,373", "Cost of Revenue": "134,689", "Gross Profit": "44,684", "Operating Expense": "27,493", "Operating Income": "17,191", "Net Non Operating Interest Income Expense": "-83", "Other Income Expense": "-825", "Pretax Income": "16,283", "Tax Provision": "2,914", "Net Income Common Stockholders": "13,369", "Diluted NI Available to Com Stockholders": "13,369", "Basic EPS": "-", "Diluted EPS": "-", "Basic Average Shares": "-", "Diluted Average Shares": "-", "Total Operating Income as Reported": "16,732", "Total Expenses": "162,182", "Net Income from Continuing & Discontinued Operation": "13,369", "Normalized Income": "13,746", "Interest Income": "0", "Interest Expense": "83", "Net Interest Income": "-83", "EBIT": "16,366", "EBITDA": "24,634", "Reconciled Cost of Revenue": "134,689", "Reconciled Depreciation": "8,268", "Net Income from Continuing Operation Net Minority Interest": "13,369", "Total Unusual Items Excluding Goodwill": "-459", "Total Unusual Items": "-459", "Normalized EBITDA": "25,093", "Tax Rate for Calcs": "0", "Tax Effect of Unusual Items": "-82.161"}, "12/31/2020": {"Duration": "12/31/2020", "Total Revenue": "179,373", "Cost of Revenue": "134,689", "Gross Profit": "44,684", "Operating Expense": "27,493", "Operating Income": "17,191", "Net Non Operating Interest Income Expense": "-83", "Other Income Expense": "-825", "Pretax Income": "16,283", "Tax Provision": "2,914", "Net Income Common Stockholders": "13,369", "Diluted NI Available to Com Stockholders": "13,369", "Basic EPS": "-", "Diluted EPS": "-", "Basic Average Shares": "-", "Diluted Average Shares": "-", "Total Operating Income as Reported": "16,732", "Total Expenses": "162,182", "Net Income from Continuing & Discontinued Operation": "13,369", "Normalized Income": "13,746", "Interest Income": "0", "Interest Expense": "83", "Net Interest Income": "-83", "EBIT": "16,366", "EBITDA": "-", "Reconciled Cost of Revenue": "134,689", "Reconciled Depreciation": "8,268", "Net Income from Continuing Operation Net Minority Interest": "13,369", "Total Unusual Items Excluding Goodwill": "-459", "Total Unusual Items": "-459", "Normalized EBITDA": "25,093", "Tax Rate for Calcs": "0", "Tax Effect of Unusual Items": "-82.161"}, "12/31/2019": {"Duration": "12/31/2019", "Total Revenue": "198,381", "Cost of Revenue": "144,422", "Gross Profit": "53,959", "Operating Expense": "29,251", "Operating Income": "24,708", "Net Non Operating Interest Income Expense": "-674", "Other Income Expense": "-388", "Pretax Income": "23,646", "Tax Provision": "3,896", "Net Income Common Stockholders": "19,750", "Diluted NI Available to Com Stockholders": "19,750", "Basic EPS": "2.66", "Diluted EPS": "2.63", "Basic Average Shares": "7,424", "Diluted Average Shares": "7,516", "Total Operating Income as Reported": "24,708", "Total Expenses": "173,673", "Net Income from Continuing & Discontinued Operation": "19,750", "Normalized Income": "19,750", "Interest Income": "0", "Interest Expense": "674", "Net Interest Income": "-674", "EBIT": "24,320", "EBITDA": "-", "Reconciled Cost of Revenue": "144,422", "Reconciled Depreciation": "8,172", "Net Income from Continuing Operation Net Minority Interest": "19,750", "Total Unusual Items Excluding Goodwill": "0", "Total Unusual Items": "0", "Normalized EBITDA": "32,492", "Tax Rate for Calcs": "0", "Tax Effect of Unusual Items": "0"}, "12/31/2018": {"Duration": "12/31/2018", "Total Revenue": "190,455", "Cost of Revenue": "142,147", "Gross Profit": "48,308", "Operating Expense": "27,758", "Operating Income": "20,550", "Net Non Operating Interest Income Expense": "-1,273", "Other Income Expense": "-874", "Pretax Income": "18,403", "Tax Provision": "4,092", "Net Income Common Stockholders": "14,311", "Diluted NI Available to Com Stockholders": "14,311", "Basic EPS": "1.95", "Diluted EPS": "1.93", "Basic Average Shares": "7,347", "Diluted Average Shares": "7,430", "Total Operating Income as Reported": "19,612", "Total Expenses": "169,905", "Net Income from Continuing & Discontinued Operation": "14,311", "Normalized Income": "15,041", "Interest Income": "47", "Interest Expense": "1,320", "Net Interest Income": "-1,273", "EBIT": "19,723", "EBITDA": "-", "Reconciled Cost of Revenue": "142,147", "Reconciled Depreciation": "7,831", "Net Income from Continuing Operation Net Minority Interest": "14,311", "Total Unusual Items Excluding Goodwill": "-938", "Total Unusual Items": "-938", "Normalized EBITDA": "28,492", "Tax Rate for Calcs": "0", "Tax Effect of Unusual Items": "-208.236"}}, "bs": {"12/31/2020": {"Duration": "12/31/2020", "Total Assets": "203,204", "Total Liabilities Net Minority Interest": "26,311", "Total Equity Gross Minority Interest": "176,893", "Total Capitalization": "176,893", "Common Stock Equity": "176,893", "Capital Lease Obligations": "2,205", "Net Tangible Assets": "105,337", "Working Capital": "56,727", "Invested Capital": "176,893", "Tangible Book Value": "105,337", "Total Debt": "2,205", "Net Debt": "-", "Share Issued": "7,530", "Ordinary Shares Number": "7,500", "Treasury Shares Number": "29.559"}, "12/31/2019": {"Duration": "12/31/2019", "Total Assets": "188,758", "Total Liabilities Net Minority Interest": "26,767", "Total Equity Gross Minority Interest": "161,991", "Total Capitalization": "161,991", "Common Stock Equity": "161,991", "Capital Lease Obligations": "3,090", "Net Tangible Assets": "89,178", "Working Capital": "36,942", "Invested Capital": "161,991", "Tangible Book Value": "89,178", "Total Debt": "3,090", "Net Debt": "-", "Share Issued": "7,476", "Ordinary Shares Number": "7,446", "Treasury Shares Number": "29.559"}, "12/31/2018": {"Duration": "12/31/2018", "Total Assets": "189,598", "Total Liabilities Net Minority Interest": "49,141", "Total Equity Gross Minority Interest": "140,457", "Total Capitalization": "162,743", "Common Stock Equity": "140,457", "Capital Lease Obligations": "-", "Net Tangible Assets": "66,387", "Working Capital": "34,968", "Invested Capital": "165,600", "Tangible Book Value": "66,387", "Total Debt": "25,143", "Net Debt": "21,905", "Share Issued": "7,415", "Ordinary Shares Number": "7,385", "Treasury Shares Number": "29.559"}}, "cf": {"TTM": {"Duration": "TTM", "Operating Cash Flow": "25,037", "Investing Cash Flow": "-4,261", "Financing Cash Flow": "-285", "End Cash Position": "24,234", "Capital Expenditure": "-4,368", "Issuance of Debt": "5,500", "Repayment of Debt": "-5,511", "Repurchase of Capital Stock": "-", "Free Cash Flow": "20,669"}, "12/31/2020": {"Duration": "12/31/2020", "Operating Cash Flow": "25,037", "Investing Cash Flow": "-4,261", "Financing Cash Flow": "-285", "End Cash Position": "24,234", "Capital Expenditure": "-4,368", "Issuance of Debt": "5,500", "Repayment of Debt": "-5,511", "Repurchase of Capital Stock": "-", "Free Cash Flow": "20,669"}, "12/31/2019": {"Duration": "12/31/2019", "Operating Cash Flow": "31,229", "Investing Cash Flow": "-5,774", "Financing Cash Flow": "-24,950", "End Cash Position": "3,743", "Capital Expenditure": "-5,778", "Issuance of Debt": "-", "Repayment of Debt": "-25,143", "Repurchase of Capital Stock": "-", "Free Cash Flow": "25,451"}, "12/31/2018": {"Duration": "12/31/2018", "Operating Cash Flow": "21,320", "Investing Cash Flow": "-82,329", "Financing Cash Flow": "26,269", "End Cash Position": "3,238", "Capital Expenditure": "-5,428", "Issuance of Debt": "56,000", "Repayment of Debt": "-30,857", "Repurchase of Capital Stock": "-", "Free Cash Flow": "15,892"}}}}, {"CYRX": {"quote": {"05/12/2021": {"value": "56.57", "Market Cap": "2.584B", "Beta (5Y Monthly)": "0.86", "PE Ratio (TTM)": "N/A", "EPS (TTM)": "-1.91", "Earnings Date": "Aug 04, 2021 - Aug 09, 2021", "Forward Dividend & Yield": "N/A (N/A)", "Ex-Dividend Date": "N/A", "1y Target Est": "76.13"}}, "fin": {"TTM": {"Duration": "TTM", "Total Revenue": "78,696", "Cost of Revenue": "42,362", "Gross Profit": "36,334", "Operating Expense": "66,344", "Operating Income": "-30,010", "Net Non Operating Interest Income Expense": "-2,560", "Other Income Expense": "-168", "Pretax Income": "-32,738", "Tax Provision": "-45", "Net Income Common Stockholders": "-75,029", "Diluted NI Available to Com Stockholders": "-75,029", "Basic EPS": "-", "Diluted EPS": "-", "Basic Average Shares": "-", "Diluted Average Shares": "-", "Total Operating Income as Reported": "-30,010", "Total Expenses": "108,706", "Interest Expense": "2,560", "Net Interest Income": "-2,560", "Net Income from Continuing & Discontinued Operation": "-32,693", "Normalized Income": "-33,453", "EBIT": "-30,178", "EBITDA": "-20,309", "Reconciled Cost of Revenue": "42,362", "Reconciled Depreciation": "9,869", "Net Income from Continuing Operation Net Minority Interest": "-32,693", "Total Unusual Items Excluding Goodwill": "761", "Total Unusual Items": "761", "Normalized EBITDA": "-21,070", "Tax Rate for Calcs": "0", "Tax Effect of Unusual Items": "1.046"}, "12/31/2020": {"Duration": "12/31/2020", "Total Revenue": "78,696", "Cost of Revenue": "42,362", "Gross Profit": "36,334", "Operating Expense": "66,344", "Operating Income": "-30,010", "Net Non Operating Interest Income Expense": "-2,560", "Other Income Expense": "-168", "Pretax Income": "-32,738", "Tax Provision": "-45", "Net Income Common Stockholders": "-75,029", "Diluted NI Available to Com Stockholders": "-75,029", "Basic EPS": "-", "Diluted EPS": "-", "Basic Average Shares": "-", "Diluted Average Shares": "-", "Total Operating Income as Reported": "-30,010", "Total Expenses": "108,706", "Interest Expense": "2,560", "Net Interest Income": "-2,560", "Net Income from Continuing & Discontinued Operation": "-32,693", "Normalized Income": "-33,453", "EBIT": "-30,178", "EBITDA": "-", "Reconciled Cost of Revenue": "42,362", "Reconciled Depreciation": "9,869", "Net Income from Continuing Operation Net Minority Interest": "-32,693", "Total Unusual Items Excluding Goodwill": "761", "Total Unusual Items": "761", "Normalized EBITDA": "-21,070", "Tax Rate for Calcs": "0", "Tax Effect of Unusual Items": "1.046"}, "12/31/2019": {"Duration": "12/31/2019", "Total Revenue": "33,942", "Cost of Revenue": "16,590", "Gross Profit": "17,352", "Operating Expense": "35,027", "Operating Income": "-17,675", "Net Non Operating Interest Income Expense": "-1,367", "Other Income Expense": "772.065", "Pretax Income": "-18,270", "Tax Provision": "61.575", "Net Income Common Stockholders": "-18,331", "Diluted NI Available to Com Stockholders": "-18,331", "Basic EPS": "-0.55", "Diluted EPS": "-0.55", "Basic Average Shares": "33,394", "Diluted Average Shares": "33,394", "Total Operating Income as Reported": "-17,675", "Total Expenses": "51,617", "Interest Expense": "1,367", "Net Interest Income": "-1,367", "Net Income from Continuing & Discontinued Operation": "-18,331", "Normalized Income": "-18,331", "EBIT": "-16,903", "EBITDA": "-", "Reconciled Cost of Revenue": "16,590", "Reconciled Depreciation": "2,415", "Net Income from Continuing Operation Net Minority Interest": "-18,331", "Total Unusual Items Excluding Goodwill": "-", "Total Unusual Items": "-", "Normalized EBITDA": "-14,488", "Tax Rate for Calcs": "0", "Tax Effect of Unusual Items": "0"}, "12/31/2018": {"Duration": "12/31/2018", "Total Revenue": "19,626", "Cost of Revenue": "9,386", "Gross Profit": "10,240", "Operating Expense": "18,885", "Operating Income": "-8,645", "Net Non Operating Interest Income Expense": "-69.253", "Other Income Expense": "-821.779", "Pretax Income": "-9,536", "Tax Provision": "19.954", "Net Income Common Stockholders": "-9,556", "Diluted NI Available to Com Stockholders": "-9,556", "Basic EPS": "-0.34", "Diluted EPS": "-0.34", "Basic Average Shares": "28,211", "Diluted Average Shares": "28,211", "Total Operating Income as Reported": "-8,645", "Total Expenses": "28,271", "Interest Expense": "69.253", "Net Interest Income": "-69.253", "Net Income from Continuing & Discontinued Operation": "-9,556", "Normalized Income": "-8,899", "EBIT": "-9,466", "EBITDA": "-", "Reconciled Cost of Revenue": "9,386", "Reconciled Depreciation": "857.939", "Net Income from Continuing Operation Net Minority Interest": "-9,556", "Total Unusual Items Excluding Goodwill": "-899.41", "Total Unusual Items": "-899.41", "Normalized EBITDA": "-7,709", "Tax Rate for Calcs": "0", "Tax Effect of Unusual Items": "-242.8407"}}, "bs": {"12/31/2020": {"Duration": "12/31/2020", "Total Assets": "552,405", "Total Liabilities Net Minority Interest": "169,707", "Total Equity Gross Minority Interest": "382,698", "Total Capitalization": "498,954", "Preferred Stock Equity": "2,844", "Common Stock Equity": "379,854", "Capital Lease Obligations": "14,663", "Net Tangible Assets": "23,508", "Working Capital": "112,137", "Invested Capital": "496,110", "Tangible Book Value": "20,664", "Total Debt": "130,919", "Net Debt": "79,383", "Share Issued": "39,837", "Ordinary Shares Number": "39,837"}, "12/31/2019": {"Duration": "12/31/2019", "Total Assets": "135,873", "Total Liabilities Net Minority Interest": "9,591", "Total Equity Gross Minority Interest": "126,281", "Total Capitalization": "126,281", "Preferred Stock Equity": "-", "Common Stock Equity": "126,281", "Capital Lease Obligations": "4,800", "Net Tangible Assets": "110,104", "Working Capital": "97,504", "Invested Capital": "126,281", "Tangible Book Value": "110,104", "Total Debt": "4,800", "Net Debt": "-", "Share Issued": "37,340", "Ordinary Shares Number": "37,340"}, "12/31/2018": {"Duration": "12/31/2018", "Total Assets": "56,620", "Total Liabilities Net Minority Interest": "18,074", "Total Equity Gross Minority Interest": "38,547", "Total Capitalization": "53,258", "Preferred Stock Equity": "-", "Common Stock Equity": "38,547", "Capital Lease Obligations": "56.347", "Net Tangible Assets": "38,409", "Working Capital": "48,713", "Invested Capital": "53,258", "Tangible Book Value": "38,409", "Total Debt": "14,768", "Net Debt": "-", "Share Issued": "30,319", "Ordinary Shares Number": "30,319"}}, "cf": {"TTM": {"Duration": "TTM", "Operating Cash Flow": "-14,866", "Investing Cash Flow": "-382,312", "Financing Cash Flow": "385,585", "End Cash Position": "36,873", "Income Tax Paid Supplemental Data": "60", "Interest Paid Supplemental Data": "1,823", "Capital Expenditure": "-9,669", "Issuance of Capital Stock": "265,385", "Issuance of Debt": "115,000", "Repayment of Debt": "-70", "Free Cash Flow": "-24,535"}, "12/31/2020": {"Duration": "12/31/2020", "Operating Cash Flow": "-14,866", "Investing Cash Flow": "-382,312", "Financing Cash Flow": "385,585", "End Cash Position": "36,873", "Income Tax Paid Supplemental Data": "60", "Interest Paid Supplemental Data": "1,823", "Capital Expenditure": "-9,669", "Issuance of Capital Stock": "265,385", "Issuance of Debt": "115,000", "Repayment of Debt": "-70", "Free Cash Flow": "-24,535"}, "12/31/2019": {"Duration": "12/31/2019", "Operating Cash Flow": "-1,324", "Investing Cash Flow": "-62,927", "Financing Cash Flow": "74,150", "End Cash Position": "47,235", "Income Tax Paid Supplemental Data": "13.888", "Interest Paid Supplemental Data": "707.15", "Capital Expenditure": "-5,409", "Issuance of Capital Stock": "68,811", "Issuance of Debt": "0", "Repayment of Debt": "-23.191", "Free Cash Flow": "-6,733"}, "12/31/2018": {"Duration": "12/31/2018", "Operating Cash Flow": "-3,352", "Investing Cash Flow": "-12,884", "Financing Cash Flow": "38,531", "End Cash Position": "37,327", "Income Tax Paid Supplemental Data": "19.954", "Interest Paid Supplemental Data": "0.637", "Capital Expenditure": "-2,961", "Issuance of Capital Stock": "17,813", "Issuance of Debt": "15,000", "Repayment of Debt": "-14.7", "Free Cash Flow": "-6,313"}}}}, {"BMS": {"fin": {}, "bs": {}, "cf": {}}}, {"MINI": {"fin": {}, "bs": {}, "cf": {}}}]