[{"ADES": {"quote": {"04/25/2021": {"value": "5.02", "Market Cap": "94.261M", "Beta (5Y Monthly)": "0.60", "PE Ratio (TTM)": "N/A", "EPS (TTM)": "-1.12", "Earnings Date": "Mar 11, 2021", "Forward Dividend & Yield": "N/A (N/A)", "Ex-Dividend Date": "Feb 20, 2020", "1y Target Est": "N/A"}}, "fin": {"TTM": {"Duration": "TTM", "Total Revenue": "61,577", "Cost of Revenue": "44,613", "Gross Profit": "16,964", "Operating Expense": "32,971", "Operating Income": "-16,007", "Net Non Operating Interest Income Expense": "-3,793", "Other Income Expense": "6,009", "Pretax Income": "-13,791", "Tax Provision": "6,511", "Net Income Common Stockholders": "-20,297", "Diluted NI Available to Com Stockholders": "-20,297", "Basic EPS": "-", "Diluted EPS": "-", "Basic Average Shares": "-", "Diluted Average Shares": "-", "Total Operating Income as Reported": "-40,981", "Rent Expense Supplemental": "-", "Total Expenses": "77,584", "Net Income from Continuing & Discontinued Operation": "-20,302", "Normalized Income": "-2,071", "Interest Income": "127", "Interest Expense": "3,920", "Net Interest Income": "-3,793", "EBIT": "-9,871", "EBITDA": "-1,334", "Reconciled Cost of Revenue": "44,613", "Reconciled Depreciation": "8,537", "Net Income from Continuing Operation Net Minority Interest": "-20,302", "Total Unusual Items Excluding Goodwill": "-24,974", "Total Unusual Items": "-24,974", "Normalized EBITDA": "23,640", "Tax Rate for Calcs": "0", "Tax Effect of Unusual Items": "-6,743"}, "12/31/2020": {"Duration": "12/31/2020", "Total Revenue": "61,577", "Cost of Revenue": "44,613", "Gross Profit": "16,964", "Operating Expense": "32,971", "Operating Income": "-16,007", "Net Non Operating Interest Income Expense": "-3,793", "Other Income Expense": "6,009", "Pretax Income": "-13,791", "Tax Provision": "6,511", "Net Income Common Stockholders": "-20,297", "Diluted NI Available to Com Stockholders": "-20,297", "Basic EPS": "-", "Diluted EPS": "-", "Basic Average Shares": "-", "Diluted Average Shares": "-", "Total Operating Income as Reported": "-40,981", "Rent Expense Supplemental": "-", "Total Expenses": "77,584", "Net Income from Continuing & Discontinued Operation": "-20,302", "Normalized Income": "-2,071", "Interest Income": "127", "Interest Expense": "3,920", "Net Interest Income": "-3,793", "EBIT": "-9,871", "EBITDA": "-", "Reconciled Cost of Revenue": "44,613", "Reconciled Depreciation": "8,537", "Net Income from Continuing Operation Net Minority Interest": "-20,302", "Total Unusual Items Excluding Goodwill": "-24,974", "Total Unusual Items": "-24,974", "Normalized EBITDA": "23,640", "Tax Rate for Calcs": "0", "Tax Effect of Unusual Items": "-6,743"}, "12/31/2019": {"Duration": "12/31/2019", "Total Revenue": "70,086", "Cost of Revenue": "49,443", "Gross Profit": "20,643", "Operating Expense": "35,536", "Operating Income": "-14,893", "Net Non Operating Interest Income Expense": "-7,174", "Other Income Expense": "69,603", "Pretax Income": "47,536", "Tax Provision": "11,999", "Net Income Common Stockholders": "35,493", "Diluted NI Available to Com Stockholders": "35,493", "Basic EPS": "1.96", "Diluted EPS": "1.93", "Basic Average Shares": "18,154", "Diluted Average Shares": "18,372", "Total Operating Income as Reported": "-14,893", "Rent Expense Supplemental": "-", "Total Expenses": "84,979", "Net Income from Continuing & Discontinued Operation": "35,537", "Normalized Income": "35,537", "Interest Income": "-", "Interest Expense": "7,174", "Net Interest Income": "-7,174", "EBIT": "54,710", "EBITDA": "-", "Reconciled Cost of Revenue": "49,443", "Reconciled Depreciation": "7,371", "Net Income from Continuing Operation Net Minority Interest": "35,537", "Total Unusual Items Excluding Goodwill": "-", "Total Unusual Items": "-", "Normalized EBITDA": "62,081", "Tax Rate for Calcs": "0", "Tax Effect of Unusual Items": "0"}, "12/31/2018": {"Duration": "12/31/2018", "Total Revenue": "23,945", "Cost of Revenue": "6,253", "Gross Profit": "17,692", "Operating Expense": "24,092", "Operating Income": "-6,400", "Net Non Operating Interest Income Expense": "-1,912", "Other Income Expense": "54,189", "Pretax Income": "45,877", "Tax Provision": "10,423", "Net Income Common Stockholders": "35,342", "Diluted NI Available to Com Stockholders": "35,342", "Basic EPS": "1.78", "Diluted EPS": "1.76", "Basic Average Shares": "19,901", "Diluted Average Shares": "20,033", "Total Operating Income as Reported": "-6,400", "Rent Expense Supplemental": "1,141", "Total Expenses": "30,345", "Net Income from Continuing & Discontinued Operation": "35,454", "Normalized Income": "35,454", "Interest Income": "239", "Interest Expense": "2,151", "Net Interest Income": "-1,912", "EBIT": "48,028", "EBITDA": "-", "Reconciled Cost of Revenue": "6,253", "Reconciled Depreciation": "723", "Net Income from Continuing Operation Net Minority Interest": "35,454", "Total Unusual Items Excluding Goodwill": "0", "Total Unusual Items": "0", "Normalized EBITDA": "48,751", "Tax Rate for Calcs": "0", "Tax Effect of Unusual Items": "0"}}, "bs": {"12/31/2020": {"Duration": "12/31/2020", "Total Assets": "146,671", "Total Liabilities Net Minority Interest": "61,461", "Total Equity Gross Minority Interest": "85,210", "Total Capitalization": "90,655", "Common Stock Equity": "85,210", "Capital Lease Obligations": "2,992", "Net Tangible Assets": "83,246", "Working Capital": "19,446", "Invested Capital": "109,096", "Tangible Book Value": "83,246", "Total Debt": "26,878", "Net Debt": "-", "Share Issued": "23,141", "Ordinary Shares Number": "18,523", "Treasury Shares Number": "4,618"}, "12/31/2019": {"Duration": "12/31/2019", "Total Assets": "173,799", "Total Liabilities Net Minority Interest": "65,507", "Total Equity Gross Minority Interest": "108,292", "Total Capitalization": "128,726", "Common Stock Equity": "108,292", "Capital Lease Obligations": "5,192", "Net Tangible Assets": "104,123", "Working Capital": "7,735", "Invested Capital": "152,658", "Tangible Book Value": "104,123", "Total Debt": "49,558", "Net Debt": "32,286", "Share Issued": "22,960", "Ordinary Shares Number": "18,363", "Treasury Shares Number": "4,598"}, "12/31/2018": {"Duration": "12/31/2018", "Total Assets": "159,664", "Total Liabilities Net Minority Interest": "91,717", "Total Equity Gross Minority Interest": "67,947", "Total Capitalization": "118,005", "Common Stock Equity": "67,947", "Capital Lease Obligations": "-", "Net Tangible Assets": "63,117", "Working Capital": "19,057", "Invested Capital": "142,072", "Tangible Book Value": "63,117", "Total Debt": "74,125", "Net Debt": "55,548", "Share Issued": "22,641", "Ordinary Shares Number": "18,576", "Treasury Shares Number": "4,064"}}, "cf": {"TTM": {"Duration": "TTM", "Operating Cash Flow": "54,469", "Investing Cash Flow": "-7,887", "Financing Cash Flow": "-27,730", "End Cash Position": "35,932", "Income Tax Paid Supplemental Data": "-", "Interest Paid Supplemental Data": "2,489", "Capital Expenditure": "-6,685", "Issuance of Debt": "3,305", "Repayment of Debt": "-25,360", "Repurchase of Capital Stock": "-696", "Free Cash Flow": "47,784"}, "12/31/2020": {"Duration": "12/31/2020", "Operating Cash Flow": "54,469", "Investing Cash Flow": "-7,887", "Financing Cash Flow": "-27,730", "End Cash Position": "35,932", "Income Tax Paid Supplemental Data": "-", "Interest Paid Supplemental Data": "2,489", "Capital Expenditure": "-6,685", "Issuance of Debt": "3,305", "Repayment of Debt": "-25,360", "Repurchase of Capital Stock": "-696", "Free Cash Flow": "47,784"}, "12/31/2019": {"Duration": "12/31/2019", "Operating Cash Flow": "62,262", "Investing Cash Flow": "-13,238", "Financing Cash Flow": "-55,716", "End Cash Position": "17,080", "Income Tax Paid Supplemental Data": "4,308", "Interest Paid Supplemental Data": "5,650", "Capital Expenditure": "-7,851", "Issuance of Debt": "0", "Repayment of Debt": "-31,354", "Repurchase of Capital Stock": "-6,244", "Free Cash Flow": "54,411"}, "12/31/2018": {"Duration": "12/31/2018", "Operating Cash Flow": "-9,889", "Investing Cash Flow": "-16,543", "Financing Cash Flow": "19,511", "End Cash Position": "23,772", "Income Tax Paid Supplemental Data": "7,460", "Interest Paid Supplemental Data": "1,400", "Capital Expenditure": "-467", "Issuance of Debt": "67,900", "Repayment of Debt": "0", "Repurchase of Capital Stock": "-26,112", "Free Cash Flow": "-10,356"}}}}, {"AWGI": {"quote": {"04/25/2021": {"value": "0.0098", "Market Cap": "224,246", "Beta (5Y Monthly)": "-25.27", "PE Ratio (TTM)": "4.90", "EPS (TTM)": "0.0020", "Earnings Date": "N/A", "Forward Dividend & Yield": "N/A (N/A)", "Ex-Dividend Date": "N/A", "1y Target Est": "N/A"}}, "fin": {}, "bs": {}, "cf": {}}}, {"FSS": {"quote": {"04/25/2021": {"value": "41.60", "Market Cap": "2.507B", "Beta (5Y Monthly)": "1.06", "PE Ratio (TTM)": "26.63", "EPS (TTM)": "1.56", "Earnings Date": "May 04, 2021", "Forward Dividend & Yield": "0.36 (0.87%)", "Ex-Dividend Date": "Mar 18, 2021", "1y Target Est": "40.83"}}, "fin": {"TTM": {"Duration": "TTM", "Total Revenue": "1,130,800", "Cost of Revenue": "837,200", "Gross Profit": "293,600", "Operating Expense": "158,800", "Operating Income": "134,800", "Net Non Operating Interest Income Expense": "-5,700", "Other Income Expense": "-4,500", "Pretax Income": "124,600", "Tax Provision": "28,500", "Net Income Common Stockholders": "96,200", "Diluted NI Available to Com Stockholders": "96,200", "Basic EPS": "-", "Diluted EPS": "-", "Basic Average Shares": "-", "Diluted Average Shares": "-", "Total Operating Income as Reported": "131,400", "Total Expenses": "996,000", "Net Income from Continuing & Discontinued Operation": "96,200", "Normalized Income": "98,721", "Interest Expense": "5,700", "Net Interest Income": "-5,700", "EBIT": "130,300", "EBITDA": "175,100", "Reconciled Cost of Revenue": "837,200", "Reconciled Depreciation": "44,800", "Net Income from Continuing Operation Net Minority Interest": "96,100", "Total Unusual Items Excluding Goodwill": "-3,400", "Total Unusual Items": "-3,400", "Normalized EBITDA": "178,500", "Tax Rate for Calcs": "0", "Tax Effect of Unusual Items": "-778.6"}, "12/31/2020": {"Duration": "12/31/2020", "Total Revenue": "1,130,800", "Cost of Revenue": "837,200", "Gross Profit": "293,600", "Operating Expense": "158,800", "Operating Income": "134,800", "Net Non Operating Interest Income Expense": "-5,700", "Other Income Expense": "-4,500", "Pretax Income": "124,600", "Tax Provision": "28,500", "Net Income Common Stockholders": "96,200", "Diluted NI Available to Com Stockholders": "96,200", "Basic EPS": "-", "Diluted EPS": "-", "Basic Average Shares": "-", "Diluted Average Shares": "-", "Total Operating Income as Reported": "131,400", "Total Expenses": "996,000", "Net Income from Continuing & Discontinued Operation": "96,200", "Normalized Income": "98,721", "Interest Expense": "5,700", "Net Interest Income": "-5,700", "EBIT": "130,300", "EBITDA": "-", "Reconciled Cost of Revenue": "837,200", "Reconciled Depreciation": "44,800", "Net Income from Continuing Operation Net Minority Interest": "96,100", "Total Unusual Items Excluding Goodwill": "-3,400", "Total Unusual Items": "-3,400", "Normalized EBITDA": "178,500", "Tax Rate for Calcs": "0", "Tax Effect of Unusual Items": "-778.6"}, "12/31/2019": {"Duration": "12/31/2019", "Total Revenue": "1,221,300", "Cost of Revenue": "898,500", "Gross Profit": "322,800", "Operating Expense": "173,200", "Operating Income": "149,600", "Net Non Operating Interest Income Expense": "-7,900", "Other Income Expense": "-3,100", "Pretax Income": "138,600", "Tax Provision": "30,200", "Net Income Common Stockholders": "108,500", "Diluted NI Available to Com Stockholders": "108,500", "Basic EPS": "1.80", "Diluted EPS": "1.76", "Basic Average Shares": "60,200", "Diluted Average Shares": "61,600", "Total Operating Income as Reported": "147,100", "Total Expenses": "1,071,700", "Net Income from Continuing & Discontinued Operation": "108,500", "Normalized Income": "110,355", "Interest Expense": "7,900", "Net Interest Income": "-7,900", "EBIT": "146,500", "EBITDA": "-", "Reconciled Cost of Revenue": "898,500", "Reconciled Depreciation": "41,500", "Net Income from Continuing Operation Net Minority Interest": "108,400", "Total Unusual Items Excluding Goodwill": "-2,500", "Total Unusual Items": "-2,500", "Normalized EBITDA": "190,500", "Tax Rate for Calcs": "0", "Tax Effect of Unusual Items": "-545"}, "12/31/2018": {"Duration": "12/31/2018", "Total Revenue": "1,089,500", "Cost of Revenue": "807,400", "Gross Profit": "282,100", "Operating Expense": "159,100", "Operating Income": "123,000", "Net Non Operating Interest Income Expense": "-9,300", "Other Income Expense": "-2,100", "Pretax Income": "111,600", "Tax Provision": "17,900", "Net Income Common Stockholders": "94,000", "Diluted NI Available to Com Stockholders": "94,000", "Basic EPS": "1.57", "Diluted EPS": "1.54", "Basic Average Shares": "59,900", "Diluted Average Shares": "61,200", "Total Operating Income as Reported": "121,500", "Total Expenses": "966,500", "Net Income from Continuing & Discontinued Operation": "94,000", "Normalized Income": "94,960", "Interest Expense": "9,300", "Net Interest Income": "-9,300", "EBIT": "120,900", "EBITDA": "-", "Reconciled Cost of Revenue": "807,400", "Reconciled Depreciation": "36,400", "Net Income from Continuing Operation Net Minority Interest": "93,700", "Total Unusual Items Excluding Goodwill": "-1,500", "Total Unusual Items": "-1,500", "Normalized EBITDA": "158,800", "Tax Rate for Calcs": "0", "Tax Effect of Unusual Items": "-240"}}, "bs": {"12/31/2020": {"Duration": "12/31/2020", "Total Assets": "1,208,800", "Total Liabilities Net Minority Interest": "506,700", "Total Equity Gross Minority Interest": "702,100", "Total Capitalization": "911,500", "Common Stock Equity": "702,100", "Capital Lease Obligations": "24,300", "Net Tangible Assets": "154,400", "Working Capital": "257,100", "Invested Capital": "911,500", "Tangible Book Value": "154,400", "Total Debt": "233,700", "Net Debt": "127,700", "Share Issued": "67,800", "Ordinary Shares Number": "60,500", "Treasury Shares Number": "7,300"}, "12/31/2019": {"Duration": "12/31/2019", "Total Assets": "1,165,500", "Total Liabilities Net Minority Interest": "523,900", "Total Equity Gross Minority Interest": "641,600", "Total Capitalization": "861,500", "Common Stock Equity": "641,600", "Capital Lease Obligations": "22,200", "Net Tangible Assets": "89,900", "Working Capital": "200,500", "Invested Capital": "861,500", "Tangible Book Value": "89,900", "Total Debt": "242,100", "Net Debt": "188,300", "Share Issued": "66,900", "Ordinary Shares Number": "60,500", "Treasury Shares Number": "6,400"}, "12/31/2018": {"Duration": "12/31/2018", "Total Assets": "1,023,800", "Total Liabilities Net Minority Interest": "493,700", "Total Equity Gross Minority Interest": "530,100", "Total Capitalization": "739,500", "Common Stock Equity": "530,100", "Capital Lease Obligations": "700", "Net Tangible Assets": "11,900", "Working Capital": "169,700", "Invested Capital": "739,500", "Tangible Book Value": "11,900", "Total Debt": "210,100", "Net Debt": "172,000", "Share Issued": "66,400", "Ordinary Shares Number": "60,200", "Treasury Shares Number": "6,200"}}, "cf": {"TTM": {"Duration": "TTM", "Operating Cash Flow": "136,200", "Investing Cash Flow": "-34,400", "Financing Cash Flow": "-53,400", "End Cash Position": "81,700", "Capital Expenditure": "-29,700", "Issuance of Debt": "-", "Repayment of Debt": "-", "Repurchase of Capital Stock": "-22,800", "Free Cash Flow": "106,500"}, "12/31/2020": {"Duration": "12/31/2020", "Operating Cash Flow": "136,200", "Investing Cash Flow": "-34,400", "Financing Cash Flow": "-53,400", "End Cash Position": "81,700", "Capital Expenditure": "-29,700", "Issuance of Debt": "-", "Repayment of Debt": "-", "Repurchase of Capital Stock": "-22,800", "Free Cash Flow": "106,500"}, "12/31/2019": {"Duration": "12/31/2019", "Operating Cash Flow": "103,100", "Investing Cash Flow": "-84,400", "Financing Cash Flow": "-24,600", "End Cash Position": "31,600", "Capital Expenditure": "-35,400", "Issuance of Debt": "-", "Repayment of Debt": "-", "Repurchase of Capital Stock": "-3,100", "Free Cash Flow": "67,700"}, "12/31/2018": {"Duration": "12/31/2018", "Operating Cash Flow": "92,800", "Investing Cash Flow": "-11,000", "Financing Cash Flow": "-81,200", "End Cash Position": "37,400", "Capital Expenditure": "-14,100", "Issuance of Debt": "-", "Repayment of Debt": "0", "Repurchase of Capital Stock": "-1,700", "Free Cash Flow": "78,700"}}}}, {"CDTI": {"quote": {"04/25/2021": {"value": "0.6200", "Market Cap": "1.221M", "Beta (5Y Monthly)": "0.94", "PE Ratio (TTM)": "N/A", "EPS (TTM)": "-1.5290", "Earnings Date": "Jun 07, 2019 - Jun 12, 2019", "Forward Dividend & Yield": "N/A (N/A)", "Ex-Dividend Date": "N/A", "1y Target Est": "0.85"}}, "fin": {"TTM": {"Duration": "TTM", "Total Revenue": "24,126", "Cost of Revenue": "17,936", "Gross Profit": "6,190", "Operating Expense": "8,611", "Operating Income": "-2,421", "Net Non Operating Interest Income Expense": "-25", "Other Income Expense": "780", "Pretax Income": "-1,666", "Tax Provision": "794", "Net Income Common Stockholders": "-5,095", "Diluted NI Available to Com Stockholders": "-5,095", "Basic EPS": "-", "Diluted EPS": "-", "Basic Average Shares": "-", "Diluted Average Shares": "-", "Total Operating Income as Reported": "-2,325", "Total Expenses": "26,547", "Net Income from Continuing & Discontinued Operation": "-5,095", "Normalized Income": "-3,048", "Interest Expense": "25", "Net Interest Income": "-25", "EBIT": "-2,421", "EBITDA": "-1,967", "Reconciled Cost of Revenue": "17,936", "Reconciled Depreciation": "454", "Net Income from Continuing Operation Net Minority Interest": "-2,460", "Total Unusual Items Excluding Goodwill": "806", "Total Unusual Items": "806", "Normalized EBITDA": "-2,773", "Tax Rate for Calcs": "0", "Tax Effect of Unusual Items": "217.62"}}, "bs": {}, "cf": {"TTM": {"Duration": "TTM", "Operating Cash Flow": "-2,211", "Investing Cash Flow": "3", "Financing Cash Flow": "2,077", "End Cash Position": "3,210", "Capital Expenditure": "-", "Issuance of Capital Stock": "2,077", "Repayment of Debt": "-167", "Free Cash Flow": "-2,243"}}}}, {"CECE": {"quote": {"04/25/2021": {"value": "7.58", "Market Cap": "273.158M", "Beta (5Y Monthly)": "1.35", "PE Ratio (TTM)": "32.96", "EPS (TTM)": "0.23", "Earnings Date": "May 06, 2021", "Forward Dividend & Yield": "N/A (N/A)", "Ex-Dividend Date": "Sep 14, 2017", "1y Target Est": "11.50"}}, "fin": {"TTM": {"Duration": "TTM", "Total Revenue": "316,011", "Cost of Revenue": "210,883", "Gross Profit": "105,128", "Operating Expense": "85,725", "Operating Income": "19,403", "Net Non Operating Interest Income Expense": "-3,535", "Other Income Expense": "-4,024", "Pretax Income": "11,844", "Tax Provision": "3,672", "Net Income Common Stockholders": "8,211", "Diluted NI Available to Com Stockholders": "8,211", "Basic EPS": "-", "Diluted EPS": "-", "Basic Average Shares": "-", "Diluted Average Shares": "-", "Total Operating Income as Reported": "13,346", "Total Expenses": "296,608", "Net Income from Continuing & Discontinued Operation": "8,211", "Normalized Income": "12,445", "Interest Expense": "3,535", "Net Interest Income": "-3,535", "EBIT": "15,379", "EBITDA": "25,300", "Reconciled Cost of Revenue": "209,761", "Reconciled Depreciation": "9,921", "Net Income from Continuing Operation Net Minority Interest": "8,211", "Total Unusual Items Excluding Goodwill": "-6,057", "Total Unusual Items": "-6,057", "Normalized EBITDA": "31,357", "Tax Rate for Calcs": "0", "Tax Effect of Unusual Items": "-1,823"}, "12/31/2020": {"Duration": "12/31/2020", "Total Revenue": "316,011", "Cost of Revenue": "210,883", "Gross Profit": "105,128", "Operating Expense": "85,725", "Operating Income": "19,403", "Net Non Operating Interest Income Expense": "-3,535", "Other Income Expense": "-4,024", "Pretax Income": "11,844", "Tax Provision": "3,672", "Net Income Common Stockholders": "8,211", "Diluted NI Available to Com Stockholders": "8,211", "Basic EPS": "-", "Diluted EPS": "-", "Basic Average Shares": "-", "Diluted Average Shares": "-", "Total Operating Income as Reported": "13,346", "Total Expenses": "296,608", "Net Income from Continuing & Discontinued Operation": "8,211", "Normalized Income": "12,445", "Interest Expense": "3,535", "Net Interest Income": "-3,535", "EBIT": "15,379", "EBITDA": "-", "Reconciled Cost of Revenue": "209,761", "Reconciled Depreciation": "9,921", "Net Income from Continuing Operation Net Minority Interest": "8,211", "Total Unusual Items Excluding Goodwill": "-6,057", "Total Unusual Items": "-6,057", "Normalized EBITDA": "31,357", "Tax Rate for Calcs": "0", "Tax Effect of Unusual Items": "-1,823"}, "12/31/2019": {"Duration": "12/31/2019", "Total Revenue": "341,869", "Cost of Revenue": "227,770", "Gross Profit": "114,099", "Operating Expense": "94,477", "Operating Income": "19,622", "Net Non Operating Interest Income Expense": "-5,397", "Other Income Expense": "-881", "Pretax Income": "13,344", "Tax Provision": "-4,363", "Net Income Common Stockholders": "17,707", "Diluted NI Available to Com Stockholders": "17,707", "Basic EPS": "0.51", "Diluted EPS": "0.50", "Basic Average Shares": "34,988", "Diluted Average Shares": "35,484", "Total Operating Income as Reported": "17,990", "Total Expenses": "322,247", "Net Income from Continuing & Discontinued Operation": "17,707", "Normalized Income": "18,805", "Interest Expense": "5,397", "Net Interest Income": "-5,397", "EBIT": "18,741", "EBITDA": "-", "Reconciled Cost of Revenue": "225,660", "Reconciled Depreciation": "10,609", "Net Income from Continuing Operation Net Minority Interest": "17,707", "Total Unusual Items Excluding Goodwill": "-1,632", "Total Unusual Items": "-1,632", "Normalized EBITDA": "30,982", "Tax Rate for Calcs": "0", "Tax Effect of Unusual Items": "-533.664"}, "12/31/2018": {"Duration": "12/31/2018", "Total Revenue": "337,339", "Cost of Revenue": "225,802", "Gross Profit": "111,537", "Operating Expense": "97,145", "Operating Income": "14,392", "Net Non Operating Interest Income Expense": "-7,140", "Other Income Expense": "-4,755", "Pretax Income": "2,497", "Tax Provision": "9,618", "Net Income Common Stockholders": "-7,121", "Diluted NI Available to Com Stockholders": "-7,121", "Basic EPS": "-0.21", "Diluted EPS": "-0.21", "Basic Average Shares": "34,714", "Diluted Average Shares": "34,714", "Total Operating Income as Reported": "10,002", "Total Expenses": "322,947", "Net Income from Continuing & Discontinued Operation": "-7,121", "Normalized Income": "-3,916", "Interest Expense": "7,140", "Net Interest Income": "-7,140", "EBIT": "9,637", "EBITDA": "-", "Reconciled Cost of Revenue": "222,213", "Reconciled Depreciation": "13,272", "Net Income from Continuing Operation Net Minority Interest": "-7,121", "Total Unusual Items Excluding Goodwill": "-4,390", "Total Unusual Items": "-4,390", "Normalized EBITDA": "27,299", "Tax Rate for Calcs": "0", "Tax Effect of Unusual Items": "-1,185"}}, "bs": {"12/31/2020": {"Duration": "12/31/2020", "Total Assets": "419,314", "Total Liabilities Net Minority Interest": "215,703", "Total Equity Gross Minority Interest": "203,611", "Total Capitalization": "272,149", "Common Stock Equity": "202,658", "Capital Lease Obligations": "11,584", "Net Tangible Assets": "-1,736", "Working Capital": "74,129", "Invested Capital": "275,274", "Tangible Book Value": "-1,736", "Total Debt": "84,200", "Net Debt": "36,624", "Share Issued": "35,643", "Ordinary Shares Number": "35,505", "Treasury Shares Number": "137.92"}, "12/31/2019": {"Duration": "12/31/2019", "Total Assets": "408,637", "Total Liabilities Net Minority Interest": "215,620", "Total Equity Gross Minority Interest": "193,017", "Total Capitalization": "256,018", "Common Stock Equity": "193,017", "Capital Lease Obligations": "13,726", "Net Tangible Assets": "-4,577", "Working Capital": "64,310", "Invested Capital": "258,518", "Tangible Book Value": "-4,577", "Total Debt": "79,227", "Net Debt": "29,899", "Share Issued": "35,413", "Ordinary Shares Number": "35,275", "Treasury Shares Number": "137.92"}, "12/31/2018": {"Duration": "12/31/2018", "Total Assets": "392,582", "Total Liabilities Net Minority Interest": "214,022", "Total Equity Gross Minority Interest": "178,560", "Total Capitalization": "253,016", "Common Stock Equity": "178,560", "Capital Lease Obligations": "-", "Net Tangible Assets": "-27,813", "Working Capital": "56,979", "Invested Capital": "254,716", "Tangible Book Value": "-27,813", "Total Debt": "76,156", "Net Debt": "32,480", "Share Issued": "35,092", "Ordinary Shares Number": "34,954", "Treasury Shares Number": "137.92"}}, "cf": {"TTM": {"Duration": "TTM", "Operating Cash Flow": "4,421", "Investing Cash Flow": "-9,235", "Financing Cash Flow": "3,724", "End Cash Position": "37,811", "Income Tax Paid Supplemental Data": "2,156", "Interest Paid Supplemental Data": "3,172", "Capital Expenditure": "-3,945", "Issuance of Debt": "96,000", "Repayment of Debt": "-92,276", "Repurchase of Capital Stock": "-", "Free Cash Flow": "476"}, "12/31/2020": {"Duration": "12/31/2020", "Operating Cash Flow": "4,421", "Investing Cash Flow": "-9,235", "Financing Cash Flow": "3,724", "End Cash Position": "37,811", "Income Tax Paid Supplemental Data": "2,156", "Interest Paid Supplemental Data": "3,172", "Capital Expenditure": "-3,945", "Issuance of Debt": "96,000", "Repayment of Debt": "-92,276", "Repurchase of Capital Stock": "-", "Free Cash Flow": "476"}, "12/31/2019": {"Duration": "12/31/2019", "Operating Cash Flow": "10,227", "Investing Cash Flow": "-5,146", "Financing Cash Flow": "-12,116", "End Cash Position": "36,958", "Income Tax Paid Supplemental Data": "5,908", "Interest Paid Supplemental Data": "3,549", "Capital Expenditure": "-5,655", "Issuance of Debt": "-", "Repayment of Debt": "-11,075", "Repurchase of Capital Stock": "-", "Free Cash Flow": "4,572"}, "12/31/2018": {"Duration": "12/31/2018", "Operating Cash Flow": "21,952", "Investing Cash Flow": "38,258", "Financing Cash Flow": "-44,900", "End Cash Position": "44,438", "Income Tax Paid Supplemental Data": "10,205", "Interest Paid Supplemental Data": "5,559", "Capital Expenditure": "-3,090", "Issuance of Debt": "800", "Repayment of Debt": "-45,754", "Repurchase of Capital Stock": "0", "Free Cash Flow": "18,862"}}}}, {"CLWT": {"quote": {"04/25/2021": {"value": "3.1000", "Market Cap": "14.949M", "Beta (5Y Monthly)": "1.00", "PE Ratio (TTM)": "15.90", "EPS (TTM)": "0.1950", "Earnings Date": "Dec 30, 2020", "Forward Dividend & Yield": "N/A (N/A)", "Ex-Dividend Date": "Mar 19, 2020", "1y Target Est": "N/A"}}, "fin": {"TTM": {"Duration": "TTM", "Total Revenue": "14,302", "Cost of Revenue": "10,302", "Gross Profit": "4,000", "Operating Expense": "4,682", "Operating Income": "-682", "Net Non Operating Interest Income Expense": "44", "Other Income Expense": "1,635", "Pretax Income": "997", "Tax Provision": "88", "Earnings from Equity Interest Net of Tax": "-", "Net Income Common Stockholders": "1,003", "Diluted NI Available to Com Stockholders": "1,003", "Basic EPS": "-", "Diluted EPS": "-", "Basic Average Shares": "-", "Diluted Average Shares": "-", "Total Operating Income as Reported": "-690", "Total Expenses": "14,984", "Net Income from Continuing & Discontinued Operation": "1,003", "Normalized Income": "-295.3109", "Interest Income": "52", "Interest Expense": "8", "Net Interest Income": "44", "EBIT": "1,005", "EBITDA": "1,005", "Reconciled Cost of Revenue": "10,302", "Reconciled Depreciation": "69", "Net Income from Continuing Operation Net Minority Interest": "1,003", "Total Unusual Items Excluding Goodwill": "1,424", "Total Unusual Items": "1,424", "Normalized EBITDA": "-419", "Tax Rate for Calcs": "0", "Tax Effect of Unusual Items": "125.6891"}, "12/31/2019": {"Duration": "12/31/2019", "Total Revenue": "17,399", "Cost of Revenue": "12,982", "Gross Profit": "4,417", "Operating Expense": "4,853", "Operating Income": "-436", "Net Non Operating Interest Income Expense": "79", "Other Income Expense": "184", "Pretax Income": "-173", "Tax Provision": "37", "Earnings from Equity Interest Net of Tax": "-", "Net Income Common Stockholders": "-146", "Diluted NI Available to Com Stockholders": "-146", "Basic EPS": "-0.04", "Diluted EPS": "-0.04", "Basic Average Shares": "3,837", "Diluted Average Shares": "3,837", "Total Operating Income as Reported": "-440", "Total Expenses": "17,835", "Net Income from Continuing & Discontinued Operation": "-146", "Normalized Income": "-116.775", "Interest Income": "83", "Interest Expense": "4", "Net Interest Income": "79", "EBIT": "-169", "EBITDA": "-", "Reconciled Cost of Revenue": "12,982", "Reconciled Depreciation": "69", "Net Income from Continuing Operation Net Minority Interest": "-146", "Total Unusual Items Excluding Goodwill": "-35", "Total Unusual Items": "-35", "Normalized EBITDA": "-65", "Tax Rate for Calcs": "0", "Tax Effect of Unusual Items": "-5.775"}, "12/31/2018": {"Duration": "12/31/2018", "Total Revenue": "20,104", "Cost of Revenue": "16,405", "Gross Profit": "3,699", "Operating Expense": "4,751", "Operating Income": "-1,052", "Net Non Operating Interest Income Expense": "28", "Other Income Expense": "61", "Pretax Income": "-963", "Tax Provision": "-312", "Earnings from Equity Interest Net of Tax": "-932", "Net Income Common Stockholders": "88", "Diluted NI Available to Com Stockholders": "88", "Basic EPS": "0.02", "Diluted EPS": "0.02", "Basic Average Shares": "5,155", "Diluted Average Shares": "5,155", "Total Operating Income as Reported": "-1,059", "Total Expenses": "21,156", "Net Income from Continuing & Discontinued Operation": "88", "Normalized Income": "-1,441", "Interest Income": "35", "Interest Expense": "7", "Net Interest Income": "28", "EBIT": "-956", "EBITDA": "-", "Reconciled Cost of Revenue": "16,405", "Reconciled Depreciation": "60", "Net Income from Continuing Operation Net Minority Interest": "-1,434", "Total Unusual Items Excluding Goodwill": "10", "Total Unusual Items": "10", "Normalized EBITDA": "-906", "Tax Rate for Calcs": "0", "Tax Effect of Unusual Items": "3.2399"}}, "bs": {"12/31/2019": {"Duration": "12/31/2019", "Total Assets": "22,213", "Total Liabilities Net Minority Interest": "6,876", "Total Equity Gross Minority Interest": "15,337", "Total Capitalization": "14,459", "Common Stock Equity": "14,459", "Capital Lease Obligations": "386", "Net Tangible Assets": "13,388", "Working Capital": "5,350", "Invested Capital": "15,024", "Tangible Book Value": "13,388", "Total Debt": "951", "Share Issued": "5,434", "Ordinary Shares Number": "5,155", "Treasury Shares Number": "279.5"}, "12/31/2018": {"Duration": "12/31/2018", "Total Assets": "23,065", "Total Liabilities Net Minority Interest": "7,520", "Total Equity Gross Minority Interest": "15,545", "Total Capitalization": "14,589", "Common Stock Equity": "14,589", "Capital Lease Obligations": "-", "Net Tangible Assets": "13,518", "Working Capital": "6,013", "Invested Capital": "14,589", "Tangible Book Value": "13,518", "Total Debt": "-", "Share Issued": "5,574", "Ordinary Shares Number": "5,155", "Treasury Shares Number": "419.25"}}, "cf": {"TTM": {"Duration": "TTM", "Operating Cash Flow": "-266", "Investing Cash Flow": "-169", "Financing Cash Flow": "565", "End Cash Position": "6,720", "Income Tax Paid Supplemental Data": "0", "Interest Paid Supplemental Data": "4", "Capital Expenditure": "-21", "Repayment of Debt": "-", "Repurchase of Capital Stock": "-", "Free Cash Flow": "-287"}, "12/31/2019": {"Duration": "12/31/2019", "Operating Cash Flow": "-266", "Investing Cash Flow": "-169", "Financing Cash Flow": "565", "End Cash Position": "6,720", "Income Tax Paid Supplemental Data": "0", "Interest Paid Supplemental Data": "4", "Capital Expenditure": "-21", "Repayment of Debt": "-", "Repurchase of Capital Stock": "-", "Free Cash Flow": "-287"}, "12/31/2018": {"Duration": "12/31/2018", "Operating Cash Flow": "-1,345", "Investing Cash Flow": "5,083", "Financing Cash Flow": "-1,540", "End Cash Position": "6,597", "Income Tax Paid Supplemental Data": "-", "Interest Paid Supplemental Data": "7", "Capital Expenditure": "-85", "Repayment of Debt": "-97", "Repurchase of Capital Stock": "-", "Free Cash Flow": "-1,430"}}}}, {"CLIR": {"quote": {"04/25/2021": {"value": "4.3700", "Market Cap": "132.564M", "Beta (5Y Monthly)": "0.99", "PE Ratio (TTM)": "N/A", "EPS (TTM)": "-0.2470", "Earnings Date": "Mar 23, 2021", "Forward Dividend & Yield": "N/A (N/A)", "Ex-Dividend Date": "N/A", "1y Target Est": "10.00"}}, "fin": {"TTM": {"Duration": "TTM", "Total Revenue": "0", "Cost of Revenue": "279", "Gross Profit": "-279", "Operating Expense": "6,653", "Operating Income": "-6,932", "Net Non Operating Interest Income Expense": "2", "Other Income Expense": "44", "Pretax Income": "-6,886", "Net Income Common Stockholders": "-6,884", "Diluted NI Available to Com Stockholders": "-6,884", "Basic EPS": "-", "Diluted EPS": "-", "Basic Average Shares": "-", "Diluted Average Shares": "-", "Total Operating Income as Reported": "-6,932", "Total Expenses": "6,932", "Net Income from Continuing & Discontinued Operation": "-6,884", "Normalized Income": "-6,928", "Interest Income": "2", "Net Interest Income": "2", "EBIT": "-6,932", "EBITDA": "-6,722", "Reconciled Cost of Revenue": "279", "Reconciled Depreciation": "210", "Net Income from Continuing Operation Net Minority Interest": "-6,884", "Total Unusual Items Excluding Goodwill": "44", "Total Unusual Items": "44", "Normalized EBITDA": "-6,766", "Tax Rate for Calcs": "0", "Tax Effect of Unusual Items": "0"}, "12/31/2020": {"Duration": "12/31/2020", "Total Revenue": "0", "Cost of Revenue": "279", "Gross Profit": "-279", "Operating Expense": "6,653", "Operating Income": "-6,932", "Net Non Operating Interest Income Expense": "2", "Other Income Expense": "44", "Pretax Income": "-6,886", "Net Income Common Stockholders": "-6,884", "Diluted NI Available to Com Stockholders": "-6,884", "Basic EPS": "-", "Diluted EPS": "-", "Basic Average Shares": "-", "Diluted Average Shares": "-", "Total Operating Income as Reported": "-6,932", "Total Expenses": "6,932", "Net Income from Continuing & Discontinued Operation": "-6,884", "Normalized Income": "-6,928", "Interest Income": "2", "Net Interest Income": "2", "EBIT": "-6,932", "EBITDA": "-", "Reconciled Cost of Revenue": "279", "Reconciled Depreciation": "210", "Net Income from Continuing Operation Net Minority Interest": "-6,884", "Total Unusual Items Excluding Goodwill": "44", "Total Unusual Items": "44", "Normalized EBITDA": "-6,766", "Tax Rate for Calcs": "0", "Tax Effect of Unusual Items": "0"}, "12/31/2019": {"Duration": "12/31/2019", "Total Revenue": "0", "Cost of Revenue": "1", "Gross Profit": "-1", "Operating Expense": "8,582", "Operating Income": "-8,583", "Net Non Operating Interest Income Expense": "101", "Other Income Expense": "-", "Pretax Income": "-8,482", "Net Income Common Stockholders": "-8,479", "Diluted NI Available to Com Stockholders": "-8,479", "Basic EPS": "-0.32", "Diluted EPS": "-0.32", "Basic Average Shares": "26,701", "Diluted Average Shares": "26,701", "Total Operating Income as Reported": "-8,583", "Total Expenses": "8,583", "Net Income from Continuing & Discontinued Operation": "-8,479", "Normalized Income": "-8,479", "Interest Income": "101", "Net Interest Income": "101", "EBIT": "-8,583", "EBITDA": "-", "Reconciled Cost of Revenue": "1", "Reconciled Depreciation": "240", "Net Income from Continuing Operation Net Minority Interest": "-8,479", "Total Unusual Items Excluding Goodwill": "-", "Total Unusual Items": "-", "Normalized EBITDA": "-8,343", "Tax Rate for Calcs": "0", "Tax Effect of Unusual Items": "0"}, "12/31/2018": {"Duration": "12/31/2018", "Total Revenue": "530", "Cost of Revenue": "427", "Gross Profit": "103", "Operating Expense": "9,674", "Operating Income": "-9,571", "Net Non Operating Interest Income Expense": "71", "Other Income Expense": "-", "Pretax Income": "-9,500", "Net Income Common Stockholders": "-9,500", "Diluted NI Available to Com Stockholders": "-9,500", "Basic EPS": "-0.42", "Diluted EPS": "-0.42", "Basic Average Shares": "22,779", "Diluted Average Shares": "22,779", "Total Operating Income as Reported": "-9,571", "Total Expenses": "10,101", "Net Income from Continuing & Discontinued Operation": "-9,500", "Normalized Income": "-9,500", "Interest Income": "71", "Net Interest Income": "71", "EBIT": "-9,571", "EBITDA": "-", "Reconciled Cost of Revenue": "427", "Reconciled Depreciation": "271", "Net Income from Continuing Operation Net Minority Interest": "-9,500", "Total Unusual Items Excluding Goodwill": "-", "Total Unusual Items": "-", "Normalized EBITDA": "-9,300", "Tax Rate for Calcs": "0", "Tax Effect of Unusual Items": "0"}}, "bs": {"12/31/2020": {"Duration": "12/31/2020", "Total Assets": "11,121", "Total Liabilities Net Minority Interest": "1,580", "Total Equity Gross Minority Interest": "9,541", "Total Capitalization": "9,791", "Common Stock Equity": "9,540", "Capital Lease Obligations": "418", "Net Tangible Assets": "8,238", "Working Capital": "8,302", "Invested Capital": "9,791", "Tangible Book Value": "8,238", "Total Debt": "669", "Share Issued": "30,077", "Ordinary Shares Number": "30,077"}, "12/31/2019": {"Duration": "12/31/2019", "Total Assets": "10,942", "Total Liabilities Net Minority Interest": "1,716", "Total Equity Gross Minority Interest": "9,226", "Total Capitalization": "9,223", "Common Stock Equity": "9,223", "Capital Lease Obligations": "595", "Net Tangible Assets": "7,938", "Working Capital": "7,684", "Invested Capital": "9,223", "Tangible Book Value": "7,938", "Total Debt": "595", "Share Issued": "26,707", "Ordinary Shares Number": "26,707"}, "12/31/2018": {"Duration": "12/31/2018", "Total Assets": "18,637", "Total Liabilities Net Minority Interest": "1,728", "Total Equity Gross Minority Interest": "16,909", "Total Capitalization": "16,909", "Common Stock Equity": "16,909", "Capital Lease Obligations": "307", "Net Tangible Assets": "15,150", "Working Capital": "14,774", "Invested Capital": "16,909", "Tangible Book Value": "15,150", "Total Debt": "307", "Share Issued": "26,697", "Ordinary Shares Number": "26,697"}}, "cf": {"TTM": {"Duration": "TTM", "Operating Cash Flow": "-5,964", "Investing Cash Flow": "-194", "Financing Cash Flow": "6,430", "End Cash Position": "8,824", "Capital Expenditure": "-194", "Issuance of Capital Stock": "6,053", "Issuance of Debt": "251", "Free Cash Flow": "-6,158"}, "12/31/2020": {"Duration": "12/31/2020", "Operating Cash Flow": "-5,964", "Investing Cash Flow": "-194", "Financing Cash Flow": "6,430", "End Cash Position": "8,824", "Capital Expenditure": "-194", "Issuance of Capital Stock": "6,053", "Issuance of Debt": "251", "Free Cash Flow": "-6,158"}, "12/31/2019": {"Duration": "12/31/2019", "Operating Cash Flow": "-6,902", "Investing Cash Flow": "6,505", "Financing Cash Flow": "0", "End Cash Position": "8,552", "Capital Expenditure": "-418", "Issuance of Capital Stock": "-", "Issuance of Debt": "-", "Free Cash Flow": "-7,320"}, "12/31/2018": {"Duration": "12/31/2018", "Operating Cash Flow": "-8,384", "Investing Cash Flow": "-7,425", "Financing Cash Flow": "23,511", "End Cash Position": "8,949", "Capital Expenditure": "-502", "Issuance of Capital Stock": "23,511", "Issuance of Debt": "-", "Free Cash Flow": "-8,886"}}}}, {"HCCI": {"quote": {"04/25/2021": {"value": "28.53", "Market Cap": "693.233M", "Beta (5Y Monthly)": "1.26", "PE Ratio (TTM)": "55.94", "EPS (TTM)": "0.51", "Earnings Date": "Apr 27, 2021 - May 03, 2021", "Forward Dividend & Yield": "N/A (N/A)", "Ex-Dividend Date": "N/A", "1y Target Est": "32.20"}}, "fin": {"TTM": {"Duration": "TTM", "Total Revenue": "381,652", "Cost of Revenue": "321,648", "Gross Profit": "60,004", "Operating Expense": "66,289", "Operating Income": "-6,285", "Net Non Operating Interest Income Expense": "-1,252", "Other Income Expense": "24,299", "Pretax Income": "16,762", "Tax Provision": "4,825", "Net Income Common Stockholders": "11,937", "Diluted NI Available to Com Stockholders": "11,937", "Basic EPS": "-", "Diluted EPS": "-", "Basic Average Shares": "-", "Diluted Average Shares": "-", "Total Operating Income as Reported": "18,014", "Total Expenses": "387,937", "Net Income from Continuing & Discontinued Operation": "11,937", "Normalized Income": "11,937", "Interest Expense": "1,252", "Net Interest Income": "-1,252", "EBIT": "18,014", "EBITDA": "42,577", "Reconciled Cost of Revenue": "321,648", "Reconciled Depreciation": "24,563", "Net Income from Continuing Operation Net Minority Interest": "11,937", "Total Unusual Items": "-", "Normalized EBITDA": "42,577", "Tax Rate for Calcs": "0", "Tax Effect of Unusual Items": "0"}, "12/31/2020": {"Duration": "12/31/2020", "Total Revenue": "381,652", "Cost of Revenue": "321,648", "Gross Profit": "60,004", "Operating Expense": "66,289", "Operating Income": "-6,285", "Net Non Operating Interest Income Expense": "-1,252", "Other Income Expense": "24,299", "Pretax Income": "16,762", "Tax Provision": "4,825", "Net Income Common Stockholders": "11,937", "Diluted NI Available to Com Stockholders": "11,937", "Basic EPS": "-", "Diluted EPS": "-", "Basic Average Shares": "-", "Diluted Average Shares": "-", "Total Operating Income as Reported": "18,014", "Total Expenses": "387,937", "Net Income from Continuing & Discontinued Operation": "11,937", "Normalized Income": "11,937", "Interest Expense": "1,252", "Net Interest Income": "-1,252", "EBIT": "18,014", "EBITDA": "-", "Reconciled Cost of Revenue": "321,648", "Reconciled Depreciation": "24,563", "Net Income from Continuing Operation Net Minority Interest": "11,937", "Total Unusual Items": "-", "Normalized EBITDA": "42,577", "Tax Rate for Calcs": "0", "Tax Effect of Unusual Items": "0"}, "12/31/2019": {"Duration": "12/31/2019", "Total Revenue": "421,764", "Cost of Revenue": "349,603", "Gross Profit": "72,161", "Operating Expense": "81,963", "Operating Income": "-9,802", "Net Non Operating Interest Income Expense": "-869", "Other Income Expense": "22,663", "Pretax Income": "11,992", "Tax Provision": "3,243", "Net Income Common Stockholders": "8,363", "Diluted NI Available to Com Stockholders": "8,363", "Basic EPS": "0.36", "Diluted EPS": "0.36", "Basic Average Shares": "23,160", "Diluted Average Shares": "23,398", "Total Operating Income as Reported": "12,861", "Total Expenses": "431,566", "Net Income from Continuing & Discontinued Operation": "8,363", "Normalized Income": "8,363", "Interest Expense": "869", "Net Interest Income": "-869", "EBIT": "12,861", "EBITDA": "-", "Reconciled Cost of Revenue": "349,603", "Reconciled Depreciation": "18,249", "Net Income from Continuing Operation Net Minority Interest": "8,363", "Total Unusual Items": "-", "Normalized EBITDA": "31,110", "Tax Rate for Calcs": "0", "Tax Effect of Unusual Items": "0"}, "12/31/2018": {"Duration": "12/31/2018", "Total Revenue": "410,183", "Cost of Revenue": "323,165", "Gross Profit": "87,018", "Operating Expense": "65,477", "Operating Income": "21,541", "Net Non Operating Interest Income Expense": "-1,052", "Other Income Expense": "-", "Pretax Income": "20,489", "Tax Provision": "5,451", "Net Income Common Stockholders": "14,728", "Diluted NI Available to Com Stockholders": "14,728", "Basic EPS": "0.64", "Diluted EPS": "0.63", "Basic Average Shares": "23,026", "Diluted Average Shares": "23,334", "Total Operating Income as Reported": "21,541", "Total Expenses": "388,642", "Net Income from Continuing & Discontinued Operation": "14,728", "Normalized Income": "14,728", "Interest Expense": "1,052", "Net Interest Income": "-1,052", "EBIT": "21,541", "EBITDA": "-", "Reconciled Cost of Revenue": "323,165", "Reconciled Depreciation": "16,157", "Net Income from Continuing Operation Net Minority Interest": "14,728", "Total Unusual Items": "-", "Normalized EBITDA": "37,698", "Tax Rate for Calcs": "0", "Tax Effect of Unusual Items": "0"}}, "bs": {"12/31/2020": {"Duration": "12/31/2020", "Total Assets": "461,669", "Total Liabilities Net Minority Interest": "184,169", "Total Equity Gross Minority Interest": "277,500", "Total Capitalization": "307,156", "Common Stock Equity": "277,500", "Capital Lease Obligations": "79,492", "Net Tangible Assets": "222,383", "Working Capital": "78,482", "Invested Capital": "307,156", "Tangible Book Value": "222,383", "Total Debt": "109,148", "Share Issued": "23,341", "Ordinary Shares Number": "23,341"}, "12/31/2019": {"Duration": "12/31/2019", "Total Assets": "471,314", "Total Liabilities Net Minority Interest": "205,683", "Total Equity Gross Minority Interest": "265,631", "Total Capitalization": "294,345", "Common Stock Equity": "264,997", "Capital Lease Obligations": "89,141", "Net Tangible Assets": "215,108", "Working Capital": "62,313", "Invested Capital": "294,345", "Tangible Book Value": "215,108", "Total Debt": "118,489", "Share Issued": "23,191", "Ordinary Shares Number": "23,191"}, "12/31/2018": {"Duration": "12/31/2018", "Total Assets": "347,822", "Total Liabilities Net Minority Interest": "93,591", "Total Equity Gross Minority Interest": "254,231", "Total Capitalization": "282,629", "Common Stock Equity": "253,583", "Capital Lease Obligations": "-", "Net Tangible Assets": "204,779", "Working Capital": "85,188", "Invested Capital": "282,629", "Tangible Book Value": "204,779", "Total Debt": "29,046", "Share Issued": "23,059", "Ordinary Shares Number": "23,059"}}, "cf": {"TTM": {"Duration": "TTM", "Operating Cash Flow": "44,769", "Investing Cash Flow": "-32,477", "Financing Cash Flow": "-5,411", "End Cash Position": "67,575", "Income Tax Paid Supplemental Data": "321", "Interest Paid Supplemental Data": "941", "Capital Expenditure": "-23,713", "Issuance of Capital Stock": "497", "Issuance of Debt": "-", "Repayment of Debt": "-1,343", "Repurchase of Capital Stock": "-1,054", "Free Cash Flow": "21,056"}, "12/31/2020": {"Duration": "12/31/2020", "Operating Cash Flow": "44,769", "Investing Cash Flow": "-32,477", "Financing Cash Flow": "-5,411", "End Cash Position": "67,575", "Income Tax Paid Supplemental Data": "321", "Interest Paid Supplemental Data": "941", "Capital Expenditure": "-23,713", "Issuance of Capital Stock": "497", "Issuance of Debt": "-", "Repayment of Debt": "-1,343", "Repurchase of Capital Stock": "-1,054", "Free Cash Flow": "21,056"}, "12/31/2019": {"Duration": "12/31/2019", "Operating Cash Flow": "53,254", "Investing Cash Flow": "-34,814", "Financing Cash Flow": "-1,325", "End Cash Position": "60,694", "Income Tax Paid Supplemental Data": "1,207", "Interest Paid Supplemental Data": "1,254", "Capital Expenditure": "-31,293", "Issuance of Capital Stock": "483", "Issuance of Debt": "0", "Repayment of Debt": "0", "Repurchase of Capital Stock": "-1,428", "Free Cash Flow": "21,961"}, "12/31/2018": {"Duration": "12/31/2018", "Operating Cash Flow": "30,072", "Investing Cash Flow": "-27,536", "Financing Cash Flow": "-846", "End Cash Position": "43,579", "Income Tax Paid Supplemental Data": "933", "Interest Paid Supplemental Data": "1,154", "Capital Expenditure": "-22,820", "Issuance of Capital Stock": "422", "Issuance of Debt": "0", "Repayment of Debt": "0", "Repurchase of Capital Stock": "-1,030", "Free Cash Flow": "7,252"}}}}, {"ERII": {"quote": {"04/25/2021": {"value": "21.68", "Market Cap": "1.176B", "Beta (5Y Monthly)": "1.21", "PE Ratio (TTM)": "46.13", "EPS (TTM)": "0.47", "Earnings Date": "May 06, 2021", "Forward Dividend & Yield": "N/A (N/A)", "Ex-Dividend Date": "N/A", "1y Target Est": "21.67"}}, "fin": {"TTM": {"Duration": "TTM", "Total Revenue": "118,986", "Cost of Revenue": "28,249", "Gross Profit": "90,737", "Operating Expense": "57,111", "Operating Income": "33,626", "Net Non Operating Interest Income Expense": "913", "Other Income Expense": "-2,406", "Pretax Income": "32,133", "Tax Provision": "5,746", "Net Income Common Stockholders": "26,387", "Diluted NI Available to Com Stockholders": "26,387", "Basic EPS": "-", "Diluted EPS": "-", "Basic Average Shares": "-", "Diluted Average Shares": "-", "Total Operating Income as Reported": "31,294", "Total Expenses": "85,360", "Net Income from Continuing & Discontinued Operation": "26,387", "Normalized Income": "28,299", "Interest Income": "913", "Interest Expense": "0", "Net Interest Income": "913", "EBIT": "32,133", "EBITDA": "37,432", "Reconciled Cost of Revenue": "22,966", "Reconciled Depreciation": "5,299", "Net Income from Continuing Operation Net Minority Interest": "26,387", "Total Unusual Items Excluding Goodwill": "-2,332", "Total Unusual Items": "-2,332", "Normalized EBITDA": "39,764", "Tax Rate for Calcs": "0", "Tax Effect of Unusual Items": "-419.76"}, "12/31/2020": {"Duration": "12/31/2020", "Total Revenue": "118,986", "Cost of Revenue": "28,249", "Gross Profit": "90,737", "Operating Expense": "57,111", "Operating Income": "33,626", "Net Non Operating Interest Income Expense": "913", "Other Income Expense": "-2,406", "Pretax Income": "32,133", "Tax Provision": "5,746", "Net Income Common Stockholders": "26,387", "Diluted NI Available to Com Stockholders": "26,387", "Basic EPS": "-", "Diluted EPS": "-", "Basic Average Shares": "-", "Diluted Average Shares": "-", "Total Operating Income as Reported": "31,294", "Total Expenses": "85,360", "Net Income from Continuing & Discontinued Operation": "26,387", "Normalized Income": "28,299", "Interest Income": "913", "Interest Expense": "0", "Net Interest Income": "913", "EBIT": "32,133", "EBITDA": "-", "Reconciled Cost of Revenue": "22,966", "Reconciled Depreciation": "5,299", "Net Income from Continuing Operation Net Minority Interest": "26,387", "Total Unusual Items Excluding Goodwill": "-2,332", "Total Unusual Items": "-2,332", "Normalized EBITDA": "39,764", "Tax Rate for Calcs": "0", "Tax Effect of Unusual Items": "-419.76"}, "12/31/2019": {"Duration": "12/31/2019", "Total Revenue": "86,942", "Cost of Revenue": "20,335", "Gross Profit": "66,607", "Operating Expense": "56,243", "Operating Income": "10,364", "Net Non Operating Interest Income Expense": "2,010", "Other Income Expense": "-118", "Pretax Income": "12,256", "Tax Provision": "1,343", "Net Income Common Stockholders": "10,913", "Diluted NI Available to Com Stockholders": "10,913", "Basic EPS": "0.20", "Diluted EPS": "0.19", "Basic Average Shares": "54,740", "Diluted Average Shares": "56,067", "Total Operating Income as Reported": "10,364", "Total Expenses": "76,578", "Net Income from Continuing & Discontinued Operation": "10,913", "Normalized Income": "10,913", "Interest Income": "2,010", "Interest Expense": "0", "Net Interest Income": "2,010", "EBIT": "12,256", "EBITDA": "-", "Reconciled Cost of Revenue": "16,515", "Reconciled Depreciation": "4,395", "Net Income from Continuing Operation Net Minority Interest": "10,913", "Total Unusual Items Excluding Goodwill": "-", "Total Unusual Items": "-", "Normalized EBITDA": "16,651", "Tax Rate for Calcs": "0", "Tax Effect of Unusual Items": "0"}, "12/31/2018": {"Duration": "12/31/2018", "Total Revenue": "74,515", "Cost of Revenue": "17,873", "Gross Profit": "56,642", "Operating Expense": "46,664", "Operating Income": "9,978", "Net Non Operating Interest Income Expense": "1,542", "Other Income Expense": "-80", "Pretax Income": "11,440", "Tax Provision": "-10,653", "Net Income Common Stockholders": "22,093", "Diluted NI Available to Com Stockholders": "22,093", "Basic EPS": "0.41", "Diluted EPS": "0.40", "Basic Average Shares": "53,764", "Diluted Average Shares": "55,338", "Total Operating Income as Reported": "9,978", "Total Expenses": "64,537", "Net Income from Continuing & Discontinued Operation": "22,093", "Normalized Income": "22,093", "Interest Income": "1,543", "Interest Expense": "1", "Net Interest Income": "1,542", "EBIT": "11,441", "EBITDA": "-", "Reconciled Cost of Revenue": "14,634", "Reconciled Depreciation": "3,869", "Net Income from Continuing Operation Net Minority Interest": "22,093", "Total Unusual Items Excluding Goodwill": "-", "Total Unusual Items": "-", "Normalized EBITDA": "15,310", "Tax Rate for Calcs": "0", "Tax Effect of Unusual Items": "0"}}, "bs": {"12/31/2020": {"Duration": "12/31/2020", "Total Assets": "204,314", "Total Liabilities Net Minority Interest": "32,690", "Total Equity Gross Minority Interest": "171,624", "Total Capitalization": "171,624", "Common Stock Equity": "171,624", "Capital Lease Obligations": "17,686", "Net Tangible Assets": "158,785", "Working Capital": "127,462", "Invested Capital": "171,624", "Tangible Book Value": "158,785", "Total Debt": "17,686", "Share Issued": "61,798", "Ordinary Shares Number": "56,342", "Treasury Shares Number": "5,456"}, "12/31/2019": {"Duration": "12/31/2019", "Total Assets": "188,774", "Total Liabilities Net Minority Interest": "52,761", "Total Equity Gross Minority Interest": "136,013", "Total Capitalization": "136,013", "Common Stock Equity": "136,013", "Capital Lease Obligations": "12,556", "Net Tangible Assets": "123,158", "Working Capital": "85,137", "Invested Capital": "136,013", "Tangible Book Value": "123,158", "Total Debt": "12,556", "Share Issued": "60,718", "Ordinary Shares Number": "55,262", "Treasury Shares Number": "5,456"}, "12/31/2018": {"Duration": "12/31/2018", "Total Assets": "179,841", "Total Liabilities Net Minority Interest": "66,463", "Total Equity Gross Minority Interest": "113,378", "Total Capitalization": "113,378", "Common Stock Equity": "113,378", "Capital Lease Obligations": "13,482", "Net Tangible Assets": "99,948", "Working Capital": "92,516", "Invested Capital": "113,378", "Tangible Book Value": "99,948", "Total Debt": "13,482", "Share Issued": "59,396", "Ordinary Shares Number": "53,940", "Treasury Shares Number": "5,456"}}, "cf": {"TTM": {"Duration": "TTM", "Operating Cash Flow": "16,870", "Investing Cash Flow": "46,600", "Financing Cash Flow": "4,374", "End Cash Position": "94,358", "Income Tax Paid Supplemental Data": "52", "Interest Paid Supplemental Data": "0", "Capital Expenditure": "-6,785", "Issuance of Capital Stock": "4,397", "Repayment of Debt": "0", "Repurchase of Capital Stock": "0", "Free Cash Flow": "10,085"}, "12/31/2020": {"Duration": "12/31/2020", "Operating Cash Flow": "16,870", "Investing Cash Flow": "46,600", "Financing Cash Flow": "4,374", "End Cash Position": "94,358", "Income Tax Paid Supplemental Data": "52", "Interest Paid Supplemental Data": "0", "Capital Expenditure": "-6,785", "Issuance of Capital Stock": "4,397", "Repayment of Debt": "0", "Repurchase of Capital Stock": "0", "Free Cash Flow": "10,085"}, "12/31/2019": {"Duration": "12/31/2019", "Operating Cash Flow": "5,268", "Investing Cash Flow": "-6,881", "Financing Cash Flow": "5,963", "End Cash Position": "26,488", "Income Tax Paid Supplemental Data": "52", "Interest Paid Supplemental Data": "0", "Capital Expenditure": "-7,382", "Issuance of Capital Stock": "6,073", "Repayment of Debt": "0", "Repurchase of Capital Stock": "0", "Free Cash Flow": "-2,114"}, "12/31/2018": {"Duration": "12/31/2018", "Operating Cash Flow": "7,565", "Investing Cash Flow": "-10,159", "Financing Cash Flow": "-5,886", "End Cash Position": "22,138", "Income Tax Paid Supplemental Data": "-", "Interest Paid Supplemental Data": "1", "Capital Expenditure": "-5,235", "Issuance of Capital Stock": "4,291", "Repayment of Debt": "-27", "Repurchase of Capital Stock": "-10,000", "Free Cash Flow": "2,330"}}}}, {"EAUI": {"quote": {"04/25/2021": {"value": "0.0298", "Market Cap": "314,330", "Beta (5Y Monthly)": "-0.32", "PE Ratio (TTM)": "N/A", "EPS (TTM)": "-0.0570", "Earnings Date": "N/A", "Forward Dividend & Yield": "N/A (N/A)", "Ex-Dividend Date": "N/A", "1y Target Est": "N/A"}}, "fin": {}, "bs": {}, "cf": {}}}, {"MEEC": {"quote": {"04/25/2021": {"value": "1.0000", "Market Cap": "83.716M", "Beta (5Y Monthly)": "0.69", "PE Ratio (TTM)": "N/A", "EPS (TTM)": "-0.0750", "Earnings Date": "Apr 06, 2021", "Forward Dividend & Yield": "N/A (N/A)", "Ex-Dividend Date": "N/A", "1y Target Est": "3.00"}}, "fin": {"TTM": {"Duration": "TTM", "Total Revenue": "8,158", "Cost of Revenue": "5,440", "Gross Profit": "2,718", "Operating Expense": "5,936", "Operating Income": "-3,217", "Net Non Operating Interest Income Expense": "-2,658", "Other Income Expense": "59.396", "Pretax Income": "-5,816", "Tax Provision": "10", "Net Income Common Stockholders": "-5,826", "Diluted NI Available to Com Stockholders": "-5,826", "Basic EPS": "-", "Diluted EPS": "-", "Basic Average Shares": "-", "Diluted Average Shares": "-", "Total Operating Income as Reported": "-", "Total Expenses": "11,376", "Net Income from Continuing & Discontinued Operation": "-5,826", "Normalized Income": "-5,852", "Interest Expense": "2,658", "Net Interest Income": "-2,658", "EBIT": "-3,158", "EBITDA": "-2,445", "Reconciled Cost of Revenue": "5,440", "Reconciled Depreciation": "713.047", "Net Income from Continuing Operation Net Minority Interest": "-5,826", "Total Unusual Items Excluding Goodwill": "35.859", "Total Unusual Items": "35.859", "Normalized EBITDA": "-2,481", "Tax Rate for Calcs": "0", "Tax Effect of Unusual Items": "9.6819"}, "12/31/2020": {"Duration": "12/31/2020", "Total Revenue": "8,158", "Cost of Revenue": "5,440", "Gross Profit": "2,718", "Operating Expense": "5,936", "Operating Income": "-3,217", "Net Non Operating Interest Income Expense": "-2,658", "Other Income Expense": "59.396", "Pretax Income": "-5,816", "Tax Provision": "10", "Net Income Common Stockholders": "-5,826", "Diluted NI Available to Com Stockholders": "-5,826", "Basic EPS": "-", "Diluted EPS": "-", "Basic Average Shares": "-", "Diluted Average Shares": "-", "Total Operating Income as Reported": "-", "Total Expenses": "11,376", "Net Income from Continuing & Discontinued Operation": "-5,826", "Normalized Income": "-5,852", "Interest Expense": "2,658", "Net Interest Income": "-2,658", "EBIT": "-3,158", "EBITDA": "-", "Reconciled Cost of Revenue": "5,440", "Reconciled Depreciation": "713.047", "Net Income from Continuing Operation Net Minority Interest": "-5,826", "Total Unusual Items Excluding Goodwill": "35.859", "Total Unusual Items": "35.859", "Normalized EBITDA": "-2,481", "Tax Rate for Calcs": "0", "Tax Effect of Unusual Items": "9.6819"}, "12/31/2019": {"Duration": "12/31/2019", "Total Revenue": "11,417", "Cost of Revenue": "8,335", "Gross Profit": "3,082", "Operating Expense": "6,429", "Operating Income": "-3,347", "Net Non Operating Interest Income Expense": "-2,391", "Other Income Expense": "-344.902", "Pretax Income": "-6,083", "Tax Provision": "14", "Net Income Common Stockholders": "-6,097", "Diluted NI Available to Com Stockholders": "-6,097", "Basic EPS": "-0.08", "Diluted EPS": "-0.08", "Basic Average Shares": "76,535", "Diluted Average Shares": "76,535", "Total Operating Income as Reported": "-", "Total Expenses": "14,764", "Net Income from Continuing & Discontinued Operation": "-6,097", "Normalized Income": "-6,119", "Interest Expense": "2,391", "Net Interest Income": "-2,391", "EBIT": "-3,692", "EBITDA": "-", "Reconciled Cost of Revenue": "8,335", "Reconciled Depreciation": "894.369", "Net Income from Continuing Operation Net Minority Interest": "-6,097", "Total Unusual Items Excluding Goodwill": "29.56", "Total Unusual Items": "29.56", "Normalized EBITDA": "-2,827", "Tax Rate for Calcs": "0", "Tax Effect of Unusual Items": "7.9812"}, "12/31/2018": {"Duration": "12/31/2018", "Total Revenue": "12,296", "Cost of Revenue": "9,148", "Gross Profit": "3,148", "Operating Expense": "5,895", "Operating Income": "-2,746", "Net Non Operating Interest Income Expense": "-2,004", "Other Income Expense": "-44.036", "Pretax Income": "-4,795", "Tax Provision": "22.153", "Net Income Common Stockholders": "-4,817", "Diluted NI Available to Com Stockholders": "-4,817", "Basic EPS": "-0.06", "Diluted EPS": "-0.06", "Basic Average Shares": "76,138", "Diluted Average Shares": "76,138", "Total Operating Income as Reported": "-", "Total Expenses": "15,042", "Net Income from Continuing & Discontinued Operation": "-4,817", "Normalized Income": "-4,785", "Interest Expense": "1,975", "Net Interest Income": "-2,004", "EBIT": "-2,819", "EBITDA": "-", "Reconciled Cost of Revenue": "9,148", "Reconciled Depreciation": "658.114", "Net Income from Continuing Operation Net Minority Interest": "-4,817", "Total Unusual Items Excluding Goodwill": "-44.036", "Total Unusual Items": "-44.036", "Normalized EBITDA": "-2,117", "Tax Rate for Calcs": "0", "Tax Effect of Unusual Items": "-11.8897"}}, "bs": {"12/31/2020": {"Duration": "12/31/2020", "Total Assets": "7,376", "Total Liabilities Net Minority Interest": "20,580", "Total Equity Gross Minority Interest": "-13,204", "Total Capitalization": "1,318", "Common Stock Equity": "-13,204", "Capital Lease Obligations": "802.6", "Net Tangible Assets": "-15,522", "Working Capital": "-984.112", "Invested Capital": "1,382", "Tangible Book Value": "-15,522", "Total Debt": "15,388", "Net Debt": "13,994", "Share Issued": "78,096", "Ordinary Shares Number": "78,096", "Preferred Shares Number": "3"}, "12/31/2019": {"Duration": "12/31/2019", "Total Assets": "9,273", "Total Liabilities Net Minority Interest": "18,147", "Total Equity Gross Minority Interest": "-8,874", "Total Capitalization": "2,283", "Common Stock Equity": "-8,874", "Capital Lease Obligations": "1,191", "Net Tangible Assets": "-11,406", "Working Capital": "-301.67", "Invested Capital": "3,327", "Tangible Book Value": "-11,406", "Total Debt": "13,391", "Net Debt": "10,701", "Share Issued": "76,748", "Ordinary Shares Number": "76,748", "Preferred Shares Number": "3"}, "12/31/2018": {"Duration": "12/31/2018", "Total Assets": "8,039", "Total Liabilities Net Minority Interest": "16,660", "Total Equity Gross Minority Interest": "-8,621", "Total Capitalization": "5,297", "Common Stock Equity": "-8,621", "Capital Lease Obligations": "-", "Net Tangible Assets": "-11,355", "Working Capital": "165.985", "Invested Capital": "5,361", "Tangible Book Value": "-11,355", "Total Debt": "13,982", "Net Debt": "13,397", "Share Issued": "76,246", "Ordinary Shares Number": "76,246", "Preferred Shares Number": "3"}}, "cf": {"TTM": {"Duration": "TTM", "Operating Cash Flow": "-1,239", "Investing Cash Flow": "42.5", "Financing Cash Flow": "288.315", "End Cash Position": "591.019", "Income Tax Paid Supplemental Data": "0", "Interest Paid Supplemental Data": "534.96", "Capital Expenditure": "-", "Issuance of Capital Stock": "-", "Issuance of Debt": "499.3", "Repayment of Debt": "-210.985", "Free Cash Flow": "-1,239"}, "12/31/2020": {"Duration": "12/31/2020", "Operating Cash Flow": "-1,239", "Investing Cash Flow": "42.5", "Financing Cash Flow": "288.315", "End Cash Position": "591.019", "Income Tax Paid Supplemental Data": "0", "Interest Paid Supplemental Data": "534.96", "Capital Expenditure": "-", "Issuance of Capital Stock": "-", "Issuance of Debt": "499.3", "Repayment of Debt": "-210.985", "Free Cash Flow": "-1,239"}, "12/31/2019": {"Duration": "12/31/2019", "Operating Cash Flow": "-1,577", "Investing Cash Flow": "30", "Financing Cash Flow": "2,461", "End Cash Position": "1,499", "Income Tax Paid Supplemental Data": "14", "Interest Paid Supplemental Data": "0", "Capital Expenditure": "-", "Issuance of Capital Stock": "-", "Issuance of Debt": "2,600", "Repayment of Debt": "-138.642", "Free Cash Flow": "-1,577"}, "12/31/2018": {"Duration": "12/31/2018", "Operating Cash Flow": "-1,065", "Investing Cash Flow": "-131.915", "Financing Cash Flow": "-636.177", "End Cash Position": "584.877", "Income Tax Paid Supplemental Data": "22.153", "Interest Paid Supplemental Data": "1,175", "Capital Expenditure": "-131.915", "Issuance of Capital Stock": "-", "Issuance of Debt": "300", "Repayment of Debt": "-936.177", "Free Cash Flow": "-1,197"}}}}, {"BNET": {"quote": {"04/25/2021": {"value": "1.6600", "Market Cap": "51.144M", "Beta (5Y Monthly)": "0.51", "PE Ratio (TTM)": "N/A", "EPS (TTM)": "-0.1560", "Earnings Date": "N/A", "Forward Dividend & Yield": "N/A (N/A)", "Ex-Dividend Date": "N/A", "1y Target Est": "N/A"}}, "fin": {"TTM": {"Duration": "TTM", "Total Revenue": "0", "Operating Expense": "4,110", "Operating Income": "-4,110", "Net Non Operating Interest Income Expense": "-614.062", "Other Income Expense": "-", "Pretax Income": "-4,596", "Net Income Common Stockholders": "-4,588", "Diluted NI Available to Com Stockholders": "-4,588", "Basic EPS": "-", "Diluted EPS": "-", "Basic Average Shares": "-", "Diluted Average Shares": "-", "Total Operating Income as Reported": "-4,110", "Total Expenses": "4,110", "Net Income from Continuing & Discontinued Operation": "-4,588", "Normalized Income": "-4,588", "Interest Expense": "614.062", "Net Interest Income": "-614.062", "EBIT": "-3,981", "EBITDA": "-3,981", "Reconciled Depreciation": "0.968", "Net Income from Continuing Operation Net Minority Interest": "-4,588", "Total Unusual Items Excluding Goodwill": "-", "Total Unusual Items": "-", "Normalized EBITDA": "-3,981", "Tax Rate for Calcs": "0", "Tax Effect of Unusual Items": "0"}, "6/30/2020": {"Duration": "6/30/2020", "Total Revenue": "0", "Operating Expense": "4,215", "Operating Income": "-4,215", "Net Non Operating Interest Income Expense": "-466.891", "Other Income Expense": "128.423", "Pretax Income": "-4,553", "Net Income Common Stockholders": "-4,546", "Diluted NI Available to Com Stockholders": "-4,546", "Basic EPS": "-0.16", "Diluted EPS": "-0.16", "Basic Average Shares": "29,031", "Diluted Average Shares": "29,031", "Total Operating Income as Reported": "-4,215", "Total Expenses": "4,215", "Net Income from Continuing & Discontinued Operation": "-4,546", "Normalized Income": "-4,546", "Interest Expense": "466.891", "Net Interest Income": "-466.891", "EBIT": "-4,086", "EBITDA": "-", "Reconciled Depreciation": "1.248", "Net Income from Continuing Operation Net Minority Interest": "-4,546", "Total Unusual Items Excluding Goodwill": "-", "Total Unusual Items": "-", "Normalized EBITDA": "-4,085", "Tax Rate for Calcs": "0", "Tax Effect of Unusual Items": "0"}, "6/30/2019": {"Duration": "6/30/2019", "Total Revenue": "0", "Operating Expense": "2,246", "Operating Income": "-2,246", "Net Non Operating Interest Income Expense": "-413.057", "Other Income Expense": "-", "Pretax Income": "-2,659", "Net Income Common Stockholders": "-2,654", "Diluted NI Available to Com Stockholders": "-2,654", "Basic EPS": "-0.10", "Diluted EPS": "-0.10", "Basic Average Shares": "26,522", "Diluted Average Shares": "26,522", "Total Operating Income as Reported": "-2,246", "Total Expenses": "2,246", "Net Income from Continuing & Discontinued Operation": "-2,654", "Normalized Income": "-2,654", "Interest Expense": "413.057", "Net Interest Income": "-413.057", "EBIT": "-2,246", "EBITDA": "-", "Reconciled Depreciation": "1.314", "Net Income from Continuing Operation Net Minority Interest": "-2,654", "Total Unusual Items Excluding Goodwill": "-", "Total Unusual Items": "-", "Normalized EBITDA": "-2,245", "Tax Rate for Calcs": "0", "Tax Effect of Unusual Items": "0"}, "6/30/2018": {"Duration": "6/30/2018", "Total Revenue": "0", "Operating Expense": "3,523", "Operating Income": "-3,523", "Net Non Operating Interest Income Expense": "-360.492", "Other Income Expense": "865.068", "Pretax Income": "-3,018", "Net Income Common Stockholders": "-3,015", "Diluted NI Available to Com Stockholders": "-3,015", "Basic EPS": "-0.12", "Diluted EPS": "-0.12", "Basic Average Shares": "24,439", "Diluted Average Shares": "24,439", "Total Operating Income as Reported": "-3,523", "Total Expenses": "3,523", "Net Income from Continuing & Discontinued Operation": "-3,015", "Normalized Income": "-3,015", "Interest Expense": "360.492", "Net Interest Income": "-360.492", "EBIT": "-2,657", "EBITDA": "-", "Reconciled Depreciation": "1.744", "Net Income from Continuing Operation Net Minority Interest": "-3,015", "Total Unusual Items Excluding Goodwill": "-", "Total Unusual Items": "-", "Normalized EBITDA": "-2,656", "Tax Rate for Calcs": "0", "Tax Effect of Unusual Items": "0"}}, "bs": {"6/30/2020": {"Duration": "6/30/2020", "Total Assets": "571.161", "Total Liabilities Net Minority Interest": "15,659", "Total Equity Gross Minority Interest": "-15,088", "Total Capitalization": "-10,514", "Common Stock Equity": "-15,130", "Net Tangible Assets": "-15,130", "Working Capital": "-10,474", "Invested Capital": "-913.284", "Tangible Book Value": "-15,130", "Total Debt": "14,217", "Net Debt": "13,656", "Share Issued": "31,409", "Ordinary Shares Number": "30,705", "Preferred Shares Number": "21.32", "Treasury Shares Number": "704.309"}, "6/30/2019": {"Duration": "6/30/2019", "Total Assets": "52.956", "Total Liabilities Net Minority Interest": "14,728", "Total Equity Gross Minority Interest": "-14,675", "Total Capitalization": "-10,923", "Common Stock Equity": "-14,724", "Net Tangible Assets": "-14,724", "Working Capital": "-10,876", "Invested Capital": "-1,620", "Tangible Book Value": "-14,724", "Total Debt": "13,104", "Net Debt": "13,063", "Share Issued": "28,069", "Ordinary Shares Number": "27,364", "Preferred Shares Number": "21.32", "Treasury Shares Number": "704.309"}, "6/30/2018": {"Duration": "6/30/2018", "Total Assets": "31.935", "Total Liabilities Net Minority Interest": "13,727", "Total Equity Gross Minority Interest": "-13,695", "Total Capitalization": "-10,224", "Common Stock Equity": "-13,749", "Net Tangible Assets": "-13,749", "Working Capital": "-10,171", "Invested Capital": "-1,195", "Tangible Book Value": "-13,749", "Total Debt": "12,554", "Net Debt": "12,532", "Share Issued": "25,940", "Ordinary Shares Number": "25,236", "Preferred Shares Number": "21.32", "Treasury Shares Number": "704.309"}}, "cf": {"TTM": {"Duration": "TTM", "Operating Cash Flow": "-1,018", "Investing Cash Flow": "-", "Financing Cash Flow": "910.1", "End Cash Position": "361.184", "Interest Paid Supplemental Data": "0.028", "Capital Expenditure": "-", "Issuance of Capital Stock": "967", "Issuance of Debt": "34.8", "Repayment of Debt": "0", "Free Cash Flow": "-1,018"}, "6/30/2020": {"Duration": "6/30/2020", "Operating Cash Flow": "-966.407", "Investing Cash Flow": "0", "Financing Cash Flow": "1,486", "End Cash Position": "560.828", "Interest Paid Supplemental Data": "0", "Capital Expenditure": "-", "Issuance of Capital Stock": "1,584", "Issuance of Debt": "69.8", "Repayment of Debt": "-20", "Free Cash Flow": "-966.407"}, "6/30/2019": {"Duration": "6/30/2019", "Operating Cash Flow": "-811.117", "Investing Cash Flow": "-2.482", "Financing Cash Flow": "832.921", "End Cash Position": "41.335", "Interest Paid Supplemental Data": "0", "Capital Expenditure": "-2.482", "Issuance of Capital Stock": "896.801", "Issuance of Debt": "0", "Repayment of Debt": "0", "Free Cash Flow": "-813.599"}, "6/30/2018": {"Duration": "6/30/2018", "Operating Cash Flow": "-467.381", "Investing Cash Flow": "0", "Financing Cash Flow": "416.462", "End Cash Position": "22.013", "Interest Paid Supplemental Data": "0", "Capital Expenditure": "-", "Issuance of Capital Stock": "350.496", "Issuance of Debt": "30.5", "Repayment of Debt": "-17.5", "Free Cash Flow": "-467.381"}}}}, {"FTEK": {"quote": {"04/25/2021": {"value": "2.3200", "Market Cap": "67.776M", "Beta (5Y Monthly)": "6.11", "PE Ratio (TTM)": "N/A", "EPS (TTM)": "-0.1730", "Earnings Date": "Mar 16, 2021", "Forward Dividend & Yield": "N/A (N/A)", "Ex-Dividend Date": "N/A", "1y Target Est": "N/A"}}, "fin": {"TTM": {"Duration": "TTM", "Total Revenue": "22,550", "Cost of Revenue": "11,912", "Gross Profit": "10,638", "Operating Expense": "14,777", "Operating Income": "-4,139", "Net Non Operating Interest Income Expense": "-4", "Other Income Expense": "-78", "Pretax Income": "-4,221", "Tax Provision": "57", "Net Income Common Stockholders": "-4,278", "Diluted NI Available to Com Stockholders": "-4,278", "Basic EPS": "-", "Diluted EPS": "-", "Basic Average Shares": "-", "Diluted Average Shares": "-", "Total Operating Income as Reported": "-4,336", "Total Expenses": "26,689", "Net Income from Continuing & Discontinued Operation": "-4,278", "Normalized Income": "-4,134", "Interest Income": "-", "Interest Expense": "4", "Net Interest Income": "-4", "EBIT": "-4,217", "EBITDA": "-3,369", "Reconciled Cost of Revenue": "11,912", "Reconciled Depreciation": "848", "Net Income from Continuing Operation Net Minority Interest": "-4,278", "Total Unusual Items Excluding Goodwill": "-197", "Total Unusual Items": "-197", "Normalized EBITDA": "-3,172", "Tax Rate for Calcs": "0", "Tax Effect of Unusual Items": "-53.19"}, "12/31/2020": {"Duration": "12/31/2020", "Total Revenue": "22,550", "Cost of Revenue": "11,912", "Gross Profit": "10,638", "Operating Expense": "14,777", "Operating Income": "-4,139", "Net Non Operating Interest Income Expense": "-4", "Other Income Expense": "-78", "Pretax Income": "-4,221", "Tax Provision": "57", "Net Income Common Stockholders": "-4,278", "Diluted NI Available to Com Stockholders": "-4,278", "Basic EPS": "-", "Diluted EPS": "-", "Basic Average Shares": "-", "Diluted Average Shares": "-", "Total Operating Income as Reported": "-4,336", "Total Expenses": "26,689", "Net Income from Continuing & Discontinued Operation": "-4,278", "Normalized Income": "-4,134", "Interest Income": "-", "Interest Expense": "4", "Net Interest Income": "-4", "EBIT": "-4,217", "EBITDA": "-", "Reconciled Cost of Revenue": "11,912", "Reconciled Depreciation": "848", "Net Income from Continuing Operation Net Minority Interest": "-4,278", "Total Unusual Items Excluding Goodwill": "-197", "Total Unusual Items": "-197", "Normalized EBITDA": "-3,172", "Tax Rate for Calcs": "0", "Tax Effect of Unusual Items": "-53.19"}, "12/31/2019": {"Duration": "12/31/2019", "Total Revenue": "30,467", "Cost of Revenue": "19,637", "Gross Profit": "10,830", "Operating Expense": "18,318", "Operating Income": "-7,488", "Net Non Operating Interest Income Expense": "41", "Other Income Expense": "-390", "Pretax Income": "-7,837", "Tax Provision": "14", "Net Income Common Stockholders": "-7,852", "Diluted NI Available to Com Stockholders": "-7,852", "Basic EPS": "-0.32", "Diluted EPS": "-0.32", "Basic Average Shares": "24,202", "Diluted Average Shares": "24,202", "Total Operating Income as Reported": "-8,240", "Total Expenses": "37,955", "Net Income from Continuing & Discontinued Operation": "-7,852", "Normalized Income": "-7,470", "Interest Income": "41", "Interest Expense": "-", "Net Interest Income": "41", "EBIT": "-7,488", "EBITDA": "-", "Reconciled Cost of Revenue": "19,637", "Reconciled Depreciation": "996", "Net Income from Continuing Operation Net Minority Interest": "-7,851", "Total Unusual Items Excluding Goodwill": "-382", "Total Unusual Items": "-382", "Normalized EBITDA": "-6,110", "Tax Rate for Calcs": "0", "Tax Effect of Unusual Items": "-0.764"}, "12/31/2018": {"Duration": "12/31/2018", "Total Revenue": "56,535", "Cost of Revenue": "36,471", "Gross Profit": "20,064", "Operating Expense": "19,637", "Operating Income": "427", "Net Non Operating Interest Income Expense": "6", "Other Income Expense": "-315", "Pretax Income": "118", "Tax Provision": "33", "Net Income Common Stockholders": "-28", "Diluted NI Available to Com Stockholders": "-28", "Basic EPS": "-0.00", "Diluted EPS": "-0.00", "Basic Average Shares": "24,164", "Diluted Average Shares": "24,164", "Total Operating Income as Reported": "110", "Total Expenses": "56,108", "Net Income from Continuing & Discontinued Operation": "-28", "Normalized Income": "313.3475", "Interest Income": "6", "Interest Expense": "-", "Net Interest Income": "6", "EBIT": "427", "EBITDA": "-", "Reconciled Cost of Revenue": "36,471", "Reconciled Depreciation": "847", "Net Income from Continuing Operation Net Minority Interest": "85", "Total Unusual Items Excluding Goodwill": "-317", "Total Unusual Items": "-317", "Normalized EBITDA": "1,591", "Tax Rate for Calcs": "0", "Tax Effect of Unusual Items": "-88.6525"}}, "bs": {"12/31/2020": {"Duration": "12/31/2020", "Total Assets": "30,088", "Total Liabilities Net Minority Interest": "7,767", "Total Equity Gross Minority Interest": "22,321", "Total Capitalization": "23,877", "Common Stock Equity": "22,321", "Capital Lease Obligations": "386", "Net Tangible Assets": "19,652", "Working Capital": "15,542", "Invested Capital": "23,877", "Tangible Book Value": "19,652", "Total Debt": "1,942", "Share Issued": "25,640", "Ordinary Shares Number": "25,229", "Treasury Shares Number": "410.751"}, "12/31/2019": {"Duration": "12/31/2019", "Total Assets": "32,224", "Total Liabilities Net Minority Interest": "6,049", "Total Equity Gross Minority Interest": "26,175", "Total Capitalization": "26,175", "Common Stock Equity": "26,175", "Capital Lease Obligations": "980", "Net Tangible Assets": "23,153", "Working Capital": "16,698", "Invested Capital": "26,175", "Tangible Book Value": "23,153", "Total Debt": "980", "Share Issued": "25,053", "Ordinary Shares Number": "24,593", "Treasury Shares Number": "460.902"}, "12/31/2018": {"Duration": "12/31/2018", "Total Assets": "51,719", "Total Liabilities Net Minority Interest": "17,667", "Total Equity Gross Minority Interest": "34,052", "Total Capitalization": "34,052", "Common Stock Equity": "34,052", "Capital Lease Obligations": "-", "Net Tangible Assets": "30,772", "Working Capital": "23,556", "Invested Capital": "34,052", "Tangible Book Value": "30,772", "Total Debt": "-", "Share Issued": "24,826", "Ordinary Shares Number": "24,171", "Treasury Shares Number": "655.306"}}, "cf": {"TTM": {"Duration": "TTM", "Operating Cash Flow": "-2,707", "Investing Cash Flow": "-247", "Financing Cash Flow": "1,282", "End Cash Position": "12,606", "Income Tax Paid Supplemental Data": "95", "Interest Paid Supplemental Data": "-", "Capital Expenditure": "-247", "Issuance of Debt": "1,556", "Repurchase of Capital Stock": "-", "Free Cash Flow": "-2,954"}, "12/31/2020": {"Duration": "12/31/2020", "Operating Cash Flow": "-2,707", "Investing Cash Flow": "-247", "Financing Cash Flow": "1,282", "End Cash Position": "12,606", "Income Tax Paid Supplemental Data": "95", "Interest Paid Supplemental Data": "-", "Capital Expenditure": "-247", "Issuance of Debt": "1,556", "Repurchase of Capital Stock": "-", "Free Cash Flow": "-2,954"}, "12/31/2019": {"Duration": "12/31/2019", "Operating Cash Flow": "-3,387", "Investing Cash Flow": "-45", "Financing Cash Flow": "-128", "End Cash Position": "13,501", "Income Tax Paid Supplemental Data": "18", "Interest Paid Supplemental Data": "0", "Capital Expenditure": "-550", "Issuance of Debt": "-", "Repurchase of Capital Stock": "-", "Free Cash Flow": "-3,937"}, "12/31/2018": {"Duration": "12/31/2018", "Operating Cash Flow": "4,927", "Investing Cash Flow": "-569", "Financing Cash Flow": "-12", "End Cash Position": "18,059", "Income Tax Paid Supplemental Data": "27", "Interest Paid Supplemental Data": "0", "Capital Expenditure": "-570", "Issuance of Debt": "-", "Repurchase of Capital Stock": "-", "Free Cash Flow": "4,357"}}}}, {"UVFT": {"quote": {"04/25/2021": {"value": "0.0131", "Market Cap": "670,819", "Beta (5Y Monthly)": "4.59", "PE Ratio (TTM)": "N/A", "EPS (TTM)": "-0.0070", "Earnings Date": "N/A", "Forward Dividend & Yield": "N/A (N/A)", "Ex-Dividend Date": "N/A", "1y Target Est": "N/A"}}, "fin": {}, "bs": {}, "cf": {}}}, {"LIQT": {"quote": {"04/25/2021": {"value": "7.72", "Market Cap": "168.992M", "Beta (5Y Monthly)": "N/A", "PE Ratio (TTM)": "N/A", "EPS (TTM)": "-0.46", "Earnings Date": "May 10, 2021 - May 17, 2021", "Forward Dividend & Yield": "N/A (N/A)", "Ex-Dividend Date": "N/A", "1y Target Est": "11.50"}}, "fin": {"TTM": {"Duration": "TTM", "Total Revenue": "22,526", "Cost of Revenue": "20,380", "Gross Profit": "2,147", "Operating Expense": "10,402", "Operating Income": "-8,255", "Net Non Operating Interest Income Expense": "18.61", "Other Income Expense": "-2,037", "Pretax Income": "-10,274", "Tax Provision": "-465.145", "Net Income Common Stockholders": "-9,808", "Diluted NI Available to Com Stockholders": "-9,808", "Basic EPS": "-", "Diluted EPS": "-", "Basic Average Shares": "-", "Diluted Average Shares": "-", "Total Operating Income as Reported": "-8,255", "Total Expenses": "30,781", "Net Income from Continuing & Discontinued Operation": "-9,808", "Normalized Income": "-7,864", "Interest Income": "139.513", "Interest Expense": "120.903", "Net Interest Income": "18.61", "EBIT": "-10,153", "EBITDA": "-7,325", "Reconciled Cost of Revenue": "20,380", "Reconciled Depreciation": "2,827", "Net Income from Continuing Operation Net Minority Interest": "-9,808", "Total Unusual Items Excluding Goodwill": "-2,037", "Total Unusual Items": "-2,037", "Normalized EBITDA": "-5,288", "Tax Rate for Calcs": "0", "Tax Effect of Unusual Items": "-92.2279"}, "12/31/2020": {"Duration": "12/31/2020", "Total Revenue": "22,526", "Cost of Revenue": "20,380", "Gross Profit": "2,147", "Operating Expense": "10,402", "Operating Income": "-8,255", "Net Non Operating Interest Income Expense": "18.61", "Other Income Expense": "-2,037", "Pretax Income": "-10,274", "Tax Provision": "-465.145", "Net Income Common Stockholders": "-9,808", "Diluted NI Available to Com Stockholders": "-9,808", "Basic EPS": "-0.46", "Diluted EPS": "-0.46", "Basic Average Shares": "21,209", "Diluted Average Shares": "21,209", "Total Operating Income as Reported": "-8,255", "Total Expenses": "30,781", "Net Income from Continuing & Discontinued Operation": "-9,808", "Normalized Income": "-7,864", "Interest Income": "139.513", "Interest Expense": "120.903", "Net Interest Income": "18.61", "EBIT": "-10,153", "EBITDA": "-", "Reconciled Cost of Revenue": "20,380", "Reconciled Depreciation": "2,827", "Net Income from Continuing Operation Net Minority Interest": "-9,808", "Total Unusual Items Excluding Goodwill": "-2,037", "Total Unusual Items": "-2,037", "Normalized EBITDA": "-5,288", "Tax Rate for Calcs": "0", "Tax Effect of Unusual Items": "-92.2279"}, "12/31/2019": {"Duration": "12/31/2019", "Total Revenue": "32,637", "Cost of Revenue": "25,475", "Gross Profit": "7,162", "Operating Expense": "7,555", "Operating Income": "-392.35", "Net Non Operating Interest Income Expense": "-129.968", "Other Income Expense": "264.682", "Pretax Income": "-257.636", "Tax Provision": "-297.252", "Net Income Common Stockholders": "39.616", "Diluted NI Available to Com Stockholders": "39.616", "Basic EPS": "0.00", "Diluted EPS": "0.00", "Basic Average Shares": "19,652", "Diluted Average Shares": "19,668", "Total Operating Income as Reported": "-392.35", "Total Expenses": "33,030", "Net Income from Continuing & Discontinued Operation": "39.616", "Normalized Income": "-166.836", "Interest Income": "73.635", "Interest Expense": "203.603", "Net Interest Income": "-129.968", "EBIT": "-54.033", "EBITDA": "-", "Reconciled Cost of Revenue": "25,475", "Reconciled Depreciation": "1,343", "Net Income from Continuing Operation Net Minority Interest": "39.616", "Total Unusual Items Excluding Goodwill": "264.682", "Total Unusual Items": "264.682", "Normalized EBITDA": "1,025", "Tax Rate for Calcs": "0", "Tax Effect of Unusual Items": "58.23"}, "12/31/2018": {"Duration": "12/31/2018", "Total Revenue": "12,232", "Cost of Revenue": "11,166", "Gross Profit": "1,066", "Operating Expense": "5,552", "Operating Income": "-4,486", "Net Non Operating Interest Income Expense": "-43.38", "Other Income Expense": "348.93", "Pretax Income": "-4,180", "Tax Provision": "-365.43", "Net Income Common Stockholders": "-3,815", "Diluted NI Available to Com Stockholders": "-3,815", "Basic EPS": "-0.24", "Diluted EPS": "-0.24", "Basic Average Shares": "15,961", "Diluted Average Shares": "15,961", "Total Operating Income as Reported": "-4,486", "Total Expenses": "16,718", "Net Income from Continuing & Discontinued Operation": "-3,815", "Normalized Income": "-4,133", "Interest Income": "28.401", "Interest Expense": "71.781", "Net Interest Income": "-43.38", "EBIT": "-4,108", "EBITDA": "-", "Reconciled Cost of Revenue": "11,166", "Reconciled Depreciation": "648.734", "Net Income from Continuing Operation Net Minority Interest": "-3,815", "Total Unusual Items Excluding Goodwill": "348.93", "Total Unusual Items": "348.93", "Normalized EBITDA": "-3,808", "Tax Rate for Calcs": "0", "Tax Effect of Unusual Items": "30.505"}}, "bs": {"12/31/2020": {"Duration": "12/31/2020", "Total Assets": "42,210", "Total Liabilities Net Minority Interest": "17,392", "Total Equity Gross Minority Interest": "24,818", "Total Capitalization": "24,818", "Preferred Stock Equity": "-", "Common Stock Equity": "24,818", "Capital Lease Obligations": "8,693", "Net Tangible Assets": "24,078", "Working Capital": "15,840", "Invested Capital": "24,818", "Tangible Book Value": "24,078", "Total Debt": "8,693", "Share Issued": "21,655", "Ordinary Shares Number": "21,655"}, "12/31/2019": {"Duration": "12/31/2019", "Total Assets": "38,590", "Total Liabilities Net Minority Interest": "15,584", "Total Equity Gross Minority Interest": "23,006", "Total Capitalization": "23,006", "Preferred Stock Equity": "-", "Common Stock Equity": "23,006", "Capital Lease Obligations": "5,349", "Net Tangible Assets": "22,281", "Working Capital": "17,155", "Invested Capital": "23,006", "Tangible Book Value": "22,281", "Total Debt": "5,349", "Share Issued": "20,548", "Ordinary Shares Number": "20,548"}, "12/31/2018": {"Duration": "12/31/2018", "Total Assets": "13,159", "Total Liabilities Net Minority Interest": "4,620", "Total Equity Gross Minority Interest": "8,540", "Total Capitalization": "8,540", "Preferred Stock Equity": "-", "Common Stock Equity": "8,540", "Capital Lease Obligations": "13.789", "Net Tangible Assets": "8,539", "Working Capital": "6,754", "Invested Capital": "8,540", "Tangible Book Value": "8,539", "Total Debt": "13.789", "Share Issued": "18,229", "Ordinary Shares Number": "18,229"}}, "cf": {"TTM": {"Duration": "TTM", "Operating Cash Flow": "-2,599", "Investing Cash Flow": "-4,009", "Financing Cash Flow": "7,217", "End Cash Position": "13,264", "Income Tax Paid Supplemental Data": "13.726", "Interest Paid Supplemental Data": "103.953", "Capital Expenditure": "-3,809", "Issuance of Capital Stock": "4,662", "Repayment of Debt": "-38.725", "Free Cash Flow": "-6,408"}, "12/31/2020": {"Duration": "12/31/2020", "Operating Cash Flow": "-2,599", "Investing Cash Flow": "-4,009", "Financing Cash Flow": "7,217", "End Cash Position": "13,264", "Income Tax Paid Supplemental Data": "13.726", "Interest Paid Supplemental Data": "103.953", "Capital Expenditure": "-3,809", "Issuance of Capital Stock": "4,662", "Repayment of Debt": "-38.725", "Free Cash Flow": "-6,408"}, "12/31/2019": {"Duration": "12/31/2019", "Operating Cash Flow": "-4,547", "Investing Cash Flow": "-3,701", "Financing Cash Flow": "14,627", "End Cash Position": "9,784", "Income Tax Paid Supplemental Data": "17.413", "Interest Paid Supplemental Data": "8.81", "Capital Expenditure": "-2,570", "Issuance of Capital Stock": "14,650", "Repayment of Debt": "-", "Free Cash Flow": "-7,117"}, "12/31/2018": {"Duration": "12/31/2018", "Operating Cash Flow": "-3,914", "Investing Cash Flow": "-170.89", "Financing Cash Flow": "6,017", "End Cash Position": "3,776", "Income Tax Paid Supplemental Data": "0.57", "Interest Paid Supplemental Data": "44.604", "Capital Expenditure": "-178.872", "Issuance of Capital Stock": "6,777", "Repayment of Debt": "0", "Free Cash Flow": "-4,093"}}}}, {"MZEI": {"quote": {"04/25/2021": {"value": "", "Net Assets": "N/A", "Beta (5Y Monthly)": "N/A", "Yield": "N/A", "5y Average Return": "N/A", "Holdings Turnover": "N/A", "Last Dividend": "N/A", "Average for Category": "N/A", "Inception Date": "N/A"}}, "fin": {}, "bs": {}, "cf": {}}}, {"MPML": {"quote": {"04/25/2021": {"value": "0.0500", "Market Cap": "2.857M", "Beta (5Y Monthly)": "34.26", "PE Ratio (TTM)": "N/A", "EPS (TTM)": "-0.2460", "Earnings Date": "N/A", "Forward Dividend & Yield": "N/A (N/A)", "Ex-Dividend Date": "N/A", "1y Target Est": "N/A"}}, "fin": {}, "bs": {}, "cf": {}}}, {"RINO": {"quote": {"04/25/2021": {"value": "0.0256", "Market Cap": "858,158", "Beta (5Y Monthly)": "65.45", "PE Ratio (TTM)": "0.01", "EPS (TTM)": "2.3180", "Earnings Date": "N/A", "Forward Dividend & Yield": "N/A (N/A)", "Ex-Dividend Date": "May 01, 2006", "1y Target Est": "N/A"}}, "fin": {}, "bs": {}, "cf": {}}}, {"BEES": {"quote": {"04/25/2021": {"value": "0.0565", "Market Cap": "114,413", "Beta (5Y Monthly)": "0.25", "PE Ratio (TTM)": "N/A", "EPS (TTM)": "-0.0900", "Earnings Date": "N/A", "Forward Dividend & Yield": "N/A (N/A)", "Ex-Dividend Date": "N/A", "1y Target Est": "N/A"}}, "fin": {}, "bs": {}, "cf": {}}}, {"SYEV": {"quote": {"04/25/2021": {"value": "0.0875", "Market Cap": "2.134M", "Beta (5Y Monthly)": "1.20", "PE Ratio (TTM)": "N/A", "EPS (TTM)": "-0.0040", "Earnings Date": "Jan 14, 2020", "Forward Dividend & Yield": "N/A (N/A)", "Ex-Dividend Date": "N/A", "1y Target Est": "N/A"}}, "fin": {"TTM": {"Duration": "TTM", "Total Revenue": "3,086", "Cost of Revenue": "1,702", "Gross Profit": "1,385", "Operating Expense": "1,500", "Operating Income": "-115.413", "Net Non Operating Interest Income Expense": "-1.368", "Other Income Expense": "-0.618", "Pretax Income": "-117.399", "Tax Provision": "1.6", "Net Income Common Stockholders": "-118.999", "Diluted NI Available to Com Stockholders": "-118.999", "Basic EPS": "-", "Diluted EPS": "-", "Basic Average Shares": "-", "Diluted Average Shares": "-", "Total Operating Income as Reported": "-115.413", "Total Expenses": "3,202", "Net Income from Continuing & Discontinued Operation": "-118.999", "Normalized Income": "-118.999", "Interest Income": "-", "Interest Expense": "1.368", "Net Interest Income": "-1.368", "EBIT": "-116.031", "EBITDA": "-64.526", "Reconciled Cost of Revenue": "1,702", "Reconciled Depreciation": "51.505", "Net Income from Continuing Operation Net Minority Interest": "-118.999", "Total Unusual Items Excluding Goodwill": "-", "Total Unusual Items": "-", "Normalized EBITDA": "-64.526", "Tax Rate for Calcs": "0", "Tax Effect of Unusual Items": "0"}, "2/29/2020": {"Duration": "2/29/2020", "Total Revenue": "3,086", "Cost of Revenue": "1,702", "Gross Profit": "1,385", "Operating Expense": "1,500", "Operating Income": "-115.413", "Net Non Operating Interest Income Expense": "-1.368", "Other Income Expense": "-0.618", "Pretax Income": "-117.399", "Tax Provision": "1.6", "Net Income Common Stockholders": "-118.999", "Diluted NI Available to Com Stockholders": "-118.999", "Basic EPS": "-", "Diluted EPS": "-", "Basic Average Shares": "-", "Diluted Average Shares": "-", "Total Operating Income as Reported": "-115.413", "Total Expenses": "3,202", "Net Income from Continuing & Discontinued Operation": "-118.999", "Normalized Income": "-118.999", "Interest Income": "-", "Interest Expense": "1.368", "Net Interest Income": "-1.368", "EBIT": "-116.031", "EBITDA": "-", "Reconciled Cost of Revenue": "1,702", "Reconciled Depreciation": "51.505", "Net Income from Continuing Operation Net Minority Interest": "-118.999", "Total Unusual Items Excluding Goodwill": "-", "Total Unusual Items": "-", "Normalized EBITDA": "-64.526", "Tax Rate for Calcs": "0", "Tax Effect of Unusual Items": "0"}, "2/28/2019": {"Duration": "2/28/2019", "Total Revenue": "3,153", "Cost of Revenue": "1,633", "Gross Profit": "1,520", "Operating Expense": "1,759", "Operating Income": "-238.637", "Net Non Operating Interest Income Expense": "-1.919", "Other Income Expense": "0.429", "Pretax Income": "-240.127", "Tax Provision": "0", "Net Income Common Stockholders": "-240.127", "Diluted NI Available to Com Stockholders": "-240.127", "Basic EPS": "-0.01", "Diluted EPS": "-0.01", "Basic Average Shares": "26,574", "Diluted Average Shares": "26,574", "Total Operating Income as Reported": "-238.637", "Total Expenses": "3,392", "Net Income from Continuing & Discontinued Operation": "-240.127", "Normalized Income": "-240.127", "Interest Income": "-", "Interest Expense": "1.919", "Net Interest Income": "-1.919", "EBIT": "-238.208", "EBITDA": "-", "Reconciled Cost of Revenue": "1,633", "Reconciled Depreciation": "55.04", "Net Income from Continuing Operation Net Minority Interest": "-240.127", "Total Unusual Items Excluding Goodwill": "-", "Total Unusual Items": "-", "Normalized EBITDA": "-183.168", "Tax Rate for Calcs": "0", "Tax Effect of Unusual Items": "0"}}, "bs": {"2/29/2020": {"Duration": "2/29/2020", "Total Assets": "4,181", "Total Liabilities Net Minority Interest": "858.295", "Total Equity Gross Minority Interest": "3,322", "Total Capitalization": "3,322", "Common Stock Equity": "3,322", "Capital Lease Obligations": "357.074", "Net Tangible Assets": "3,322", "Working Capital": "2,949", "Invested Capital": "3,322", "Tangible Book Value": "3,322", "Total Debt": "357.074", "Share Issued": "26,706", "Ordinary Shares Number": "26,640", "Treasury Shares Number": "66"}, "2/28/2019": {"Duration": "2/28/2019", "Total Assets": "3,749", "Total Liabilities Net Minority Interest": "307.328", "Total Equity Gross Minority Interest": "3,441", "Total Capitalization": "3,441", "Common Stock Equity": "3,441", "Capital Lease Obligations": "9.12", "Net Tangible Assets": "3,441", "Working Capital": "3,260", "Invested Capital": "3,441", "Tangible Book Value": "3,441", "Total Debt": "9.12", "Share Issued": "26,706", "Ordinary Shares Number": "26,640", "Treasury Shares Number": "66"}}, "cf": {"TTM": {"Duration": "TTM", "Operating Cash Flow": "262.801", "Investing Cash Flow": "-12.842", "Financing Cash Flow": "-5.939", "End Cash Position": "2,322", "Income Tax Paid Supplemental Data": "-", "Interest Paid Supplemental Data": "1.337", "Capital Expenditure": "-12.842", "Repayment of Debt": "-5.939", "Repurchase of Capital Stock": "-", "Free Cash Flow": "249.959"}, "2/29/2020": {"Duration": "2/29/2020", "Operating Cash Flow": "262.801", "Investing Cash Flow": "-12.842", "Financing Cash Flow": "-5.939", "End Cash Position": "2,322", "Income Tax Paid Supplemental Data": "-", "Interest Paid Supplemental Data": "1.337", "Capital Expenditure": "-12.842", "Repayment of Debt": "-5.939", "Repurchase of Capital Stock": "-", "Free Cash Flow": "249.959"}, "2/28/2019": {"Duration": "2/28/2019", "Operating Cash Flow": "45.31", "Investing Cash Flow": "-37.655", "Financing Cash Flow": "-5.366", "End Cash Position": "2,078", "Income Tax Paid Supplemental Data": "-", "Interest Paid Supplemental Data": "1.919", "Capital Expenditure": "-37.655", "Repayment of Debt": "-5.366", "Repurchase of Capital Stock": "-", "Free Cash Flow": "7.655"}}}}, {"GSPT": {"quote": {"04/25/2021": {"value": "0.3000", "Market Cap": "223,253", "Beta (5Y Monthly)": "4.89", "PE Ratio (TTM)": "N/A", "EPS (TTM)": "-0.5190", "Earnings Date": "N/A", "Forward Dividend & Yield": "N/A (N/A)", "Ex-Dividend Date": "N/A", "1y Target Est": "N/A"}}, "fin": {}, "bs": {}, "cf": {}}}, {"MYDX": {"quote": {"04/25/2021": {"value": "0.0009", "Market Cap": "4.131M", "Beta (5Y Monthly)": "-7.82", "PE Ratio (TTM)": "N/A", "EPS (TTM)": "-0.0010", "Earnings Date": "Apr 25, 2019", "Forward Dividend & Yield": "N/A (N/A)", "Ex-Dividend Date": "N/A", "1y Target Est": "N/A"}}, "fin": {"TTM": {"Duration": "TTM", "Total Revenue": "257.719", "Cost of Revenue": "135.432", "Gross Profit": "122.287", "Operating Expense": "1,155", "Operating Income": "-1,033", "Net Non Operating Interest Income Expense": "-820.584", "Other Income Expense": "-1,101", "Pretax Income": "-2,954", "Tax Provision": "0.374", "Net Income Common Stockholders": "-3,048", "Diluted NI Available to Com Stockholders": "-3,048", "Basic EPS": "-", "Diluted EPS": "-", "Basic Average Shares": "-", "Diluted Average Shares": "-", "Total Operating Income as Reported": "-1,033", "Total Expenses": "1,290", "Net Income from Continuing & Discontinued Operation": "-2,954", "Normalized Income": "-3,591", "Net Interest Income": "-820.584", "EBIT": "-1,033", "EBITDA": "-1,007", "Reconciled Cost of Revenue": "135.432", "Reconciled Depreciation": "25.588", "Net Income from Continuing Operation Net Minority Interest": "-2,954", "Total Unusual Items Excluding Goodwill": "872.784", "Total Unusual Items": "872.784", "Normalized EBITDA": "-1,880", "Tax Rate for Calcs": "0", "Tax Effect of Unusual Items": "235.6517"}, "12/31/2018": {"Duration": "12/31/2018", "Total Revenue": "268.912", "Cost of Revenue": "131.653", "Gross Profit": "137.259", "Operating Expense": "1,815", "Operating Income": "-1,677", "Net Non Operating Interest Income Expense": "-164.485", "Other Income Expense": "-6,490", "Pretax Income": "-8,332", "Tax Provision": "0.374", "Net Income Common Stockholders": "-8,394", "Diluted NI Available to Com Stockholders": "-8,394", "Basic EPS": "-0.00", "Diluted EPS": "-0.00", "Basic Average Shares": "3,170,426", "Diluted Average Shares": "3,170,426", "Total Operating Income as Reported": "-1,677", "Total Expenses": "1,946", "Net Income from Continuing & Discontinued Operation": "-8,332", "Normalized Income": "-8,974", "Net Interest Income": "-164.485", "EBIT": "-1,677", "EBITDA": "-", "Reconciled Cost of Revenue": "131.653", "Reconciled Depreciation": "41.322", "Net Income from Continuing Operation Net Minority Interest": "-8,332", "Total Unusual Items Excluding Goodwill": "879.346", "Total Unusual Items": "879.346", "Normalized EBITDA": "-2,515", "Tax Rate for Calcs": "0", "Tax Effect of Unusual Items": "237.4234"}}, "bs": {"12/31/2018": {"Duration": "12/31/2018", "Total Assets": "436.314", "Total Liabilities Net Minority Interest": "12,643", "Total Equity Gross Minority Interest": "-12,207", "Total Capitalization": "-12,207", "Preferred Stock Equity": "2,033", "Common Stock Equity": "-14,240", "Capital Lease Obligations": "2.756", "Net Tangible Assets": "-12,207", "Working Capital": "-12,427", "Invested Capital": "-13,804", "Tangible Book Value": "-14,240", "Total Debt": "438.933", "Net Debt": "333.479", "Share Issued": "3,905,201", "Ordinary Shares Number": "3,905,201"}}, "cf": {"TTM": {"Duration": "TTM", "Operating Cash Flow": "-455.331", "Investing Cash Flow": "-", "Financing Cash Flow": "775.501", "End Cash Position": "175.677", "Interest Paid Supplemental Data": "0", "Capital Expenditure": "-", "Issuance of Capital Stock": "-", "Issuance of Debt": "950.501", "Repayment of Debt": "-175", "Free Cash Flow": "-456.569"}, "12/31/2018": {"Duration": "12/31/2018", "Operating Cash Flow": "-307.739", "Investing Cash Flow": "-175.092", "Financing Cash Flow": "466.501", "End Cash Position": "102.698", "Interest Paid Supplemental Data": "0", "Capital Expenditure": "-1.238", "Issuance of Capital Stock": "0", "Issuance of Debt": "616.501", "Repayment of Debt": "-150", "Free Cash Flow": "-308.977"}}}}, {"SINX": {"quote": {"04/25/2021": {"value": "0.0032", "Market Cap": "3.222M", "Beta (5Y Monthly)": "1.07", "PE Ratio (TTM)": "N/A", "EPS (TTM)": "-0.0190", "Earnings Date": "N/A", "Forward Dividend & Yield": "N/A (N/A)", "Ex-Dividend Date": "N/A", "1y Target Est": "N/A"}}, "fin": {}, "bs": {}, "cf": {}}}, {"ABHD": {"fin": {}, "bs": {}, "cf": {}}}, {"CCC": {"fin": {}, "bs": {}, "cf": {}}}, {"NVIC": {"fin": {}, "bs": {}, "cf": {}}}, {"PFSD": {"fin": {}, "bs": {}, "cf": {}}}]