[{"WMS": {"quote": {"04/25/2021": {"value": "115.01", "Market Cap": "7.966B", "Beta (5Y Monthly)": "1.40", "PE Ratio (TTM)": "47.78", "EPS (TTM)": "2.41", "Earnings Date": "May 19, 2021 - May 24, 2021", "Forward Dividend & Yield": "0.36 (0.31%)", "Ex-Dividend Date": "Feb 26, 2021", "1y Target Est": "121.20"}}, "fin": {"TTM": {"Duration": "TTM", "Total Revenue": "1,909,739", "Cost of Revenue": "1,238,119", "Gross Profit": "671,620", "Operating Expense": "349,100", "Operating Income": "322,520", "Net Non Operating Interest Income Expense": "-39,687", "Other Income Expense": "-4,679", "Pretax Income": "278,154", "Tax Provision": "70,528", "Earnings from Equity Interest Net of Tax": "1,221", "Net Income Common Stockholders": "169,418", "Diluted NI Available to Com Stockholders": "169,418", "Basic EPS": "-", "Diluted EPS": "-", "Basic Average Shares": "-", "Diluted Average Shares": "-", "Total Operating Income as Reported": "318,394", "Total Expenses": "1,587,219", "Net Income from Continuing & Discontinued Operation": "206,781", "Normalized Income": "210,274", "Interest Expense": "39,687", "Net Interest Income": "-39,687", "EBIT": "317,841", "EBITDA": "475,670", "Reconciled Cost of Revenue": "1,166,758", "Reconciled Depreciation": "157,829", "Net Income from Continuing Operation Net Minority Interest": "206,781", "Total Unusual Items Excluding Goodwill": "-4,679", "Total Unusual Items": "-4,679", "Normalized EBITDA": "480,349", "Tax Rate for Calcs": "0", "Tax Effect of Unusual Items": "-1,186"}, "3/31/2020": {"Duration": "3/31/2020", "Total Revenue": "1,673,805", "Cost of Revenue": "1,357,326", "Gross Profit": "316,479", "Operating Expense": "406,490", "Operating Income": "-90,011", "Net Non Operating Interest Income Expense": "-82,711", "Other Income Expense": "-6,892", "Pretax Income": "-179,614", "Tax Provision": "14,092", "Earnings from Equity Interest Net of Tax": "1,909", "Net Income Common Stockholders": "-204,718", "Diluted NI Available to Com Stockholders": "-204,718", "Basic EPS": "-3.21", "Diluted EPS": "-3.21", "Basic Average Shares": "63,820", "Diluted Average Shares": "63,820", "Total Operating Income as Reported": "-95,349", "Total Expenses": "1,763,816", "Net Income from Continuing & Discontinued Operation": "-193,174", "Normalized Income": "-188,143", "Interest Expense": "82,711", "Net Interest Income": "-82,711", "EBIT": "-96,903", "EBITDA": "-", "Reconciled Cost of Revenue": "1,289,396", "Reconciled Depreciation": "124,940", "Net Income from Continuing Operation Net Minority Interest": "-193,174", "Total Unusual Items Excluding Goodwill": "-6,892", "Total Unusual Items": "-6,892", "Normalized EBITDA": "34,929", "Tax Rate for Calcs": "0", "Tax Effect of Unusual Items": "-1,861"}, "3/31/2019": {"Duration": "3/31/2019", "Total Revenue": "1,384,733", "Cost of Revenue": "1,057,766", "Gross Profit": "326,967", "Operating Expense": "193,907", "Operating Income": "133,060", "Net Non Operating Interest Income Expense": "-18,618", "Other Income Expense": "-2,832", "Pretax Income": "111,610", "Tax Provision": "30,049", "Earnings from Equity Interest Net of Tax": "-95", "Net Income Common Stockholders": "70,182", "Diluted NI Available to Com Stockholders": "70,182", "Basic EPS": "1.23", "Diluted EPS": "1.22", "Basic Average Shares": "57,025", "Diluted Average Shares": "57,611", "Total Operating Income as Reported": "129,413", "Total Expenses": "1,251,673", "Net Income from Continuing & Discontinued Operation": "77,772", "Normalized Income": "79,842", "Interest Expense": "18,618", "Net Interest Income": "-18,618", "EBIT": "130,228", "EBITDA": "-", "Reconciled Cost of Revenue": "993,746", "Reconciled Depreciation": "71,900", "Net Income from Continuing Operation Net Minority Interest": "77,772", "Total Unusual Items Excluding Goodwill": "-2,832", "Total Unusual Items": "-2,832", "Normalized EBITDA": "204,960", "Tax Rate for Calcs": "0", "Tax Effect of Unusual Items": "-761.808"}}, "bs": {"3/31/2020": {"Duration": "3/31/2020", "Total Assets": "2,369,888", "Total Liabilities Net Minority Interest": "1,585,306", "Total Equity Gross Minority Interest": "784,582", "Total Capitalization": "1,862,188", "Preferred Stock Equity": "269,529", "Common Stock Equity": "503,291", "Capital Lease Obligations": "72,640", "Net Tangible Assets": "-391,382", "Working Capital": "427,998", "Invested Capital": "1,600,614", "Tangible Book Value": "-660,911", "Total Debt": "1,169,963", "Net Debt": "923,090", "Share Issued": "69,319", "Ordinary Shares Number": "69,319", "Treasury Shares Number": "-"}, "3/31/2019": {"Duration": "3/31/2019", "Total Assets": "1,042,159", "Total Liabilities Net Minority Interest": "541,524", "Total Equity Gross Minority Interest": "500,635", "Total Capitalization": "695,251", "Preferred Stock Equity": "282,638", "Common Stock Equity": "204,011", "Capital Lease Obligations": "84,672", "Net Tangible Assets": "333,765", "Working Capital": "260,228", "Invested Capital": "438,545", "Tangible Book Value": "51,127", "Total Debt": "319,206", "Net Debt": "225,643", "Share Issued": "57,964", "Ordinary Shares Number": "57,490", "Treasury Shares Number": "474"}}, "cf": {"TTM": {"Duration": "TTM", "Operating Cash Flow": "458,647", "Investing Cash Flow": "-71,767", "Financing Cash Flow": "-259,960", "End Cash Position": "225,232", "Capital Expenditure": "-79,059", "Issuance of Capital Stock": "0", "Issuance of Debt": "100,000", "Repayment of Debt": "-331,554", "Repurchase of Capital Stock": "-", "Free Cash Flow": "379,588"}, "3/31/2020": {"Duration": "3/31/2020", "Operating Cash Flow": "306,189", "Investing Cash Flow": "-1,150,470", "Financing Cash Flow": "1,011,572", "End Cash Position": "174,233", "Capital Expenditure": "-67,677", "Issuance of Capital Stock": "293,648", "Issuance of Debt": "2,881,800", "Repayment of Debt": "-2,045,069", "Repurchase of Capital Stock": "0", "Free Cash Flow": "238,512"}, "3/31/2019": {"Duration": "3/31/2019", "Operating Cash Flow": "151,678", "Investing Cash Flow": "-42,544", "Financing Cash Flow": "-117,655", "End Cash Position": "8,891", "Capital Expenditure": "-43,412", "Issuance of Capital Stock": "-", "Issuance of Debt": "404,791", "Repayment of Debt": "-493,024", "Repurchase of Capital Stock": "0", "Free Cash Flow": "108,266"}}}}, {"AMTY": {"quote": {"04/25/2021": {"value": "0.0775", "Market Cap": "5.528M", "Beta (5Y Monthly)": "-0.04", "PE Ratio (TTM)": "25.83", "EPS (TTM)": "0.0030", "Earnings Date": "N/A", "Forward Dividend & Yield": "N/A (N/A)", "Ex-Dividend Date": "N/A", "1y Target Est": "N/A"}}, "fin": {"TTM": {"Duration": "TTM", "Total Revenue": "4,151", "Cost of Revenue": "2,990", "Gross Profit": "1,160", "Operating Expense": "1,090", "Operating Income": "70.002", "Net Non Operating Interest Income Expense": "-0.237", "Other Income Expense": "136.105", "Pretax Income": "205.87", "Net Income Common Stockholders": "172.57", "Diluted NI Available to Com Stockholders": "172.57", "Basic EPS": "-", "Diluted EPS": "-", "Basic Average Shares": "-", "Diluted Average Shares": "-", "Total Operating Income as Reported": "70.002", "Total Expenses": "4,081", "Net Income from Continuing & Discontinued Operation": "205.87", "Normalized Income": "123.9158", "Interest Expense": "0.785", "Net Interest Income": "-0.237", "EBIT": "206.655", "EBITDA": "432.892", "Reconciled Cost of Revenue": "2,990", "Reconciled Depreciation": "226.237", "Net Income from Continuing Operation Net Minority Interest": "205.87", "Total Unusual Items Excluding Goodwill": "112.266", "Total Unusual Items": "112.266", "Normalized EBITDA": "320.626", "Tax Rate for Calcs": "0", "Tax Effect of Unusual Items": "30.3118"}, "6/30/2020": {"Duration": "6/30/2020", "Total Revenue": "3,941", "Cost of Revenue": "2,839", "Gross Profit": "1,103", "Operating Expense": "1,055", "Operating Income": "47.536", "Net Non Operating Interest Income Expense": "-1.223", "Other Income Expense": "-3.78", "Pretax Income": "42.533", "Net Income Common Stockholders": "-40.767", "Diluted NI Available to Com Stockholders": "-40.767", "Basic EPS": "-0.00", "Diluted EPS": "-0.00", "Basic Average Shares": "51,123", "Diluted Average Shares": "51,123", "Total Operating Income as Reported": "47.536", "Total Expenses": "3,894", "Net Income from Continuing & Discontinued Operation": "42.533", "Normalized Income": "55.108", "Interest Expense": "1.223", "Net Interest Income": "-1.223", "EBIT": "43.756", "EBITDA": "-", "Reconciled Cost of Revenue": "2,839", "Reconciled Depreciation": "238.838", "Net Income from Continuing Operation Net Minority Interest": "42.533", "Total Unusual Items Excluding Goodwill": "-17.226", "Total Unusual Items": "-17.226", "Normalized EBITDA": "299.82", "Tax Rate for Calcs": "0", "Tax Effect of Unusual Items": "-4.651"}, "6/30/2019": {"Duration": "6/30/2019", "Total Revenue": "3,590", "Cost of Revenue": "2,537", "Gross Profit": "1,054", "Operating Expense": "1,036", "Operating Income": "17.535", "Net Non Operating Interest Income Expense": "-3.658", "Other Income Expense": "27.135", "Pretax Income": "41.012", "Net Income Common Stockholders": "-58.988", "Diluted NI Available to Com Stockholders": "-58.988", "Basic EPS": "-0.00", "Diluted EPS": "-0.00", "Basic Average Shares": "45,897", "Diluted Average Shares": "45,897", "Total Operating Income as Reported": "17.535", "Total Expenses": "3,573", "Net Income from Continuing & Discontinued Operation": "41.012", "Normalized Income": "41.012", "Interest Expense": "3.658", "Net Interest Income": "-3.658", "EBIT": "44.67", "EBITDA": "-", "Reconciled Cost of Revenue": "2,537", "Reconciled Depreciation": "90.799", "Net Income from Continuing Operation Net Minority Interest": "41.012", "Total Unusual Items Excluding Goodwill": "0", "Total Unusual Items": "0", "Normalized EBITDA": "135.469", "Tax Rate for Calcs": "0", "Tax Effect of Unusual Items": "0"}, "6/30/2018": {"Duration": "6/30/2018", "Total Revenue": "3,620", "Cost of Revenue": "2,521", "Gross Profit": "1,100", "Operating Expense": "1,119", "Operating Income": "-18.995", "Net Non Operating Interest Income Expense": "-4.997", "Other Income Expense": "-14.444", "Pretax Income": "-38.436", "Net Income Common Stockholders": "-138.436", "Diluted NI Available to Com Stockholders": "-138.436", "Basic EPS": "-0.00", "Diluted EPS": "-0.00", "Basic Average Shares": "43,629", "Diluted Average Shares": "43,629", "Total Operating Income as Reported": "-18.995", "Total Expenses": "3,639", "Net Income from Continuing & Discontinued Operation": "-38.436", "Normalized Income": "-21.085", "Interest Expense": "4.997", "Net Interest Income": "-4.997", "EBIT": "-33.439", "EBITDA": "-", "Reconciled Cost of Revenue": "2,521", "Reconciled Depreciation": "87.039", "Net Income from Continuing Operation Net Minority Interest": "-38.436", "Total Unusual Items Excluding Goodwill": "-17.351", "Total Unusual Items": "-17.351", "Normalized EBITDA": "70.951", "Tax Rate for Calcs": "0", "Tax Effect of Unusual Items": "0"}}, "bs": {"6/30/2020": {"Duration": "6/30/2020", "Total Assets": "2,763", "Total Liabilities Net Minority Interest": "1,512", "Total Equity Gross Minority Interest": "1,251", "Total Capitalization": "1,405", "Preferred Stock Equity": "-", "Common Stock Equity": "1,251", "Capital Lease Obligations": "594", "Net Tangible Assets": "1,158", "Working Capital": "630.363", "Invested Capital": "1,464", "Tangible Book Value": "1,158", "Total Debt": "807.436", "Share Issued": "70,173", "Ordinary Shares Number": "70,173", "Preferred Shares Number": "-"}, "6/30/2019": {"Duration": "6/30/2019", "Total Assets": "2,740", "Total Liabilities Net Minority Interest": "1,492", "Total Equity Gross Minority Interest": "1,247", "Total Capitalization": "1,323", "Preferred Stock Equity": "2", "Common Stock Equity": "1,245", "Capital Lease Obligations": "735", "Net Tangible Assets": "1,137", "Working Capital": "542.656", "Invested Capital": "1,334", "Tangible Book Value": "1,135", "Total Debt": "824.027", "Share Issued": "47,728", "Ordinary Shares Number": "47,728", "Preferred Shares Number": "2,000"}, "6/30/2018": {"Duration": "6/30/2018", "Total Assets": "1,787", "Total Liabilities Net Minority Interest": "526.534", "Total Equity Gross Minority Interest": "1,261", "Total Capitalization": "1,367", "Preferred Stock Equity": "2", "Common Stock Equity": "1,259", "Capital Lease Obligations": "0.726", "Net Tangible Assets": "1,128", "Working Capital": "804.604", "Invested Capital": "1,385", "Tangible Book Value": "1,126", "Total Debt": "126.736", "Share Issued": "44,476", "Ordinary Shares Number": "44,476", "Preferred Shares Number": "2,000"}}, "cf": {"TTM": {"Duration": "TTM", "Operating Cash Flow": "174.292", "Investing Cash Flow": "-36.955", "Financing Cash Flow": "149.215", "End Cash Position": "626.614", "Income Tax Paid Supplemental Data": "-", "Interest Paid Supplemental Data": "-", "Capital Expenditure": "-36.955", "Issuance of Debt": "-", "Repayment of Debt": "-0.355", "Free Cash Flow": "137.337"}, "6/30/2020": {"Duration": "6/30/2020", "Operating Cash Flow": "41.809", "Investing Cash Flow": "-56.488", "Financing Cash Flow": "124.409", "End Cash Position": "666.756", "Income Tax Paid Supplemental Data": "0", "Interest Paid Supplemental Data": "1.223", "Capital Expenditure": "-56.488", "Issuance of Debt": "149.57", "Repayment of Debt": "-25.161", "Free Cash Flow": "-14.679"}, "6/30/2019": {"Duration": "6/30/2019", "Operating Cash Flow": "484.659", "Investing Cash Flow": "-104.504", "Financing Cash Flow": "-36.983", "End Cash Position": "557.026", "Income Tax Paid Supplemental Data": "0", "Interest Paid Supplemental Data": "3.658", "Capital Expenditure": "-104.504", "Issuance of Debt": "-", "Repayment of Debt": "-36.983", "Free Cash Flow": "380.155"}, "6/30/2018": {"Duration": "6/30/2018", "Operating Cash Flow": "-81.474", "Investing Cash Flow": "-19.407", "Financing Cash Flow": "-25.521", "End Cash Position": "213.854", "Income Tax Paid Supplemental Data": "0", "Interest Paid Supplemental Data": "4.997", "Capital Expenditure": "-19.407", "Issuance of Debt": "-", "Repayment of Debt": "-25.521", "Free Cash Flow": "-100.881"}}}}, {"GT": {"quote": {"04/25/2021": {"value": "18.27", "Market Cap": "4.194B", "Beta (5Y Monthly)": "2.26", "PE Ratio (TTM)": "N/A", "EPS (TTM)": "-5.36", "Earnings Date": "Apr 28, 2021 - May 03, 2021", "Forward Dividend & Yield": "N/A (N/A)", "Ex-Dividend Date": "Jan 31, 2020", "1y Target Est": "18.43"}}, "fin": {"TTM": {"Duration": "TTM", "Total Revenue": "12,321,000", "Cost of Revenue": "10,337,000", "Gross Profit": "1,984,000", "Operating Expense": "2,192,000", "Operating Income": "-208,000", "Net Non Operating Interest Income Expense": "-336,000", "Other Income Expense": "-596,000", "Pretax Income": "-1,140,000", "Tax Provision": "110,000", "Net Income Common Stockholders": "-1,254,000", "Diluted NI Available to Com Stockholders": "-1,254,000", "Basic EPS": "-", "Diluted EPS": "-", "Basic Average Shares": "-", "Diluted Average Shares": "-", "Total Expenses": "12,529,000", "Net Income from Continuing & Discontinued Operation": "-1,254,000", "Normalized Income": "-902,140", "Interest Income": "14,000", "Interest Expense": "324,000", "Net Interest Income": "-336,000", "EBIT": "-816,000", "EBITDA": "43,000", "Reconciled Cost of Revenue": "10,337,000", "Reconciled Depreciation": "859,000", "Net Income from Continuing Operation Net Minority Interest": "-1,254,000", "Total Unusual Items Excluding Goodwill": "-482,000", "Total Unusual Items": "-482,000", "Normalized EBITDA": "525,000", "Tax Rate for Calcs": "0", "Tax Effect of Unusual Items": "-130,140"}, "12/31/2020": {"Duration": "12/31/2020", "Total Revenue": "12,321,000", "Cost of Revenue": "10,337,000", "Gross Profit": "1,984,000", "Operating Expense": "2,192,000", "Operating Income": "-208,000", "Net Non Operating Interest Income Expense": "-336,000", "Other Income Expense": "-596,000", "Pretax Income": "-1,140,000", "Tax Provision": "110,000", "Net Income Common Stockholders": "-1,254,000", "Diluted NI Available to Com Stockholders": "-1,254,000", "Basic EPS": "-", "Diluted EPS": "-", "Basic Average Shares": "-", "Diluted Average Shares": "-", "Total Expenses": "12,529,000", "Net Income from Continuing & Discontinued Operation": "-1,254,000", "Normalized Income": "-902,140", "Interest Income": "14,000", "Interest Expense": "324,000", "Net Interest Income": "-336,000", "EBIT": "-816,000", "EBITDA": "-", "Reconciled Cost of Revenue": "10,337,000", "Reconciled Depreciation": "859,000", "Net Income from Continuing Operation Net Minority Interest": "-1,254,000", "Total Unusual Items Excluding Goodwill": "-482,000", "Total Unusual Items": "-482,000", "Normalized EBITDA": "525,000", "Tax Rate for Calcs": "0", "Tax Effect of Unusual Items": "-130,140"}, "12/31/2019": {"Duration": "12/31/2019", "Total Revenue": "14,745,000", "Cost of Revenue": "11,602,000", "Gross Profit": "3,143,000", "Operating Expense": "2,323,000", "Operating Income": "820,000", "Net Non Operating Interest Income Expense": "-348,000", "Other Income Expense": "-295,000", "Pretax Income": "177,000", "Tax Provision": "474,000", "Net Income Common Stockholders": "-311,000", "Diluted NI Available to Com Stockholders": "-311,000", "Basic EPS": "-1.33", "Diluted EPS": "-1.33", "Basic Average Shares": "233,000", "Diluted Average Shares": "233,000", "Total Expenses": "13,925,000", "Net Income from Continuing & Discontinued Operation": "-311,000", "Normalized Income": "-189,090", "Interest Income": "26,000", "Interest Expense": "340,000", "Net Interest Income": "-348,000", "EBIT": "517,000", "EBITDA": "-", "Reconciled Cost of Revenue": "11,602,000", "Reconciled Depreciation": "795,000", "Net Income from Continuing Operation Net Minority Interest": "-311,000", "Total Unusual Items Excluding Goodwill": "-167,000", "Total Unusual Items": "-167,000", "Normalized EBITDA": "1,479,000", "Tax Rate for Calcs": "0", "Tax Effect of Unusual Items": "-45,090"}, "12/31/2018": {"Duration": "12/31/2018", "Total Revenue": "15,475,000", "Cost of Revenue": "11,961,000", "Gross Profit": "3,514,000", "Operating Expense": "2,312,000", "Operating Income": "1,202,000", "Net Non Operating Interest Income Expense": "-303,000", "Other Income Expense": "112,000", "Pretax Income": "1,011,000", "Tax Provision": "303,000", "Net Income Common Stockholders": "693,000", "Diluted NI Available to Com Stockholders": "693,000", "Basic EPS": "2.92", "Diluted EPS": "2.89", "Basic Average Shares": "237,000", "Diluted Average Shares": "239,000", "Total Expenses": "14,273,000", "Net Income from Continuing & Discontinued Operation": "693,000", "Normalized Income": "711,908", "Interest Income": "54,000", "Interest Expense": "321,000", "Net Interest Income": "-303,000", "EBIT": "1,332,000", "EBITDA": "-", "Reconciled Cost of Revenue": "11,961,000", "Reconciled Depreciation": "778,000", "Net Income from Continuing Operation Net Minority Interest": "693,000", "Total Unusual Items Excluding Goodwill": "-27,000", "Total Unusual Items": "-27,000", "Normalized EBITDA": "2,137,000", "Tax Rate for Calcs": "0", "Tax Effect of Unusual Items": "-8,092"}}, "bs": {"12/31/2020": {"Duration": "12/31/2020", "Total Assets": "16,506,000", "Total Liabilities Net Minority Interest": "13,247,000", "Total Equity Gross Minority Interest": "3,259,000", "Total Capitalization": "8,510,000", "Common Stock Equity": "3,078,000", "Capital Lease Obligations": "882,000", "Net Tangible Assets": "2,535,000", "Working Capital": "514,000", "Invested Capital": "9,068,000", "Tangible Book Value": "2,535,000", "Total Debt": "6,872,000", "Net Debt": "4,451,000", "Share Issued": "233,134", "Ordinary Shares Number": "233,134", "Treasury Shares Number": "-"}, "12/31/2019": {"Duration": "12/31/2019", "Total Assets": "17,185,000", "Total Liabilities Net Minority Interest": "12,640,000", "Total Equity Gross Minority Interest": "4,545,000", "Total Capitalization": "9,104,000", "Common Stock Equity": "4,351,000", "Capital Lease Obligations": "867,000", "Net Tangible Assets": "3,649,000", "Working Capital": "647,000", "Invested Capital": "10,014,000", "Tangible Book Value": "3,649,000", "Total Debt": "6,530,000", "Net Debt": "4,755,000", "Share Issued": "233,000", "Ordinary Shares Number": "233,000", "Treasury Shares Number": "-"}, "12/31/2018": {"Duration": "12/31/2018", "Total Assets": "16,872,000", "Total Liabilities Net Minority Interest": "11,802,000", "Total Equity Gross Minority Interest": "5,070,000", "Total Capitalization": "9,974,000", "Common Stock Equity": "4,864,000", "Capital Lease Obligations": "-", "Net Tangible Assets": "4,159,000", "Working Capital": "1,144,000", "Invested Capital": "10,627,000", "Tangible Book Value": "4,159,000", "Total Debt": "5,763,000", "Net Debt": "4,962,000", "Share Issued": "278,463", "Ordinary Shares Number": "232,171", "Treasury Shares Number": "46,292"}}, "cf": {"TTM": {"Duration": "TTM", "Operating Cash Flow": "1,115,000", "Investing Cash Flow": "-667,000", "Financing Cash Flow": "203,000", "End Cash Position": "1,624,000", "Capital Expenditure": "-647,000", "Issuance of Capital Stock": "0", "Issuance of Debt": "7,902,000", "Repayment of Debt": "-7,652,000", "Repurchase of Capital Stock": "-", "Free Cash Flow": "468,000"}, "12/31/2020": {"Duration": "12/31/2020", "Operating Cash Flow": "1,115,000", "Investing Cash Flow": "-667,000", "Financing Cash Flow": "203,000", "End Cash Position": "1,624,000", "Capital Expenditure": "-647,000", "Issuance of Capital Stock": "0", "Issuance of Debt": "7,902,000", "Repayment of Debt": "-7,652,000", "Repurchase of Capital Stock": "-", "Free Cash Flow": "468,000"}, "12/31/2019": {"Duration": "12/31/2019", "Operating Cash Flow": "1,207,000", "Investing Cash Flow": "-800,000", "Financing Cash Flow": "-307,000", "End Cash Position": "974,000", "Capital Expenditure": "-770,000", "Issuance of Capital Stock": "1,000", "Issuance of Debt": "7,822,000", "Repayment of Debt": "-7,941,000", "Repurchase of Capital Stock": "0", "Free Cash Flow": "437,000"}, "12/31/2018": {"Duration": "12/31/2018", "Operating Cash Flow": "916,000", "Investing Cash Flow": "-867,000", "Financing Cash Flow": "-243,000", "End Cash Position": "873,000", "Capital Expenditure": "-811,000", "Issuance of Capital Stock": "4,000", "Issuance of Debt": "8,399,000", "Repayment of Debt": "-8,264,000", "Repurchase of Capital Stock": "-220,000", "Free Cash Flow": "105,000"}}}}, {"CSL": {"quote": {"04/25/2021": {"value": "190.48", "Market Cap": "9.443B", "Beta (5Y Monthly)": "0.98", "PE Ratio (TTM)": "33.38", "EPS (TTM)": "5.71", "Earnings Date": "Jul 22, 2021", "Forward Dividend & Yield": "2.10 (1.10%)", "Ex-Dividend Date": "Feb 18, 2021", "1y Target Est": "181.33"}}, "fin": {"TTM": {"Duration": "TTM", "Total Revenue": "4,245,200", "Cost of Revenue": "3,062,800", "Gross Profit": "1,182,400", "Operating Expense": "698,800", "Operating Income": "483,600", "Net Non Operating Interest Income Expense": "-71,800", "Other Income Expense": "-10,500", "Pretax Income": "401,300", "Tax Provision": "77,100", "Net Income Common Stockholders": "320,100", "Diluted NI Available to Com Stockholders": "320,100", "Basic EPS": "-", "Diluted EPS": "-", "Basic Average Shares": "-", "Diluted Average Shares": "-", "Total Operating Income as Reported": "483,600", "Total Expenses": "3,761,600", "Net Income from Continuing & Discontinued Operation": "320,100", "Normalized Income": "331,310", "Interest Income": "4,800", "Interest Expense": "76,600", "Net Interest Income": "-71,800", "EBIT": "477,900", "EBITDA": "702,100", "Reconciled Cost of Revenue": "3,062,800", "Reconciled Depreciation": "224,200", "Net Income from Continuing Operation Net Minority Interest": "324,200", "Total Unusual Items Excluding Goodwill": "-8,800", "Total Unusual Items": "-8,800", "Normalized EBITDA": "710,900", "Tax Rate for Calcs": "0", "Tax Effect of Unusual Items": "-1,690"}, "12/31/2020": {"Duration": "12/31/2020", "Total Revenue": "4,245,200", "Cost of Revenue": "3,062,800", "Gross Profit": "1,182,400", "Operating Expense": "698,800", "Operating Income": "483,600", "Net Non Operating Interest Income Expense": "-71,800", "Other Income Expense": "-10,500", "Pretax Income": "401,300", "Tax Provision": "77,100", "Net Income Common Stockholders": "320,100", "Diluted NI Available to Com Stockholders": "320,100", "Basic EPS": "-", "Diluted EPS": "-", "Basic Average Shares": "-", "Diluted Average Shares": "-", "Total Operating Income as Reported": "483,600", "Total Expenses": "3,761,600", "Net Income from Continuing & Discontinued Operation": "320,100", "Normalized Income": "331,310", "Interest Income": "4,800", "Interest Expense": "76,600", "Net Interest Income": "-71,800", "EBIT": "477,900", "EBITDA": "-", "Reconciled Cost of Revenue": "3,062,800", "Reconciled Depreciation": "224,200", "Net Income from Continuing Operation Net Minority Interest": "324,200", "Total Unusual Items Excluding Goodwill": "-8,800", "Total Unusual Items": "-8,800", "Normalized EBITDA": "710,900", "Tax Rate for Calcs": "0", "Tax Effect of Unusual Items": "-1,690"}, "12/31/2019": {"Duration": "12/31/2019", "Total Revenue": "4,811,600", "Cost of Revenue": "3,439,900", "Gross Profit": "1,371,700", "Operating Expense": "717,500", "Operating Income": "654,200", "Net Non Operating Interest Income Expense": "-58,200", "Other Income Expense": "-700", "Pretax Income": "595,300", "Tax Provision": "121,600", "Net Income Common Stockholders": "472,800", "Diluted NI Available to Com Stockholders": "472,800", "Basic EPS": "8.28", "Diluted EPS": "8.19", "Basic Average Shares": "56,913", "Diluted Average Shares": "57,547", "Total Operating Income as Reported": "654,200", "Total Expenses": "4,157,400", "Net Income from Continuing & Discontinued Operation": "472,800", "Normalized Income": "473,700", "Interest Income": "7,900", "Interest Expense": "66,100", "Net Interest Income": "-58,200", "EBIT": "661,400", "EBITDA": "-", "Reconciled Cost of Revenue": "3,439,900", "Reconciled Depreciation": "205,400", "Net Income from Continuing Operation Net Minority Interest": "473,700", "Total Unusual Items Excluding Goodwill": "-", "Total Unusual Items": "-", "Normalized EBITDA": "866,800", "Tax Rate for Calcs": "0", "Tax Effect of Unusual Items": "0"}, "12/31/2018": {"Duration": "12/31/2018", "Total Revenue": "4,479,500", "Cost of Revenue": "3,304,800", "Gross Profit": "1,174,700", "Operating Expense": "665,700", "Operating Income": "509,000", "Net Non Operating Interest Income Expense": "-53,500", "Other Income Expense": "-9,600", "Pretax Income": "445,900", "Tax Provision": "87,300", "Net Income Common Stockholders": "611,100", "Diluted NI Available to Com Stockholders": "611,100", "Basic EPS": "10.09", "Diluted EPS": "10.02", "Basic Average Shares": "60,393", "Diluted Average Shares": "60,786", "Total Operating Income as Reported": "509,000", "Total Expenses": "3,970,500", "Net Income from Continuing & Discontinued Operation": "611,100", "Normalized Income": "358,600", "Interest Income": "11,200", "Interest Expense": "64,700", "Net Interest Income": "-53,500", "EBIT": "510,600", "EBITDA": "-", "Reconciled Cost of Revenue": "3,304,800", "Reconciled Depreciation": "190,600", "Net Income from Continuing Operation Net Minority Interest": "358,600", "Total Unusual Items Excluding Goodwill": "0", "Total Unusual Items": "0", "Normalized EBITDA": "701,200", "Tax Rate for Calcs": "0", "Tax Effect of Unusual Items": "0"}}, "bs": {"12/31/2020": {"Duration": "12/31/2020", "Total Assets": "5,866,400", "Total Liabilities Net Minority Interest": "3,328,700", "Total Equity Gross Minority Interest": "2,537,700", "Total Capitalization": "4,617,900", "Common Stock Equity": "2,537,700", "Capital Lease Obligations": "55,100", "Net Tangible Assets": "-235,300", "Working Capital": "1,563,100", "Invested Capital": "4,619,000", "Tangible Book Value": "-235,300", "Total Debt": "2,136,400", "Net Debt": "1,179,100", "Share Issued": "78,400", "Ordinary Shares Number": "52,900", "Treasury Shares Number": "25,500"}, "12/31/2019": {"Duration": "12/31/2019", "Total Assets": "5,496,000", "Total Liabilities Net Minority Interest": "2,853,200", "Total Equity Gross Minority Interest": "2,642,800", "Total Capitalization": "3,984,200", "Common Stock Equity": "2,642,800", "Capital Lease Obligations": "61,800", "Net Tangible Assets": "-214,100", "Working Capital": "853,000", "Invested Capital": "4,234,400", "Tangible Book Value": "-214,100", "Total Debt": "1,653,400", "Net Debt": "1,240,400", "Share Issued": "76,227", "Ordinary Shares Number": "55,693", "Treasury Shares Number": "20,535"}, "12/31/2018": {"Duration": "12/31/2018", "Total Assets": "5,249,200", "Total Liabilities Net Minority Interest": "2,651,800", "Total Equity Gross Minority Interest": "2,597,400", "Total Capitalization": "4,185,200", "Common Stock Equity": "2,597,400", "Capital Lease Obligations": "-", "Net Tangible Assets": "187,900", "Working Capital": "1,461,100", "Invested Capital": "4,185,200", "Tangible Book Value": "187,900", "Total Debt": "1,587,800", "Net Debt": "784,200", "Share Issued": "78,493", "Ordinary Shares Number": "57,958", "Treasury Shares Number": "20,535"}}, "cf": {"TTM": {"Duration": "TTM", "Operating Cash Flow": "696,700", "Investing Cash Flow": "-122,600", "Financing Cash Flow": "-24,700", "Cash Flow from Discontinued Operation": "0", "End Cash Position": "902,200", "Capital Expenditure": "-95,500", "Issuance of Debt": "1,240,700", "Repayment of Debt": "-758,500", "Repurchase of Capital Stock": "-382,400", "Free Cash Flow": "601,200"}, "12/31/2020": {"Duration": "12/31/2020", "Operating Cash Flow": "696,700", "Investing Cash Flow": "-122,600", "Financing Cash Flow": "-24,700", "Cash Flow from Discontinued Operation": "0", "End Cash Position": "902,200", "Capital Expenditure": "-95,500", "Issuance of Debt": "1,240,700", "Repayment of Debt": "-758,500", "Repurchase of Capital Stock": "-382,400", "Free Cash Flow": "601,200"}, "12/31/2019": {"Duration": "12/31/2019", "Operating Cash Flow": "703,100", "Investing Cash Flow": "-694,900", "Financing Cash Flow": "-461,200", "Cash Flow from Discontinued Operation": "0", "End Cash Position": "351,200", "Capital Expenditure": "-88,900", "Issuance of Debt": "0", "Repayment of Debt": "0", "Repurchase of Capital Stock": "-382,100", "Free Cash Flow": "614,200"}, "12/31/2018": {"Duration": "12/31/2018", "Operating Cash Flow": "339,200", "Investing Cash Flow": "629,200", "Financing Cash Flow": "-540,700", "Cash Flow from Discontinued Operation": "-1,300", "End Cash Position": "803,600", "Capital Expenditure": "-120,700", "Issuance of Debt": "0", "Repayment of Debt": "0", "Repurchase of Capital Stock": "-459,800", "Free Cash Flow": "218,500"}}}}, {"TG": {"quote": {"04/25/2021": {"value": "14.93", "Market Cap": "510.112M", "Beta (5Y Monthly)": "0.95", "PE Ratio (TTM)": "N/A", "EPS (TTM)": "-2.27", "Earnings Date": "Mar 16, 2021", "Forward Dividend & Yield": "0.48 (3.22%)", "Ex-Dividend Date": "Mar 11, 2021", "1y Target Est": "N/A"}}, "fin": {"TTM": {"Duration": "TTM", "Total Revenue": "755,290", "Cost of Revenue": "584,653", "Gross Profit": "170,637", "Operating Expense": "110,381", "Operating Income": "60,256", "Net Non Operating Interest Income Expense": "-2,587", "Other Income Expense": "-82,715", "Pretax Income": "-25,046", "Tax Provision": "-8,213", "Net Income Common Stockholders": "-75,444", "Diluted NI Available to Com Stockholders": "-75,444", "Basic EPS": "-", "Diluted EPS": "-", "Basic Average Shares": "-", "Diluted Average Shares": "-", "Total Operating Income as Reported": "-", "Total Expenses": "695,034", "Net Income from Continuing & Discontinued Operation": "-75,444", "Normalized Income": "37,499", "Interest Expense": "2,587", "Net Interest Income": "-2,587", "EBIT": "-22,459", "EBITDA": "12,251", "Reconciled Cost of Revenue": "552,960", "Reconciled Depreciation": "34,710", "Net Income from Continuing Operation Net Minority Interest": "-16,833", "Total Unusual Items Excluding Goodwill": "-80,851", "Total Unusual Items": "-80,851", "Normalized EBITDA": "93,102", "Tax Rate for Calcs": "0", "Tax Effect of Unusual Items": "-26,519"}, "12/31/2020": {"Duration": "12/31/2020", "Total Revenue": "755,290", "Cost of Revenue": "584,653", "Gross Profit": "170,637", "Operating Expense": "110,381", "Operating Income": "60,256", "Net Non Operating Interest Income Expense": "-2,587", "Other Income Expense": "-82,715", "Pretax Income": "-25,046", "Tax Provision": "-8,213", "Net Income Common Stockholders": "-75,444", "Diluted NI Available to Com Stockholders": "-75,444", "Basic EPS": "-", "Diluted EPS": "-", "Basic Average Shares": "-", "Diluted Average Shares": "-", "Total Operating Income as Reported": "-", "Total Expenses": "695,034", "Net Income from Continuing & Discontinued Operation": "-75,444", "Normalized Income": "37,499", "Interest Expense": "2,587", "Net Interest Income": "-2,587", "EBIT": "-22,459", "EBITDA": "-", "Reconciled Cost of Revenue": "552,960", "Reconciled Depreciation": "34,710", "Net Income from Continuing Operation Net Minority Interest": "-16,833", "Total Unusual Items Excluding Goodwill": "-80,851", "Total Unusual Items": "-80,851", "Normalized EBITDA": "93,102", "Tax Rate for Calcs": "0", "Tax Effect of Unusual Items": "-26,519"}, "12/31/2019": {"Duration": "12/31/2019", "Total Revenue": "972,358", "Cost of Revenue": "803,574", "Gross Profit": "168,784", "Operating Expense": "137,231", "Operating Income": "31,553", "Net Non Operating Interest Income Expense": "-4,051", "Other Income Expense": "30,670", "Pretax Income": "58,172", "Tax Provision": "9,913", "Net Income Common Stockholders": "48,259", "Diluted NI Available to Com Stockholders": "48,259", "Basic EPS": "1.45", "Diluted EPS": "1.45", "Basic Average Shares": "33,236", "Diluted Average Shares": "33,258", "Total Operating Income as Reported": "-", "Total Expenses": "940,805", "Net Income from Continuing & Discontinued Operation": "48,259", "Normalized Income": "22,831", "Interest Expense": "4,051", "Net Interest Income": "-4,051", "EBIT": "62,223", "EBITDA": "-", "Reconciled Cost of Revenue": "770,303", "Reconciled Depreciation": "46,872", "Net Income from Continuing Operation Net Minority Interest": "48,259", "Total Unusual Items Excluding Goodwill": "30,673", "Total Unusual Items": "30,673", "Normalized EBITDA": "78,422", "Tax Rate for Calcs": "0", "Tax Effect of Unusual Items": "5,245"}, "12/31/2018": {"Duration": "12/31/2018", "Total Revenue": "1,065,471", "Cost of Revenue": "885,783", "Gross Profit": "179,688", "Operating Expense": "118,372", "Operating Income": "61,316", "Net Non Operating Interest Income Expense": "-5,702", "Other Income Expense": "-19,246", "Pretax Income": "36,368", "Tax Provision": "11,526", "Net Income Common Stockholders": "24,842", "Diluted NI Available to Com Stockholders": "24,842", "Basic EPS": "0.75", "Diluted EPS": "0.75", "Basic Average Shares": "33,068", "Diluted Average Shares": "33,092", "Total Operating Income as Reported": "-", "Total Expenses": "1,004,155", "Net Income from Continuing & Discontinued Operation": "24,842", "Normalized Income": "38,018", "Interest Expense": "5,702", "Net Interest Income": "-5,702", "EBIT": "42,070", "EBITDA": "-", "Reconciled Cost of Revenue": "855,955", "Reconciled Depreciation": "33,804", "Net Income from Continuing Operation Net Minority Interest": "24,842", "Total Unusual Items Excluding Goodwill": "-19,291", "Total Unusual Items": "-19,291", "Normalized EBITDA": "95,165", "Tax Rate for Calcs": "0", "Tax Effect of Unusual Items": "-6,115"}}, "bs": {"12/31/2020": {"Duration": "12/31/2020", "Total Assets": "514,870", "Total Liabilities Net Minority Interest": "405,815", "Total Equity Gross Minority Interest": "109,055", "Total Capitalization": "243,055", "Common Stock Equity": "109,055", "Capital Lease Obligations": "17,031", "Net Tangible Assets": "22,527", "Working Capital": "47,683", "Invested Capital": "243,055", "Tangible Book Value": "22,527", "Total Debt": "151,031", "Net Debt": "122,154", "Share Issued": "33,457", "Ordinary Shares Number": "33,457"}, "12/31/2019": {"Duration": "12/31/2019", "Total Assets": "712,668", "Total Liabilities Net Minority Interest": "335,919", "Total Equity Gross Minority Interest": "376,749", "Total Capitalization": "418,749", "Common Stock Equity": "376,749", "Capital Lease Obligations": "20,691", "Net Tangible Assets": "272,709", "Working Capital": "80,688", "Invested Capital": "418,749", "Tangible Book Value": "272,709", "Total Debt": "62,691", "Net Debt": "10,578", "Share Issued": "33,365", "Ordinary Shares Number": "33,365"}, "12/31/2018": {"Duration": "12/31/2018", "Total Assets": "707,373", "Total Liabilities Net Minority Interest": "352,516", "Total Equity Gross Minority Interest": "354,857", "Total Capitalization": "456,357", "Common Stock Equity": "354,857", "Capital Lease Obligations": "-", "Net Tangible Assets": "237,158", "Working Capital": "114,028", "Invested Capital": "456,357", "Tangible Book Value": "237,158", "Total Debt": "101,500", "Net Debt": "67,103", "Share Issued": "33,176", "Ordinary Shares Number": "33,176"}}, "cf": {"TTM": {"Duration": "TTM", "Operating Cash Flow": "74,373", "Investing Cash Flow": "32,881", "Financing Cash Flow": "-125,592", "End Cash Position": "11,846", "Income Tax Paid Supplemental Data": "1,670", "Interest Paid Supplemental Data": "1,679", "Capital Expenditure": "-23,355", "Issuance of Debt": "162,250", "Repayment of Debt": "-70,250", "Repurchase of Capital Stock": "-850", "Free Cash Flow": "51,018"}, "12/31/2020": {"Duration": "12/31/2020", "Operating Cash Flow": "74,373", "Investing Cash Flow": "32,881", "Financing Cash Flow": "-125,592", "End Cash Position": "11,846", "Income Tax Paid Supplemental Data": "1,670", "Interest Paid Supplemental Data": "1,679", "Capital Expenditure": "-23,355", "Issuance of Debt": "162,250", "Repayment of Debt": "-70,250", "Repurchase of Capital Stock": "-850", "Free Cash Flow": "51,018"}, "12/31/2019": {"Duration": "12/31/2019", "Operating Cash Flow": "115,863", "Investing Cash Flow": "-39,928", "Financing Cash Flow": "-77,312", "End Cash Position": "31,422", "Income Tax Paid Supplemental Data": "2,595", "Interest Paid Supplemental Data": "4,358", "Capital Expenditure": "-50,864", "Issuance of Debt": "65,500", "Repayment of Debt": "-125,000", "Repurchase of Capital Stock": "-854", "Free Cash Flow": "64,999"}, "12/31/2018": {"Duration": "12/31/2018", "Operating Cash Flow": "97,794", "Investing Cash Flow": "-34,082", "Financing Cash Flow": "-64,088", "End Cash Position": "34,397", "Income Tax Paid Supplemental Data": "-", "Interest Paid Supplemental Data": "5,421", "Capital Expenditure": "-40,814", "Issuance of Debt": "76,750", "Repayment of Debt": "-127,250", "Repurchase of Capital Stock": "-", "Free Cash Flow": "56,980"}}}}, {"CTB": {"quote": {"04/25/2021": {"value": "57.62", "Market Cap": "2.89B", "Beta (5Y Monthly)": "1.71", "PE Ratio (TTM)": "20.36", "EPS (TTM)": "2.83", "Earnings Date": "May 05, 2021 - May 10, 2021", "Forward Dividend & Yield": "0.42 (0.73%)", "Ex-Dividend Date": "Feb 26, 2021", "1y Target Est": "52.00"}}, "fin": {"TTM": {"Duration": "TTM", "Total Revenue": "2,521,074", "Cost of Revenue": "2,033,260", "Gross Profit": "487,814", "Operating Expense": "244,529", "Operating Income": "243,285", "Net Non Operating Interest Income Expense": "-19,138", "Other Income Expense": "-33,244", "Pretax Income": "190,903", "Tax Provision": "46,999", "Net Income Common Stockholders": "142,789", "Diluted NI Available to Com Stockholders": "142,789", "Basic EPS": "-", "Diluted EPS": "-", "Basic Average Shares": "-", "Diluted Average Shares": "-", "Total Operating Income as Reported": "230,881", "Total Expenses": "2,277,789", "Net Income from Continuing & Discontinued Operation": "142,789", "Normalized Income": "152,142", "Interest Income": "3,569", "Interest Expense": "22,707", "Net Interest Income": "-19,138", "EBIT": "213,610", "EBITDA": "372,457", "Reconciled Cost of Revenue": "2,033,260", "Reconciled Depreciation": "158,847", "Net Income from Continuing Operation Net Minority Interest": "142,789", "Total Unusual Items Excluding Goodwill": "-12,404", "Total Unusual Items": "-12,404", "Normalized EBITDA": "384,861", "Tax Rate for Calcs": "0", "Tax Effect of Unusual Items": "-3,051"}, "12/31/2020": {"Duration": "12/31/2020", "Total Revenue": "2,521,074", "Cost of Revenue": "2,033,260", "Gross Profit": "487,814", "Operating Expense": "244,529", "Operating Income": "243,285", "Net Non Operating Interest Income Expense": "-19,138", "Other Income Expense": "-33,244", "Pretax Income": "190,903", "Tax Provision": "46,999", "Net Income Common Stockholders": "142,789", "Diluted NI Available to Com Stockholders": "142,789", "Basic EPS": "2.84", "Diluted EPS": "2.83", "Basic Average Shares": "50,307", "Diluted Average Shares": "50,505", "Total Operating Income as Reported": "230,881", "Total Expenses": "2,277,789", "Net Income from Continuing & Discontinued Operation": "142,789", "Normalized Income": "152,142", "Interest Income": "3,569", "Interest Expense": "22,707", "Net Interest Income": "-19,138", "EBIT": "213,610", "EBITDA": "-", "Reconciled Cost of Revenue": "2,033,260", "Reconciled Depreciation": "158,847", "Net Income from Continuing Operation Net Minority Interest": "142,789", "Total Unusual Items Excluding Goodwill": "-12,404", "Total Unusual Items": "-12,404", "Normalized EBITDA": "384,861", "Tax Rate for Calcs": "0", "Tax Effect of Unusual Items": "-3,051"}, "12/31/2019": {"Duration": "12/31/2019", "Total Revenue": "2,752,639", "Cost of Revenue": "2,319,349", "Gross Profit": "433,290", "Operating Expense": "250,017", "Operating Income": "183,273", "Net Non Operating Interest Income Expense": "-21,731", "Other Income Expense": "-51,870", "Pretax Income": "109,672", "Tax Provision": "11,355", "Net Income Common Stockholders": "96,404", "Diluted NI Available to Com Stockholders": "96,404", "Basic EPS": "1.92", "Diluted EPS": "1.91", "Basic Average Shares": "50,159", "Diluted Average Shares": "50,378", "Total Operating Income as Reported": "174,455", "Total Expenses": "2,569,366", "Net Income from Continuing & Discontinued Operation": "96,404", "Normalized Income": "104,305", "Interest Income": "9,458", "Interest Expense": "31,189", "Net Interest Income": "-21,731", "EBIT": "140,861", "EBITDA": "-", "Reconciled Cost of Revenue": "2,319,349", "Reconciled Depreciation": "148,054", "Net Income from Continuing Operation Net Minority Interest": "96,404", "Total Unusual Items Excluding Goodwill": "-8,818", "Total Unusual Items": "-8,818", "Normalized EBITDA": "297,733", "Tax Rate for Calcs": "0", "Tax Effect of Unusual Items": "-917.072"}, "12/31/2018": {"Duration": "12/31/2018", "Total Revenue": "2,808,062", "Cost of Revenue": "2,364,769", "Gross Profit": "443,293", "Operating Expense": "244,221", "Operating Income": "199,072", "Net Non Operating Interest Income Expense": "-21,965", "Other Income Expense": "-63,049", "Pretax Income": "114,058", "Tax Provision": "33,495", "Net Income Common Stockholders": "76,586", "Diluted NI Available to Com Stockholders": "76,586", "Basic EPS": "1.52", "Diluted EPS": "1.51", "Basic Average Shares": "50,350", "Diluted Average Shares": "50,597", "Total Operating Income as Reported": "165,245", "Total Expenses": "2,608,990", "Net Income from Continuing & Discontinued Operation": "76,586", "Normalized Income": "100,468", "Interest Income": "10,216", "Interest Expense": "32,181", "Net Interest Income": "-21,965", "EBIT": "146,239", "EBITDA": "-", "Reconciled Cost of Revenue": "2,364,769", "Reconciled Depreciation": "147,161", "Net Income from Continuing Operation Net Minority Interest": "76,586", "Total Unusual Items Excluding Goodwill": "-33,827", "Total Unusual Items": "-33,827", "Normalized EBITDA": "327,227", "Tax Rate for Calcs": "0", "Tax Effect of Unusual Items": "-9,945"}}, "bs": {"12/31/2020": {"Duration": "12/31/2020", "Total Assets": "2,971,573", "Total Liabilities Net Minority Interest": "1,560,982", "Total Equity Gross Minority Interest": "1,410,591", "Total Capitalization": "1,701,832", "Common Stock Equity": "1,388,899", "Capital Lease Obligations": "101,901", "Net Tangible Assets": "1,274,672", "Working Capital": "934,105", "Invested Capital": "1,735,983", "Tangible Book Value": "1,274,672", "Total Debt": "448,985", "Share Issued": "87,850", "Ordinary Shares Number": "50,396", "Treasury Shares Number": "37,454"}, "12/31/2019": {"Duration": "12/31/2019", "Total Assets": "2,802,338", "Total Liabilities Net Minority Interest": "1,474,605", "Total Equity Gross Minority Interest": "1,327,733", "Total Capitalization": "1,573,773", "Common Stock Equity": "1,264,625", "Capital Lease Obligations": "83,034", "Net Tangible Assets": "1,134,418", "Working Capital": "848,906", "Invested Capital": "1,596,334", "Tangible Book Value": "1,134,418", "Total Debt": "414,743", "Share Issued": "87,850", "Ordinary Shares Number": "50,203", "Treasury Shares Number": "37,647"}, "12/31/2018": {"Duration": "12/31/2018", "Total Assets": "2,634,205", "Total Liabilities Net Minority Interest": "1,401,762", "Total Equity Gross Minority Interest": "1,232,443", "Total Capitalization": "1,293,327", "Common Stock Equity": "1,172,043", "Capital Lease Obligations": "-", "Net Tangible Assets": "1,032,871", "Working Capital": "696,388", "Invested Capital": "1,483,375", "Tangible Book Value": "1,032,871", "Total Debt": "311,332", "Share Issued": "87,850", "Ordinary Shares Number": "50,074", "Treasury Shares Number": "37,777"}}, "cf": {"TTM": {"Duration": "TTM", "Operating Cash Flow": "459,139", "Investing Cash Flow": "-151,052", "Financing Cash Flow": "-73,443", "End Cash Position": "649,505", "Capital Expenditure": "-151,198", "Issuance of Capital Stock": "2,638", "Issuance of Debt": "356,152", "Repayment of Debt": "-347,839", "Repurchase of Capital Stock": "0", "Free Cash Flow": "307,941"}, "12/31/2020": {"Duration": "12/31/2020", "Operating Cash Flow": "459,139", "Investing Cash Flow": "-151,052", "Financing Cash Flow": "-73,443", "End Cash Position": "649,505", "Capital Expenditure": "-151,198", "Issuance of Capital Stock": "2,638", "Issuance of Debt": "356,152", "Repayment of Debt": "-347,839", "Repurchase of Capital Stock": "0", "Free Cash Flow": "307,941"}, "12/31/2019": {"Duration": "12/31/2019", "Operating Cash Flow": "290,593", "Investing Cash Flow": "-251,604", "Financing Cash Flow": "-4,662", "End Cash Position": "413,125", "Capital Expenditure": "-202,722", "Issuance of Capital Stock": "232", "Issuance of Debt": "212,296", "Repayment of Debt": "-192,539", "Repurchase of Capital Stock": "0", "Free Cash Flow": "87,871"}, "12/31/2018": {"Duration": "12/31/2018", "Operating Cash Flow": "254,303", "Investing Cash Flow": "-193,139", "Financing Cash Flow": "-75,778", "End Cash Position": "378,246", "Capital Expenditure": "-193,299", "Issuance of Capital Stock": "306", "Issuance of Debt": "-", "Repayment of Debt": "-1,395", "Repurchase of Capital Stock": "-30,183", "Free Cash Flow": "61,004"}}}}, {"CXDC": {"quote": {"04/25/2021": {"value": "1.0250", "Market Cap": "71.96M", "Beta (5Y Monthly)": "0.84", "PE Ratio (TTM)": "N/A", "EPS (TTM)": "-1.2090", "Earnings Date": "Nov 16, 2020", "Forward Dividend & Yield": "N/A (N/A)", "Ex-Dividend Date": "N/A", "1y Target Est": "N/A"}}, "fin": {"TTM": {"Duration": "TTM", "Total Revenue": "1,028,622", "Cost of Revenue": "905,239", "Gross Profit": "123,383", "Operating Expense": "134,094", "Operating Income": "-10,711", "Net Non Operating Interest Income Expense": "-76,292", "Other Income Expense": "-6,739", "Pretax Income": "-93,741", "Tax Provision": "2,797", "Net Income Common Stockholders": "-81,267", "Diluted NI Available to Com Stockholders": "-81,267", "Basic EPS": "-", "Diluted EPS": "-", "Basic Average Shares": "-", "Diluted Average Shares": "-", "Total Operating Income as Reported": "-29,402", "Total Expenses": "1,039,333", "Net Income from Continuing & Discontinued Operation": "-96,697", "Normalized Income": "-91,643", "Interest Income": "1,112", "Interest Expense": "77,404", "Net Interest Income": "-76,292", "EBIT": "-16,337", "EBITDA": "-16,337", "Reconciled Cost of Revenue": "905,239", "Reconciled Depreciation": "-", "Net Income from Continuing Operation Net Minority Interest": "-96,697", "Total Unusual Items Excluding Goodwill": "-6,739", "Total Unusual Items": "-6,739", "Normalized EBITDA": "-9,598", "Tax Rate for Calcs": "0", "Tax Effect of Unusual Items": "-1,685"}, "12/31/2019": {"Duration": "12/31/2019", "Total Revenue": "1,448,205", "Cost of Revenue": "1,228,809", "Gross Profit": "219,396", "Operating Expense": "139,844", "Operating Income": "79,552", "Net Non Operating Interest Income Expense": "-65,866", "Other Income Expense": "3,406", "Pretax Income": "17,092", "Tax Provision": "14,037", "Net Income Common Stockholders": "2,519", "Diluted NI Available to Com Stockholders": "2,519", "Basic EPS": "0.05", "Diluted EPS": "0.05", "Basic Average Shares": "61,110", "Diluted Average Shares": "61,110", "Total Operating Income as Reported": "69,419", "Total Expenses": "1,368,653", "Net Income from Continuing & Discontinued Operation": "3,055", "Normalized Income": "501.1078", "Interest Income": "1,377", "Interest Expense": "67,243", "Net Interest Income": "-65,866", "EBIT": "84,335", "EBITDA": "-", "Reconciled Cost of Revenue": "1,228,809", "Reconciled Depreciation": "60,663", "Net Income from Continuing Operation Net Minority Interest": "3,055", "Total Unusual Items Excluding Goodwill": "3,406", "Total Unusual Items": "3,406", "Normalized EBITDA": "141,592", "Tax Rate for Calcs": "0", "Tax Effect of Unusual Items": "851.4568"}, "12/31/2018": {"Duration": "12/31/2018", "Total Revenue": "1,274,833", "Cost of Revenue": "1,055,220", "Gross Profit": "219,613", "Operating Expense": "101,507", "Operating Income": "118,106", "Net Non Operating Interest Income Expense": "-47,055", "Other Income Expense": "4,975", "Pretax Income": "76,027", "Tax Provision": "7,713", "Net Income Common Stockholders": "51,734", "Diluted NI Available to Com Stockholders": "51,734", "Basic EPS": "1.03", "Diluted EPS": "1.03", "Basic Average Shares": "50,290", "Diluted Average Shares": "50,290", "Total Operating Income as Reported": "111,982", "Total Expenses": "1,156,727", "Net Income from Continuing & Discontinued Operation": "68,313", "Normalized Income": "63,841", "Interest Income": "3,977", "Interest Expense": "51,032", "Net Interest Income": "-47,055", "EBIT": "127,058", "EBITDA": "-", "Reconciled Cost of Revenue": "1,055,220", "Reconciled Depreciation": "46,282", "Net Income from Continuing Operation Net Minority Interest": "68,313", "Total Unusual Items Excluding Goodwill": "4,975", "Total Unusual Items": "4,975", "Normalized EBITDA": "168,365", "Tax Rate for Calcs": "0", "Tax Effect of Unusual Items": "502.4968"}}, "bs": {"12/31/2019": {"Duration": "12/31/2019", "Total Assets": "2,635,882", "Total Liabilities Net Minority Interest": "1,799,508", "Total Equity Gross Minority Interest": "836,374", "Total Capitalization": "1,158,831", "Preferred Stock Equity": "0.1", "Common Stock Equity": "836,374", "Capital Lease Obligations": "15,818", "Net Tangible Assets": "836,374", "Working Capital": "-14,092", "Invested Capital": "1,839,005", "Tangible Book Value": "836,374", "Total Debt": "1,018,449", "Net Debt": "985,429", "Share Issued": "66,970", "Ordinary Shares Number": "66,949", "Preferred Shares Number": "1,000", "Treasury Shares Number": "21"}, "12/31/2018": {"Duration": "12/31/2018", "Total Assets": "2,753,519", "Total Liabilities Net Minority Interest": "1,907,025", "Total Equity Gross Minority Interest": "846,494", "Total Capitalization": "958,302", "Preferred Stock Equity": "97,577", "Common Stock Equity": "748,917", "Capital Lease Obligations": "-", "Net Tangible Assets": "816,697", "Working Capital": "-180,128", "Invested Capital": "1,590,392", "Tangible Book Value": "719,121", "Total Debt": "841,475", "Net Debt": "800,173", "Share Issued": "50,970", "Ordinary Shares Number": "50,949", "Preferred Shares Number": "1,000", "Treasury Shares Number": "21"}}, "cf": {"TTM": {"Duration": "TTM", "Operating Cash Flow": "-241,470", "Investing Cash Flow": "-315,512", "Financing Cash Flow": "499,092", "End Cash Position": "177,266", "Income Tax Paid Supplemental Data": "6,923", "Interest Paid Supplemental Data": "68,923", "Capital Expenditure": "-120,434", "Issuance of Debt": "1,311,230", "Repayment of Debt": "-849,610", "Free Cash Flow": "-361,904"}, "12/31/2019": {"Duration": "12/31/2019", "Operating Cash Flow": "-189,928", "Investing Cash Flow": "-130,123", "Financing Cash Flow": "185,869", "End Cash Position": "228,433", "Income Tax Paid Supplemental Data": "10,446", "Interest Paid Supplemental Data": "64,647", "Capital Expenditure": "-154,116", "Issuance of Debt": "2,230,043", "Repayment of Debt": "-2,048,520", "Free Cash Flow": "-344,044"}, "12/31/2018": {"Duration": "12/31/2018", "Operating Cash Flow": "61,393", "Investing Cash Flow": "-1,676", "Financing Cash Flow": "2,219", "End Cash Position": "366,992", "Income Tax Paid Supplemental Data": "17,983", "Interest Paid Supplemental Data": "43,665", "Capital Expenditure": "-429,206", "Issuance of Debt": "1,238,948", "Repayment of Debt": "-1,255,215", "Free Cash Flow": "-367,813"}}}}, {"CTIB": {"quote": {"04/25/2021": {"value": "1.8500", "Market Cap": "10.89M", "Beta (5Y Monthly)": "0.71", "PE Ratio (TTM)": "N/A", "EPS (TTM)": "-1.8640", "Earnings Date": "Nov 23, 2020", "Forward Dividend & Yield": "N/A (N/A)", "Ex-Dividend Date": "Jul 14, 2011", "1y Target Est": "N/A"}}, "fin": {"TTM": {"Duration": "TTM", "Total Revenue": "26,473", "Cost of Revenue": "22,921", "Gross Profit": "3,552", "Operating Expense": "5,007", "Operating Income": "-1,456", "Net Non Operating Interest Income Expense": "-1,269", "Other Income Expense": "-185.608", "Pretax Income": "-2,911", "Tax Provision": "-403.074", "Net Income Common Stockholders": "-8,770", "Diluted NI Available to Com Stockholders": "-8,770", "Basic EPS": "-", "Diluted EPS": "-", "Basic Average Shares": "-", "Diluted Average Shares": "-", "Total Operating Income as Reported": "-1,410", "Total Expenses": "27,928", "Net Income from Continuing & Discontinued Operation": "-4,389", "Normalized Income": "-3,503", "Interest Income": "-", "Interest Expense": "1,269", "Net Interest Income": "-1,269", "EBIT": "-1,641", "EBITDA": "-1,169", "Reconciled Cost of Revenue": "22,921", "Reconciled Depreciation": "472.337", "Net Income from Continuing Operation Net Minority Interest": "-2,646", "Total Unusual Items Excluding Goodwill": "994.693", "Total Unusual Items": "994.693", "Normalized EBITDA": "-2,164", "Tax Rate for Calcs": "0", "Tax Effect of Unusual Items": "137.7427"}, "12/31/2020": {"Duration": "12/31/2020", "Total Revenue": "26,473", "Cost of Revenue": "22,921", "Gross Profit": "3,552", "Operating Expense": "5,007", "Operating Income": "-1,456", "Net Non Operating Interest Income Expense": "-1,269", "Other Income Expense": "-185.608", "Pretax Income": "-2,911", "Tax Provision": "-403.074", "Net Income Common Stockholders": "-8,770", "Diluted NI Available to Com Stockholders": "-8,770", "Basic EPS": "-", "Diluted EPS": "-", "Basic Average Shares": "-", "Diluted Average Shares": "-", "Total Operating Income as Reported": "-1,410", "Total Expenses": "27,928", "Net Income from Continuing & Discontinued Operation": "-4,389", "Normalized Income": "-3,503", "Interest Income": "-", "Interest Expense": "1,269", "Net Interest Income": "-1,269", "EBIT": "-1,641", "EBITDA": "-", "Reconciled Cost of Revenue": "22,921", "Reconciled Depreciation": "472.337", "Net Income from Continuing Operation Net Minority Interest": "-2,646", "Total Unusual Items Excluding Goodwill": "994.693", "Total Unusual Items": "994.693", "Normalized EBITDA": "-2,164", "Tax Rate for Calcs": "0", "Tax Effect of Unusual Items": "137.7427"}, "12/31/2019": {"Duration": "12/31/2019", "Total Revenue": "40,537", "Cost of Revenue": "34,216", "Gross Profit": "6,321", "Operating Expense": "7,163", "Operating Income": "-841.884", "Net Non Operating Interest Income Expense": "-2,028", "Other Income Expense": "-1,856", "Pretax Income": "-4,726", "Tax Provision": "135.094", "Net Income Common Stockholders": "-7,127", "Diluted NI Available to Com Stockholders": "-7,127", "Basic EPS": "-2.10", "Diluted EPS": "-2.10", "Basic Average Shares": "3,836", "Diluted Average Shares": "3,836", "Total Operating Income as Reported": "-2,006", "Total Expenses": "41,379", "Net Income from Continuing & Discontinued Operation": "-7,127", "Normalized Income": "-3,055", "Interest Income": "-", "Interest Expense": "2,028", "Net Interest Income": "-2,028", "EBIT": "-2,698", "EBITDA": "-", "Reconciled Cost of Revenue": "34,216", "Reconciled Depreciation": "1,150", "Net Income from Continuing Operation Net Minority Interest": "-3,914", "Total Unusual Items Excluding Goodwill": "-1,176", "Total Unusual Items": "-1,176", "Normalized EBITDA": "-371.921", "Tax Rate for Calcs": "0", "Tax Effect of Unusual Items": "-317.5165"}, "12/31/2018": {"Duration": "12/31/2018", "Total Revenue": "55,591", "Cost of Revenue": "44,162", "Gross Profit": "11,429", "Operating Expense": "12,068", "Operating Income": "-638.579", "Net Non Operating Interest Income Expense": "-2,084", "Other Income Expense": "-78.975", "Pretax Income": "-2,802", "Tax Provision": "936.706", "Net Income Common Stockholders": "-3,586", "Diluted NI Available to Com Stockholders": "-3,586", "Basic EPS": "-1.00", "Diluted EPS": "-1.00", "Basic Average Shares": "3,579", "Diluted Average Shares": "3,579", "Total Operating Income as Reported": "-764.473", "Total Expenses": "56,230", "Net Income from Continuing & Discontinued Operation": "-3,586", "Normalized Income": "-3,689", "Interest Income": "21.763", "Interest Expense": "2,106", "Net Interest Income": "-2,084", "EBIT": "-695.791", "EBITDA": "-", "Reconciled Cost of Revenue": "44,162", "Reconciled Depreciation": "1,264", "Net Income from Continuing Operation Net Minority Interest": "-3,586", "Total Unusual Items Excluding Goodwill": "141.025", "Total Unusual Items": "141.025", "Normalized EBITDA": "427.608", "Tax Rate for Calcs": "0", "Tax Effect of Unusual Items": "38.0768"}}, "bs": {"12/31/2020": {"Duration": "12/31/2020", "Total Assets": "21,551", "Total Liabilities Net Minority Interest": "20,363", "Total Equity Gross Minority Interest": "1,187", "Total Capitalization": "1,906", "Preferred Stock Equity": "2,755", "Common Stock Equity": "-848.884", "Capital Lease Obligations": "361.72", "Net Tangible Assets": "1,906", "Working Capital": "364.033", "Invested Capital": "9,560", "Tangible Book Value": "-848.884", "Total Debt": "10,771", "Net Debt": "9,979", "Share Issued": "5,827", "Ordinary Shares Number": "5,784", "Treasury Shares Number": "43.658"}, "12/31/2019": {"Duration": "12/31/2019", "Total Assets": "31,321", "Total Liabilities Net Minority Interest": "30,195", "Total Equity Gross Minority Interest": "1,127", "Total Capitalization": "4,081", "Preferred Stock Equity": "-", "Common Stock Equity": "1,983", "Capital Lease Obligations": "1,046", "Net Tangible Assets": "1,983", "Working Capital": "100.311", "Invested Capital": "22,063", "Tangible Book Value": "1,983", "Total Debt": "21,126", "Net Debt": "19,235", "Share Issued": "3,880", "Ordinary Shares Number": "3,836", "Treasury Shares Number": "43.658"}, "12/31/2018": {"Duration": "12/31/2018", "Total Assets": "38,761", "Total Liabilities Net Minority Interest": "32,505", "Total Equity Gross Minority Interest": "6,256", "Total Capitalization": "9,524", "Preferred Stock Equity": "-", "Common Stock Equity": "7,328", "Capital Lease Obligations": "0", "Net Tangible Assets": "5,855", "Working Capital": "2,802", "Invested Capital": "31,187", "Tangible Book Value": "5,855", "Total Debt": "23,858", "Net Debt": "23,430", "Share Issued": "3,579", "Ordinary Shares Number": "3,535", "Treasury Shares Number": "43.658"}}, "cf": {"TTM": {"Duration": "TTM", "Operating Cash Flow": "1,752", "Investing Cash Flow": "-202.203", "Financing Cash Flow": "-1,385", "End Cash Position": "624.953", "Income Tax Paid Supplemental Data": "-", "Interest Paid Supplemental Data": "1,269", "Capital Expenditure": "-202.203", "Issuance of Capital Stock": "6,927", "Issuance of Debt": "2,291", "Repayment of Debt": "-10,995", "Free Cash Flow": "1,550"}, "12/31/2020": {"Duration": "12/31/2020", "Operating Cash Flow": "1,752", "Investing Cash Flow": "-202.203", "Financing Cash Flow": "-1,385", "End Cash Position": "624.953", "Income Tax Paid Supplemental Data": "-", "Interest Paid Supplemental Data": "1,269", "Capital Expenditure": "-202.203", "Issuance of Capital Stock": "6,927", "Issuance of Debt": "2,291", "Repayment of Debt": "-10,995", "Free Cash Flow": "1,550"}, "12/31/2019": {"Duration": "12/31/2019", "Operating Cash Flow": "3,667", "Investing Cash Flow": "-80.472", "Financing Cash Flow": "-3,587", "End Cash Position": "849.404", "Income Tax Paid Supplemental Data": "0", "Interest Paid Supplemental Data": "2,098", "Capital Expenditure": "-80.472", "Issuance of Capital Stock": "0", "Issuance of Debt": "650", "Repayment of Debt": "-4,091", "Free Cash Flow": "3,586"}, "12/31/2018": {"Duration": "12/31/2018", "Operating Cash Flow": "-1,228", "Investing Cash Flow": "-459.542", "Financing Cash Flow": "2,445", "End Cash Position": "428.15", "Income Tax Paid Supplemental Data": "165", "Interest Paid Supplemental Data": "2,012", "Capital Expenditure": "-459.542", "Issuance of Capital Stock": "63.6", "Issuance of Debt": "-", "Repayment of Debt": "-1,075", "Free Cash Flow": "-1,687"}}}}, {"DSWL": {"quote": {"04/25/2021": {"value": "3.8000", "Market Cap": "60.631M", "Beta (5Y Monthly)": "0.33", "PE Ratio (TTM)": "N/A", "EPS (TTM)": "-0.0650", "Earnings Date": "Nov 10, 2020", "Forward Dividend & Yield": "0.18 (4.75%)", "Ex-Dividend Date": "Nov 20, 2020", "1y Target Est": "7.75"}}, "fin": {"TTM": {"Duration": "TTM", "Total Revenue": "55,345", "Cost of Revenue": "44,430", "Gross Profit": "10,915", "Operating Expense": "9,223", "Operating Income": "1,692", "Net Non Operating Interest Income Expense": "218", "Other Income Expense": "-2,469", "Pretax Income": "-559", "Tax Provision": "478", "Net Income Common Stockholders": "-1,037", "Diluted NI Available to Com Stockholders": "-1,037", "Basic EPS": "-", "Diluted EPS": "-", "Basic Average Shares": "-", "Diluted Average Shares": "-", "Total Operating Income as Reported": "1,216", "Total Expenses": "53,653", "Net Income from Continuing & Discontinued Operation": "-1,037", "Normalized Income": "-1,037", "Interest Income": "218", "Net Interest Income": "218", "EBIT": "1,692", "EBITDA": "3,546", "Reconciled Cost of Revenue": "44,430", "Reconciled Depreciation": "1,854", "Net Income from Continuing Operation Net Minority Interest": "-1,037", "Total Unusual Items Excluding Goodwill": "-4,577", "Total Unusual Items": "-4,577", "Normalized EBITDA": "3,546", "Tax Rate for Calcs": "0", "Tax Effect of Unusual Items": "0"}, "3/31/2020": {"Duration": "3/31/2020", "Total Revenue": "65,368", "Cost of Revenue": "53,504", "Gross Profit": "11,864", "Operating Expense": "9,975", "Operating Income": "1,889", "Net Non Operating Interest Income Expense": "218", "Other Income Expense": "-3,054", "Pretax Income": "-947", "Tax Provision": "373", "Net Income Common Stockholders": "-1,320", "Diluted NI Available to Com Stockholders": "-1,320", "Basic EPS": "-0.08", "Diluted EPS": "-0.08", "Basic Average Shares": "15,914", "Diluted Average Shares": "16,020", "Total Operating Income as Reported": "1,413", "Total Expenses": "63,479", "Net Income from Continuing & Discontinued Operation": "-1,320", "Normalized Income": "2,113", "Interest Income": "218", "Net Interest Income": "218", "EBIT": "1,889", "EBITDA": "-", "Reconciled Cost of Revenue": "53,504", "Reconciled Depreciation": "1,973", "Net Income from Continuing Operation Net Minority Interest": "-1,320", "Total Unusual Items Excluding Goodwill": "-4,577", "Total Unusual Items": "-4,577", "Normalized EBITDA": "8,439", "Tax Rate for Calcs": "0", "Tax Effect of Unusual Items": "-1,144"}, "3/31/2019": {"Duration": "3/31/2019", "Total Revenue": "66,581", "Cost of Revenue": "56,311", "Gross Profit": "10,270", "Operating Expense": "9,633", "Operating Income": "637", "Net Non Operating Interest Income Expense": "184", "Other Income Expense": "3,596", "Pretax Income": "4,417", "Tax Provision": "144", "Net Income Common Stockholders": "4,273", "Diluted NI Available to Com Stockholders": "4,273", "Basic EPS": "0.27", "Diluted EPS": "0.27", "Basic Average Shares": "15,885", "Diluted Average Shares": "16,059", "Total Operating Income as Reported": "533", "Total Expenses": "65,944", "Net Income from Continuing & Discontinued Operation": "4,273", "Normalized Income": "2,076", "Interest Income": "184", "Net Interest Income": "184", "EBIT": "637", "EBITDA": "-", "Reconciled Cost of Revenue": "56,311", "Reconciled Depreciation": "2,114", "Net Income from Continuing Operation Net Minority Interest": "4,273", "Total Unusual Items Excluding Goodwill": "2,271", "Total Unusual Items": "2,271", "Normalized EBITDA": "480", "Tax Rate for Calcs": "0", "Tax Effect of Unusual Items": "74.0376"}}, "bs": {"3/31/2020": {"Duration": "3/31/2020", "Total Assets": "95,379", "Total Liabilities Net Minority Interest": "15,057", "Total Equity Gross Minority Interest": "80,322", "Total Capitalization": "80,322", "Common Stock Equity": "80,322", "Net Tangible Assets": "80,322", "Working Capital": "51,063", "Invested Capital": "80,322", "Tangible Book Value": "80,322", "Share Issued": "17,062", "Ordinary Shares Number": "15,915", "Treasury Shares Number": "1,147"}, "3/31/2019": {"Duration": "3/31/2019", "Total Assets": "100,169", "Total Liabilities Net Minority Interest": "16,205", "Total Equity Gross Minority Interest": "83,964", "Total Capitalization": "83,964", "Common Stock Equity": "83,964", "Net Tangible Assets": "83,964", "Working Capital": "54,412", "Invested Capital": "83,964", "Tangible Book Value": "83,964", "Share Issued": "17,032", "Ordinary Shares Number": "15,885", "Treasury Shares Number": "1,147"}}, "cf": {"TTM": {"Duration": "TTM", "Operating Cash Flow": "14,182", "Investing Cash Flow": "-5,162", "Financing Cash Flow": "-2,704", "End Cash Position": "19,439", "Income Tax Paid Supplemental Data": "181", "Interest Paid Supplemental Data": "0", "Capital Expenditure": "-322", "Repurchase of Capital Stock": "-", "Free Cash Flow": "13,860"}, "3/31/2020": {"Duration": "3/31/2020", "Operating Cash Flow": "13,121", "Investing Cash Flow": "-2,656", "Financing Cash Flow": "-2,322", "End Cash Position": "22,514", "Income Tax Paid Supplemental Data": "160", "Interest Paid Supplemental Data": "0", "Capital Expenditure": "-507", "Repurchase of Capital Stock": "-", "Free Cash Flow": "12,614"}, "3/31/2019": {"Duration": "3/31/2019", "Operating Cash Flow": "2,166", "Investing Cash Flow": "-1,399", "Financing Cash Flow": "-1,588", "End Cash Position": "14,371", "Income Tax Paid Supplemental Data": "149", "Interest Paid Supplemental Data": "0", "Capital Expenditure": "-878", "Repurchase of Capital Stock": "0", "Free Cash Flow": "1,288"}}}}, {"GLGI": {"quote": {"04/25/2021": {"value": "1.2200", "Market Cap": "34.884M", "Beta (5Y Monthly)": "1.86", "PE Ratio (TTM)": "9.04", "EPS (TTM)": "0.1350", "Earnings Date": "Jan 19, 2021", "Forward Dividend & Yield": "N/A (N/A)", "Ex-Dividend Date": "N/A", "1y Target Est": "N/A"}}, "fin": {"TTM": {"Duration": "TTM", "Total Revenue": "65,901", "Cost of Revenue": "54,429", "Gross Profit": "11,472", "Operating Expense": "4,825", "Operating Income": "6,647", "Net Non Operating Interest Income Expense": "-1,295", "Other Income Expense": "27.498", "Pretax Income": "5,379", "Tax Provision": "659", "Net Income Common Stockholders": "4,122", "Average Dilution Earnings": "-", "Diluted NI Available to Com Stockholders": "4,765", "Basic EPS": "-", "Diluted EPS": "-", "Basic Average Shares": "-", "Diluted Average Shares": "-", "Total Operating Income as Reported": "6,647", "Total Expenses": "59,254", "Net Income from Continuing & Discontinued Operation": "4,450", "Normalized Income": "4,450", "Interest Expense": "1,295", "Net Interest Income": "-1,295", "EBIT": "6,674", "EBITDA": "12,440", "Reconciled Cost of Revenue": "54,429", "Reconciled Depreciation": "5,766", "Net Income from Continuing Operation Net Minority Interest": "4,450", "Normalized EBITDA": "12,440", "Tax Rate for Calcs": "0", "Tax Effect of Unusual Items": "0"}, "5/31/2020": {"Duration": "5/31/2020", "Total Revenue": "76,205", "Cost of Revenue": "64,722", "Gross Profit": "11,483", "Operating Expense": "4,624", "Operating Income": "6,859", "Net Non Operating Interest Income Expense": "-1,705", "Other Income Expense": "17.68", "Pretax Income": "5,172", "Tax Provision": "209", "Net Income Common Stockholders": "4,302", "Average Dilution Earnings": "398.836", "Diluted NI Available to Com Stockholders": "4,700", "Basic EPS": "0.15", "Diluted EPS": "0.15", "Basic Average Shares": "28,361", "Diluted Average Shares": "32,344", "Total Operating Income as Reported": "6,859", "Total Expenses": "69,345", "Net Income from Continuing & Discontinued Operation": "4,700", "Normalized Income": "4,700", "Interest Expense": "1,705", "Net Interest Income": "-1,705", "EBIT": "6,877", "EBITDA": "-", "Reconciled Cost of Revenue": "64,722", "Reconciled Depreciation": "5,281", "Net Income from Continuing Operation Net Minority Interest": "4,700", "Normalized EBITDA": "12,158", "Tax Rate for Calcs": "0", "Tax Effect of Unusual Items": "0"}, "5/31/2019": {"Duration": "5/31/2019", "Total Revenue": "71,077", "Cost of Revenue": "62,837", "Gross Profit": "8,240", "Operating Expense": "3,922", "Operating Income": "4,318", "Net Non Operating Interest Income Expense": "-1,836", "Other Income Expense": "11.56", "Pretax Income": "2,493", "Tax Provision": "435.677", "Net Income Common Stockholders": "1,377", "Average Dilution Earnings": "-", "Diluted NI Available to Com Stockholders": "1,377", "Basic EPS": "0.05", "Diluted EPS": "0.05", "Basic Average Shares": "28,361", "Diluted Average Shares": "29,009", "Total Operating Income as Reported": "4,318", "Total Expenses": "66,759", "Net Income from Continuing & Discontinued Operation": "1,805", "Normalized Income": "1,805", "Interest Expense": "1,836", "Net Interest Income": "-1,836", "EBIT": "4,329", "EBITDA": "-", "Reconciled Cost of Revenue": "62,837", "Reconciled Depreciation": "4,534", "Net Income from Continuing Operation Net Minority Interest": "1,805", "Normalized EBITDA": "8,863", "Tax Rate for Calcs": "0", "Tax Effect of Unusual Items": "0"}, "5/31/2018": {"Duration": "5/31/2018", "Total Revenue": "48,609", "Cost of Revenue": "41,570", "Gross Profit": "7,039", "Operating Expense": "3,034", "Operating Income": "4,005", "Net Non Operating Interest Income Expense": "-1,373", "Other Income Expense": "12.144", "Pretax Income": "2,643", "Tax Provision": "772.38", "Net Income Common Stockholders": "1,240", "Average Dilution Earnings": "-", "Diluted NI Available to Com Stockholders": "1,240", "Basic EPS": "0.04", "Diluted EPS": "0.04", "Basic Average Shares": "28,361", "Diluted Average Shares": "28,993", "Total Operating Income as Reported": "4,005", "Total Expenses": "44,604", "Net Income from Continuing & Discontinued Operation": "1,624", "Normalized Income": "1,624", "Interest Expense": "1,373", "Net Interest Income": "-1,373", "EBIT": "4,017", "EBITDA": "-", "Reconciled Cost of Revenue": "41,570", "Reconciled Depreciation": "3,686", "Net Income from Continuing Operation Net Minority Interest": "1,624", "Normalized EBITDA": "7,703", "Tax Rate for Calcs": "0", "Tax Effect of Unusual Items": "0"}}, "bs": {"5/31/2020": {"Duration": "5/31/2020", "Total Assets": "46,458", "Total Liabilities Net Minority Interest": "38,299", "Total Equity Gross Minority Interest": "8,160", "Total Capitalization": "25,316", "Preferred Stock Equity": "0.005", "Common Stock Equity": "6,987", "Capital Lease Obligations": "5,637", "Net Tangible Assets": "6,987", "Working Capital": "-3,001", "Invested Capital": "29,733", "Tangible Book Value": "6,987", "Total Debt": "28,383", "Net Debt": "21,614", "Share Issued": "28,361", "Ordinary Shares Number": "28,361", "Preferred Shares Number": "50"}, "5/31/2019": {"Duration": "5/31/2019", "Total Assets": "42,986", "Total Liabilities Net Minority Interest": "39,175", "Total Equity Gross Minority Interest": "3,811", "Total Capitalization": "22,314", "Preferred Stock Equity": "0.005", "Common Stock Equity": "2,685", "Capital Lease Obligations": "6,755", "Net Tangible Assets": "2,685", "Working Capital": "-2,894", "Invested Capital": "25,345", "Tangible Book Value": "2,685", "Total Debt": "29,415", "Net Debt": "21,404", "Share Issued": "28,361", "Ordinary Shares Number": "28,361", "Preferred Shares Number": "50"}, "5/31/2018": {"Duration": "5/31/2018", "Total Assets": "34,050", "Total Liabilities Net Minority Interest": "31,656", "Total Equity Gross Minority Interest": "2,393", "Total Capitalization": "18,144", "Preferred Stock Equity": "0.005", "Common Stock Equity": "1,308", "Capital Lease Obligations": "3,894", "Net Tangible Assets": "1,308", "Working Capital": "-3,900", "Invested Capital": "20,469", "Tangible Book Value": "1,308", "Total Debt": "23,054", "Net Debt": "18,781", "Share Issued": "28,361", "Ordinary Shares Number": "28,361", "Preferred Shares Number": "50"}}, "cf": {"TTM": {"Duration": "TTM", "Operating Cash Flow": "7,636", "Investing Cash Flow": "-4,850", "Financing Cash Flow": "-3,359", "End Cash Position": "583.11", "Interest Paid Supplemental Data": "-", "Capital Expenditure": "-4,850", "Issuance of Debt": "7,431", "Repayment of Debt": "-10,234", "Free Cash Flow": "2,785"}, "5/31/2020": {"Duration": "5/31/2020", "Operating Cash Flow": "8,634", "Investing Cash Flow": "-6,285", "Financing Cash Flow": "-2,473", "End Cash Position": "1,132", "Interest Paid Supplemental Data": "-", "Capital Expenditure": "-6,285", "Issuance of Debt": "9,033", "Repayment of Debt": "-10,860", "Free Cash Flow": "2,349"}, "5/31/2019": {"Duration": "5/31/2019", "Operating Cash Flow": "6,822", "Investing Cash Flow": "-6,048", "Financing Cash Flow": "102.58", "End Cash Position": "1,255", "Interest Paid Supplemental Data": "-", "Capital Expenditure": "-7,017", "Issuance of Debt": "9,593", "Repayment of Debt": "-8,921", "Free Cash Flow": "-194.972"}, "5/31/2018": {"Duration": "5/31/2018", "Operating Cash Flow": "8,062", "Investing Cash Flow": "-6,707", "Financing Cash Flow": "-1,554", "End Cash Position": "379.632", "Interest Paid Supplemental Data": "-", "Capital Expenditure": "-6,710", "Issuance of Debt": "4,757", "Repayment of Debt": "-5,664", "Free Cash Flow": "1,352"}}}}, {"MYE": {"quote": {"04/25/2021": {"value": "21.78", "Market Cap": "780.61M", "Beta (5Y Monthly)": "1.46", "PE Ratio (TTM)": "21.35", "EPS (TTM)": "1.02", "Earnings Date": "May 06, 2021", "Forward Dividend & Yield": "0.54 (2.48%)", "Ex-Dividend Date": "Mar 17, 2021", "1y Target Est": "24.33"}}, "fin": {"TTM": {"Duration": "TTM", "Total Revenue": "510,369", "Cost of Revenue": "338,409", "Gross Profit": "171,960", "Operating Expense": "118,407", "Operating Income": "53,553", "Net Non Operating Interest Income Expense": "-4,688", "Other Income Expense": "-3", "Pretax Income": "48,862", "Tax Provision": "12,093", "Net Income Common Stockholders": "36,769", "Diluted NI Available to Com Stockholders": "36,769", "Basic EPS": "-", "Diluted EPS": "-", "Basic Average Shares": "-", "Diluted Average Shares": "-", "Total Operating Income as Reported": "53,550", "Total Expenses": "456,816", "Net Income from Continuing & Discontinued Operation": "36,769", "Normalized Income": "36,771", "Interest Income": "209", "Interest Expense": "4,497", "Net Interest Income": "-4,688", "EBIT": "53,359", "EBITDA": "74,289", "Reconciled Cost of Revenue": "338,409", "Reconciled Depreciation": "20,930", "Net Income from Continuing Operation Net Minority Interest": "36,769", "Total Unusual Items Excluding Goodwill": "-3", "Total Unusual Items": "-3", "Normalized EBITDA": "74,292", "Tax Rate for Calcs": "0", "Tax Effect of Unusual Items": "-0.741"}, "12/31/2020": {"Duration": "12/31/2020", "Total Revenue": "510,369", "Cost of Revenue": "338,409", "Gross Profit": "171,960", "Operating Expense": "118,407", "Operating Income": "53,553", "Net Non Operating Interest Income Expense": "-4,688", "Other Income Expense": "-3", "Pretax Income": "48,862", "Tax Provision": "12,093", "Net Income Common Stockholders": "36,769", "Diluted NI Available to Com Stockholders": "36,769", "Basic EPS": "-", "Diluted EPS": "-", "Basic Average Shares": "-", "Diluted Average Shares": "-", "Total Operating Income as Reported": "53,550", "Total Expenses": "456,816", "Net Income from Continuing & Discontinued Operation": "36,769", "Normalized Income": "36,771", "Interest Income": "209", "Interest Expense": "4,497", "Net Interest Income": "-4,688", "EBIT": "53,359", "EBITDA": "-", "Reconciled Cost of Revenue": "338,409", "Reconciled Depreciation": "20,930", "Net Income from Continuing Operation Net Minority Interest": "36,769", "Total Unusual Items Excluding Goodwill": "-3", "Total Unusual Items": "-3", "Normalized EBITDA": "74,292", "Tax Rate for Calcs": "0", "Tax Effect of Unusual Items": "-0.741"}, "12/31/2019": {"Duration": "12/31/2019", "Total Revenue": "515,698", "Cost of Revenue": "344,386", "Gross Profit": "171,312", "Operating Expense": "133,130", "Operating Income": "38,182", "Net Non Operating Interest Income Expense": "-4,083", "Other Income Expense": "-916", "Pretax Income": "33,183", "Tax Provision": "8,968", "Net Income Common Stockholders": "24,333", "Diluted NI Available to Com Stockholders": "24,333", "Basic EPS": "0.68", "Diluted EPS": "0.68", "Basic Average Shares": "35,492", "Diluted Average Shares": "35,653", "Total Operating Income as Reported": "37,266", "Total Expenses": "477,516", "Net Income from Continuing & Discontinued Operation": "24,333", "Normalized Income": "24,884", "Interest Income": "808", "Interest Expense": "4,891", "Net Interest Income": "-4,083", "EBIT": "38,074", "EBITDA": "-", "Reconciled Cost of Revenue": "344,386", "Reconciled Depreciation": "23,583", "Net Income from Continuing Operation Net Minority Interest": "24,215", "Total Unusual Items Excluding Goodwill": "-916", "Total Unusual Items": "-916", "Normalized EBITDA": "62,573", "Tax Rate for Calcs": "0", "Tax Effect of Unusual Items": "-247.32"}, "12/31/2018": {"Duration": "12/31/2018", "Total Revenue": "566,735", "Cost of Revenue": "387,442", "Gross Profit": "179,293", "Operating Expense": "172,666", "Operating Income": "6,627", "Net Non Operating Interest Income Expense": "-4,938", "Other Income Expense": "-300", "Pretax Income": "1,389", "Tax Provision": "3,037", "Net Income Common Stockholders": "-3,349", "Diluted NI Available to Com Stockholders": "-3,349", "Basic EPS": "-0.10", "Diluted EPS": "-0.10", "Basic Average Shares": "33,427", "Diluted Average Shares": "33,427", "Total Operating Income as Reported": "6,327", "Total Expenses": "560,108", "Net Income from Continuing & Discontinued Operation": "-3,349", "Normalized Income": "-1,429", "Interest Income": "1,221", "Interest Expense": "6,159", "Net Interest Income": "-4,938", "EBIT": "7,548", "EBITDA": "-", "Reconciled Cost of Revenue": "387,442", "Reconciled Depreciation": "26,123", "Net Income from Continuing Operation Net Minority Interest": "-1,648", "Total Unusual Items Excluding Goodwill": "-300", "Total Unusual Items": "-300", "Normalized EBITDA": "33,971", "Tax Rate for Calcs": "0", "Tax Effect of Unusual Items": "-81"}}, "bs": {"12/31/2020": {"Duration": "12/31/2020", "Total Assets": "400,015", "Total Liabilities Net Minority Interest": "210,915", "Total Equity Gross Minority Interest": "189,100", "Total Capitalization": "226,682", "Common Stock Equity": "189,100", "Capital Lease Obligations": "18,114", "Net Tangible Assets": "68,806", "Working Capital": "41,483", "Invested Capital": "266,676", "Tangible Book Value": "68,806", "Total Debt": "95,690", "Net Debt": "49,275", "Share Issued": "42,552", "Ordinary Shares Number": "35,921", "Treasury Shares Number": "6,631"}, "12/31/2019": {"Duration": "12/31/2019", "Total Assets": "353,139", "Total Liabilities Net Minority Interest": "186,457", "Total Equity Gross Minority Interest": "166,682", "Total Capitalization": "243,858", "Common Stock Equity": "166,682", "Capital Lease Obligations": "16,855", "Net Tangible Assets": "69,154", "Working Capital": "102,417", "Invested Capital": "243,858", "Tangible Book Value": "69,154", "Total Debt": "94,031", "Net Debt": "1,649", "Share Issued": "42,552", "Ordinary Shares Number": "35,711", "Treasury Shares Number": "6,842"}, "12/31/2018": {"Duration": "12/31/2018", "Total Assets": "348,645", "Total Liabilities Net Minority Interest": "194,007", "Total Equity Gross Minority Interest": "154,638", "Total Capitalization": "231,428", "Common Stock Equity": "154,638", "Capital Lease Obligations": "10,402", "Net Tangible Assets": "65,290", "Working Capital": "85,432", "Invested Capital": "231,428", "Tangible Book Value": "65,290", "Total Debt": "87,192", "Net Debt": "17,896", "Share Issued": "42,552", "Ordinary Shares Number": "35,374", "Treasury Shares Number": "7,178"}}, "cf": {"TTM": {"Duration": "TTM", "Operating Cash Flow": "46,507", "Investing Cash Flow": "-75,553", "Financing Cash Flow": "-18,316", "Cash Flow from Discontinued Operation": "-", "End Cash Position": "28,301", "Income Tax Paid Supplemental Data": "5,355", "Interest Paid Supplemental Data": "4,505", "Capital Expenditure": "-13,421", "Issuance of Capital Stock": "1,732", "Repayment of Debt": "0", "Repurchase of Capital Stock": "-396", "Free Cash Flow": "33,086"}, "12/31/2020": {"Duration": "12/31/2020", "Operating Cash Flow": "46,507", "Investing Cash Flow": "-75,553", "Financing Cash Flow": "-18,316", "Cash Flow from Discontinued Operation": "-", "End Cash Position": "28,301", "Income Tax Paid Supplemental Data": "5,355", "Interest Paid Supplemental Data": "4,505", "Capital Expenditure": "-13,421", "Issuance of Capital Stock": "1,732", "Repayment of Debt": "0", "Repurchase of Capital Stock": "-", "Free Cash Flow": "33,086"}, "12/31/2019": {"Duration": "12/31/2019", "Operating Cash Flow": "54,323", "Investing Cash Flow": "-20,757", "Financing Cash Flow": "-16,988", "Cash Flow from Discontinued Operation": "0", "End Cash Position": "75,527", "Income Tax Paid Supplemental Data": "11,437", "Interest Paid Supplemental Data": "4,657", "Capital Expenditure": "-10,294", "Issuance of Capital Stock": "3,336", "Repayment of Debt": "0", "Repurchase of Capital Stock": "-1,008", "Free Cash Flow": "44,029"}, "12/31/2018": {"Duration": "12/31/2018", "Operating Cash Flow": "61,252", "Investing Cash Flow": "-2,490", "Financing Cash Flow": "-10,758", "Cash Flow from Discontinued Operation": "0", "End Cash Position": "58,894", "Income Tax Paid Supplemental Data": "5,539", "Interest Paid Supplemental Data": "6,236", "Capital Expenditure": "-5,123", "Issuance of Capital Stock": "82,375", "Repayment of Debt": "-74,557", "Repurchase of Capital Stock": "-714", "Free Cash Flow": "56,129"}}}}, {"CMT": {"quote": {"04/25/2021": {"value": "11.65", "Market Cap": "97.887M", "Beta (5Y Monthly)": "2.30", "PE Ratio (TTM)": "11.95", "EPS (TTM)": "0.98", "Earnings Date": "Mar 11, 2021", "Forward Dividend & Yield": "N/A (N/A)", "Ex-Dividend Date": "May 21, 2018", "1y Target Est": "16.00"}}, "fin": {"TTM": {"Duration": "TTM", "Total Revenue": "222,356", "Cost of Revenue": "187,882", "Gross Profit": "34,474", "Operating Expense": "24,084", "Operating Income": "10,390", "Net Non Operating Interest Income Expense": "-5,923", "Other Income Expense": "80", "Pretax Income": "4,547", "Tax Provision": "-3,618", "Net Income Common Stockholders": "7,741", "Diluted NI Available to Com Stockholders": "7,741", "Basic EPS": "-", "Diluted EPS": "-", "Basic Average Shares": "-", "Diluted Average Shares": "-", "Total Operating Income as Reported": "10,390", "Total Expenses": "211,966", "Net Income from Continuing & Discontinued Operation": "8,165", "Normalized Income": "8,165", "Interest Expense": "5,923", "Net Interest Income": "-5,923", "EBIT": "10,470", "EBITDA": "22,132", "Reconciled Cost of Revenue": "187,882", "Reconciled Depreciation": "11,662", "Net Income from Continuing Operation Net Minority Interest": "8,165", "Total Unusual Items Excluding Goodwill": "0", "Total Unusual Items": "0", "Normalized EBITDA": "22,132", "Tax Rate for Calcs": "0", "Tax Effect of Unusual Items": "0"}, "12/31/2020": {"Duration": "12/31/2020", "Total Revenue": "222,356", "Cost of Revenue": "187,882", "Gross Profit": "34,474", "Operating Expense": "24,084", "Operating Income": "10,390", "Net Non Operating Interest Income Expense": "-5,923", "Other Income Expense": "80", "Pretax Income": "4,547", "Tax Provision": "-3,618", "Net Income Common Stockholders": "7,741", "Diluted NI Available to Com Stockholders": "7,741", "Basic EPS": "-", "Diluted EPS": "-", "Basic Average Shares": "-", "Diluted Average Shares": "-", "Total Operating Income as Reported": "10,390", "Total Expenses": "211,966", "Net Income from Continuing & Discontinued Operation": "8,165", "Normalized Income": "8,165", "Interest Expense": "5,923", "Net Interest Income": "-5,923", "EBIT": "10,470", "EBITDA": "-", "Reconciled Cost of Revenue": "187,882", "Reconciled Depreciation": "11,662", "Net Income from Continuing Operation Net Minority Interest": "8,165", "Total Unusual Items Excluding Goodwill": "0", "Total Unusual Items": "0", "Normalized EBITDA": "22,132", "Tax Rate for Calcs": "0", "Tax Effect of Unusual Items": "0"}, "12/31/2019": {"Duration": "12/31/2019", "Total Revenue": "284,290", "Cost of Revenue": "262,784", "Gross Profit": "21,506", "Operating Expense": "28,934", "Operating Income": "-7,428", "Net Non Operating Interest Income Expense": "-4,144", "Other Income Expense": "-4,006", "Pretax Income": "-15,578", "Tax Provision": "-355", "Net Income Common Stockholders": "-15,223", "Diluted NI Available to Com Stockholders": "-15,223", "Basic EPS": "-1.94", "Diluted EPS": "-1.94", "Basic Average Shares": "7,830", "Diluted Average Shares": "7,830", "Total Operating Income as Reported": "-11,528", "Total Expenses": "291,718", "Net Income from Continuing & Discontinued Operation": "-15,223", "Normalized Income": "-11,216", "Interest Expense": "4,144", "Net Interest Income": "-4,144", "EBIT": "-11,434", "EBITDA": "-", "Reconciled Cost of Revenue": "262,784", "Reconciled Depreciation": "10,376", "Net Income from Continuing Operation Net Minority Interest": "-15,223", "Total Unusual Items Excluding Goodwill": "-4,100", "Total Unusual Items": "-4,100", "Normalized EBITDA": "3,042", "Tax Rate for Calcs": "0", "Tax Effect of Unusual Items": "-93.433"}, "12/31/2018": {"Duration": "12/31/2018", "Total Revenue": "269,485", "Cost of Revenue": "242,344", "Gross Profit": "27,141", "Operating Expense": "27,838", "Operating Income": "-697", "Net Non Operating Interest Income Expense": "-2,394", "Other Income Expense": "-2,355", "Pretax Income": "-5,446", "Tax Provision": "-664", "Net Income Common Stockholders": "-4,782", "Diluted NI Available to Com Stockholders": "-4,782", "Basic EPS": "-0.62", "Diluted EPS": "-0.62", "Basic Average Shares": "7,750", "Diluted Average Shares": "7,750", "Total Operating Income as Reported": "-3,100", "Total Expenses": "270,182", "Net Income from Continuing & Discontinued Operation": "-4,782", "Normalized Income": "-2,667", "Interest Expense": "2,394", "Net Interest Income": "-2,394", "EBIT": "-3,052", "EBITDA": "-", "Reconciled Cost of Revenue": "242,344", "Reconciled Depreciation": "9,384", "Net Income from Continuing Operation Net Minority Interest": "-4,782", "Total Unusual Items Excluding Goodwill": "-2,403", "Total Unusual Items": "-2,403", "Normalized EBITDA": "8,735", "Tax Rate for Calcs": "0", "Tax Effect of Unusual Items": "-288.36"}}, "bs": {"12/31/2020": {"Duration": "12/31/2020", "Total Assets": "165,508", "Total Liabilities Net Minority Interest": "71,576", "Total Equity Gross Minority Interest": "93,932", "Total Capitalization": "119,130", "Common Stock Equity": "93,932", "Capital Lease Obligations": "-", "Net Tangible Assets": "65,040", "Working Capital": "20,483", "Invested Capital": "122,085", "Tangible Book Value": "65,040", "Total Debt": "28,153", "Net Debt": "24,022", "Share Issued": "11,791", "Ordinary Shares Number": "7,981", "Treasury Shares Number": "3,811"}, "12/31/2019": {"Duration": "12/31/2019", "Total Assets": "179,306", "Total Liabilities Net Minority Interest": "94,880", "Total Equity Gross Minority Interest": "84,426", "Total Capitalization": "84,426", "Common Stock Equity": "84,426", "Capital Lease Obligations": "3,119", "Net Tangible Assets": "53,586", "Working Capital": "-22,609", "Invested Capital": "133,877", "Tangible Book Value": "53,586", "Total Debt": "52,570", "Net Debt": "47,595", "Share Issued": "11,684", "Ordinary Shares Number": "7,878", "Treasury Shares Number": "3,806"}, "12/31/2018": {"Duration": "12/31/2018", "Total Assets": "201,198", "Total Liabilities Net Minority Interest": "102,269", "Total Equity Gross Minority Interest": "98,929", "Total Capitalization": "154,088", "Common Stock Equity": "98,929", "Capital Lease Obligations": "-", "Net Tangible Assets": "62,040", "Working Capital": "40,111", "Invested Capital": "157,318", "Tangible Book Value": "62,040", "Total Debt": "58,389", "Net Debt": "56,498", "Share Issued": "11,566", "Ordinary Shares Number": "7,776", "Treasury Shares Number": "3,790"}}, "cf": {"TTM": {"Duration": "TTM", "Operating Cash Flow": "28,164", "Investing Cash Flow": "-3,683", "Financing Cash Flow": "-22,206", "End Cash Position": "4,131", "Income Tax Paid Supplemental Data": "570", "Interest Paid Supplemental Data": "3,854", "Capital Expenditure": "-3,683", "Issuance of Debt": "86,958", "Repayment of Debt": "-107,106", "Repurchase of Capital Stock": "-20", "Free Cash Flow": "24,481"}, "12/31/2020": {"Duration": "12/31/2020", "Operating Cash Flow": "28,164", "Investing Cash Flow": "-3,683", "Financing Cash Flow": "-22,206", "End Cash Position": "4,131", "Income Tax Paid Supplemental Data": "570", "Interest Paid Supplemental Data": "3,854", "Capital Expenditure": "-3,683", "Issuance of Debt": "86,958", "Repayment of Debt": "-107,106", "Repurchase of Capital Stock": "-20", "Free Cash Flow": "24,481"}, "12/31/2019": {"Duration": "12/31/2019", "Operating Cash Flow": "16,701", "Investing Cash Flow": "-7,460", "Financing Cash Flow": "-9,276", "End Cash Position": "1,856", "Income Tax Paid Supplemental Data": "1,284", "Interest Paid Supplemental Data": "3,869", "Capital Expenditure": "-7,460", "Issuance of Debt": "194,414", "Repayment of Debt": "-203,157", "Repurchase of Capital Stock": "-98", "Free Cash Flow": "9,241"}, "12/31/2018": {"Duration": "12/31/2018", "Operating Cash Flow": "-6,528", "Investing Cash Flow": "-68,806", "Financing Cash Flow": "50,445", "End Cash Position": "1,891", "Income Tax Paid Supplemental Data": "1,033", "Interest Paid Supplemental Data": "2,261", "Capital Expenditure": "-5,801", "Issuance of Debt": "178,848", "Repayment of Debt": "-126,598", "Repurchase of Capital Stock": "-250", "Free Cash Flow": "-12,329"}}}}, {"RLIA": {"quote": {"04/25/2021": {"value": "", "Net Assets": "N/A", "Beta (5Y Monthly)": "N/A", "Yield": "N/A", "5y Average Return": "N/A", "Holdings Turnover": "N/A", "Last Dividend": "N/A", "Average for Category": "N/A", "Inception Date": "N/A"}}, "fin": {}, "bs": {}, "cf": {}}}, {"TSE": {"quote": {"04/25/2021": {"value": "63.45", "Market Cap": "2.465B", "Beta (5Y Monthly)": "1.64", "PE Ratio (TTM)": "317.25", "EPS (TTM)": "0.20", "Earnings Date": "May 06, 2021", "Forward Dividend & Yield": "0.32 (0.50%)", "Ex-Dividend Date": "Apr 07, 2021", "1y Target Est": "69.57"}}, "fin": {"TTM": {"Duration": "TTM", "Total Revenue": "3,035,500", "Cost of Revenue": "2,719,900", "Gross Profit": "315,600", "Operating Expense": "252,400", "Operating Income": "63,200", "Net Non Operating Interest Income Expense": "-43,600", "Other Income Expense": "26,100", "Pretax Income": "45,700", "Tax Provision": "37,800", "Net Income Common Stockholders": "7,900", "Diluted NI Available to Com Stockholders": "7,900", "Basic EPS": "-", "Diluted EPS": "-", "Basic Average Shares": "-", "Diluted Average Shares": "-", "Total Operating Income as Reported": "91,100", "Total Expenses": "2,972,300", "Net Income from Continuing & Discontinued Operation": "7,900", "Normalized Income": "36,443", "Interest Expense": "43,600", "Net Interest Income": "-43,600", "EBIT": "89,300", "EBITDA": "223,600", "Reconciled Cost of Revenue": "2,719,900", "Reconciled Depreciation": "134,300", "Net Income from Continuing Operation Net Minority Interest": "7,900", "Total Unusual Items Excluding Goodwill": "-39,100", "Total Unusual Items": "-39,100", "Normalized EBITDA": "262,700", "Tax Rate for Calcs": "0", "Tax Effect of Unusual Items": "-10,557"}, "12/31/2020": {"Duration": "12/31/2020", "Total Revenue": "3,035,500", "Cost of Revenue": "2,719,900", "Gross Profit": "315,600", "Operating Expense": "252,400", "Operating Income": "63,200", "Net Non Operating Interest Income Expense": "-43,600", "Other Income Expense": "26,100", "Pretax Income": "45,700", "Tax Provision": "37,800", "Net Income Common Stockholders": "7,900", "Diluted NI Available to Com Stockholders": "7,900", "Basic EPS": "0.20", "Diluted EPS": "0.20", "Basic Average Shares": "38,300", "Diluted Average Shares": "38,600", "Total Operating Income as Reported": "91,100", "Total Expenses": "2,972,300", "Net Income from Continuing & Discontinued Operation": "7,900", "Normalized Income": "36,443", "Interest Expense": "43,600", "Net Interest Income": "-43,600", "EBIT": "89,300", "EBITDA": "-", "Reconciled Cost of Revenue": "2,719,900", "Reconciled Depreciation": "134,300", "Net Income from Continuing Operation Net Minority Interest": "7,900", "Total Unusual Items Excluding Goodwill": "-39,100", "Total Unusual Items": "-39,100", "Normalized EBITDA": "262,700", "Tax Rate for Calcs": "0", "Tax Effect of Unusual Items": "-10,557"}, "12/31/2019": {"Duration": "12/31/2019", "Total Revenue": "3,775,800", "Cost of Revenue": "3,446,900", "Gross Profit": "328,900", "Operating Expense": "300,000", "Operating Income": "28,900", "Net Non Operating Interest Income Expense": "-39,300", "Other Income Expense": "115,000", "Pretax Income": "104,600", "Tax Provision": "12,600", "Net Income Common Stockholders": "92,000", "Diluted NI Available to Com Stockholders": "92,000", "Basic EPS": "2.28", "Diluted EPS": "2.26", "Basic Average Shares": "40,300", "Diluted Average Shares": "40,700", "Total Operating Income as Reported": "147,900", "Total Expenses": "3,746,900", "Net Income from Continuing & Discontinued Operation": "92,000", "Normalized Income": "92,000", "Interest Expense": "39,300", "Net Interest Income": "-39,300", "EBIT": "143,900", "EBITDA": "-", "Reconciled Cost of Revenue": "3,446,900", "Reconciled Depreciation": "136,000", "Net Income from Continuing Operation Net Minority Interest": "92,000", "Total Unusual Items Excluding Goodwill": "0", "Total Unusual Items": "0", "Normalized EBITDA": "279,900", "Tax Rate for Calcs": "0", "Tax Effect of Unusual Items": "0"}, "12/31/2018": {"Duration": "12/31/2018", "Total Revenue": "4,622,800", "Cost of Revenue": "4,094,000", "Gross Profit": "528,800", "Operating Expense": "258,500", "Operating Income": "270,300", "Net Non Operating Interest Income Expense": "-46,400", "Other Income Expense": "140,400", "Pretax Income": "364,300", "Tax Provision": "71,800", "Net Income Common Stockholders": "292,500", "Diluted NI Available to Com Stockholders": "292,500", "Basic EPS": "6.83", "Diluted EPS": "6.70", "Basic Average Shares": "42,800", "Diluted Average Shares": "43,700", "Total Operating Income as Reported": "414,400", "Total Expenses": "4,352,500", "Net Income from Continuing & Discontinued Operation": "292,500", "Normalized Income": "292,660", "Interest Expense": "46,400", "Net Interest Income": "-46,400", "EBIT": "410,700", "EBITDA": "-", "Reconciled Cost of Revenue": "4,094,000", "Reconciled Depreciation": "130,200", "Net Income from Continuing Operation Net Minority Interest": "292,500", "Total Unusual Items Excluding Goodwill": "-200", "Total Unusual Items": "-200", "Normalized EBITDA": "541,100", "Tax Rate for Calcs": "0", "Tax Effect of Unusual Items": "-40"}}, "bs": {"12/31/2020": {"Duration": "12/31/2020", "Total Assets": "2,845,200", "Total Liabilities Net Minority Interest": "2,254,900", "Total Equity Gross Minority Interest": "590,300", "Total Capitalization": "1,749,000", "Common Stock Equity": "590,300", "Capital Lease Obligations": "81,500", "Net Tangible Assets": "333,300", "Working Capital": "983,800", "Invested Capital": "1,761,300", "Tangible Book Value": "333,300", "Total Debt": "1,252,500", "Net Debt": "582,300", "Share Issued": "48,800", "Ordinary Shares Number": "38,400", "Treasury Shares Number": "10,400"}, "12/31/2019": {"Duration": "12/31/2019", "Total Assets": "2,758,800", "Total Liabilities Net Minority Interest": "2,089,900", "Total Equity Gross Minority Interest": "668,900", "Total Capitalization": "1,831,500", "Common Stock Equity": "668,900", "Capital Lease Obligations": "72,100", "Net Tangible Assets": "409,700", "Working Capital": "963,500", "Invested Capital": "1,842,600", "Tangible Book Value": "409,700", "Total Debt": "1,245,800", "Net Debt": "717,500", "Share Issued": "48,800", "Ordinary Shares Number": "39,000", "Treasury Shares Number": "9,800"}, "12/31/2018": {"Duration": "12/31/2018", "Total Assets": "2,726,800", "Total Liabilities Net Minority Interest": "1,958,100", "Total Equity Gross Minority Interest": "768,700", "Total Capitalization": "1,929,500", "Common Stock Equity": "768,700", "Capital Lease Obligations": "-", "Net Tangible Assets": "508,600", "Working Capital": "1,094,300", "Invested Capital": "1,936,500", "Tangible Book Value": "508,600", "Total Debt": "1,167,800", "Net Debt": "715,500", "Share Issued": "48,800", "Ordinary Shares Number": "41,600", "Treasury Shares Number": "7,200"}}, "cf": {"TTM": {"Duration": "TTM", "Operating Cash Flow": "255,400", "Investing Cash Flow": "-24,200", "Financing Cash Flow": "-104,300", "End Cash Position": "588,700", "Income Tax Paid Supplemental Data": "10,300", "Interest Paid Supplemental Data": "39,500", "Capital Expenditure": "-82,300", "Issuance of Debt": "100,000", "Repayment of Debt": "-106,900", "Repurchase of Capital Stock": "-25,000", "Free Cash Flow": "173,100"}, "12/31/2020": {"Duration": "12/31/2020", "Operating Cash Flow": "255,400", "Investing Cash Flow": "-24,200", "Financing Cash Flow": "-104,300", "End Cash Position": "588,700", "Income Tax Paid Supplemental Data": "10,300", "Interest Paid Supplemental Data": "39,500", "Capital Expenditure": "-82,300", "Issuance of Debt": "100,000", "Repayment of Debt": "-106,900", "Repurchase of Capital Stock": "-25,000", "Free Cash Flow": "173,100"}, "12/31/2019": {"Duration": "12/31/2019", "Operating Cash Flow": "322,500", "Investing Cash Flow": "-109,300", "Financing Cash Flow": "-206,700", "End Cash Position": "456,200", "Income Tax Paid Supplemental Data": "66,300", "Interest Paid Supplemental Data": "39,700", "Capital Expenditure": "-110,100", "Issuance of Debt": "0", "Repayment of Debt": "-7,000", "Repurchase of Capital Stock": "-119,700", "Free Cash Flow": "212,400"}, "12/31/2018": {"Duration": "12/31/2018", "Operating Cash Flow": "366,500", "Investing Cash Flow": "-118,700", "Financing Cash Flow": "-222,200", "End Cash Position": "452,300", "Income Tax Paid Supplemental Data": "85,200", "Interest Paid Supplemental Data": "50,700", "Capital Expenditure": "-121,400", "Issuance of Debt": "696,500", "Repayment of Debt": "-703,800", "Repurchase of Capital Stock": "-142,900", "Free Cash Flow": "245,100"}}}}, {"STCC": {"quote": {"04/25/2021": {"value": "0.0990", "Market Cap": "4.681M", "Beta (5Y Monthly)": "1.38", "PE Ratio (TTM)": "11.00", "EPS (TTM)": "0.0090", "Earnings Date": "Aug 14, 2020 - Aug 15, 2020", "Forward Dividend & Yield": "N/A (N/A)", "Ex-Dividend Date": "N/A", "1y Target Est": "N/A"}}, "fin": {"TTM": {"Duration": "TTM", "Total Revenue": "9,744", "Cost of Revenue": "7,327", "Gross Profit": "2,417", "Operating Expense": "1,677", "Operating Income": "740.14", "Net Non Operating Interest Income Expense": "-198.724", "Other Income Expense": "-35.474", "Pretax Income": "505.942", "Tax Provision": "90.932", "Net Income Common Stockholders": "415.01", "Diluted NI Available to Com Stockholders": "415.01", "Basic EPS": "-", "Diluted EPS": "-", "Basic Average Shares": "-", "Diluted Average Shares": "-", "Total Operating Income as Reported": "740.14", "Total Expenses": "9,004", "Net Income from Continuing & Discontinued Operation": "415.01", "Normalized Income": "423.2127", "Interest Expense": "198.724", "Net Interest Income": "-198.724", "EBIT": "704.666", "EBITDA": "810.632", "Reconciled Cost of Revenue": "7,327", "Reconciled Depreciation": "105.966", "Net Income from Continuing Operation Net Minority Interest": "415.01", "Total Unusual Items Excluding Goodwill": "-10", "Total Unusual Items": "-10", "Normalized EBITDA": "820.632", "Tax Rate for Calcs": "0", "Tax Effect of Unusual Items": "-1.7973"}, "12/31/2019": {"Duration": "12/31/2019", "Total Revenue": "9,599", "Cost of Revenue": "7,364", "Gross Profit": "2,235", "Operating Expense": "1,802", "Operating Income": "432.383", "Net Non Operating Interest Income Expense": "-194.291", "Other Income Expense": "-22.456", "Pretax Income": "215.636", "Tax Provision": "3.456", "Net Income Common Stockholders": "212.18", "Diluted NI Available to Com Stockholders": "212.18", "Basic EPS": "0.00", "Diluted EPS": "0.00", "Basic Average Shares": "46,529", "Diluted Average Shares": "46,529", "Total Operating Income as Reported": "432.383", "Total Expenses": "9,166", "Net Income from Continuing & Discontinued Operation": "212.18", "Normalized Income": "212.18", "Interest Expense": "194.291", "Net Interest Income": "-194.291", "EBIT": "409.927", "EBITDA": "-", "Reconciled Cost of Revenue": "7,364", "Reconciled Depreciation": "110.716", "Net Income from Continuing Operation Net Minority Interest": "212.18", "Total Unusual Items Excluding Goodwill": "0", "Total Unusual Items": "0", "Normalized EBITDA": "520.643", "Tax Rate for Calcs": "0", "Tax Effect of Unusual Items": "0"}, "12/31/2018": {"Duration": "12/31/2018", "Total Revenue": "7,111", "Cost of Revenue": "4,954", "Gross Profit": "2,156", "Operating Expense": "1,847", "Operating Income": "309.475", "Net Non Operating Interest Income Expense": "-138.341", "Other Income Expense": "-13.799", "Pretax Income": "157.335", "Tax Provision": "224.061", "Net Income Common Stockholders": "-66.726", "Diluted NI Available to Com Stockholders": "-66.726", "Basic EPS": "-0.00", "Diluted EPS": "-0.00", "Basic Average Shares": "41,167", "Diluted Average Shares": "41,167", "Total Operating Income as Reported": "309.475", "Total Expenses": "6,801", "Net Income from Continuing & Discontinued Operation": "-66.726", "Normalized Income": "-53.3509", "Interest Expense": "138.341", "Net Interest Income": "-138.341", "EBIT": "295.676", "EBITDA": "-", "Reconciled Cost of Revenue": "4,954", "Reconciled Depreciation": "116.206", "Net Income from Continuing Operation Net Minority Interest": "-66.726", "Total Unusual Items Excluding Goodwill": "-18.322", "Total Unusual Items": "-18.322", "Normalized EBITDA": "430.204", "Tax Rate for Calcs": "0", "Tax Effect of Unusual Items": "-4.9469"}}, "bs": {"12/31/2019": {"Duration": "12/31/2019", "Total Assets": "6,908", "Total Liabilities Net Minority Interest": "5,395", "Total Equity Gross Minority Interest": "1,513", "Total Capitalization": "4,326", "Common Stock Equity": "1,513", "Net Tangible Assets": "1,408", "Working Capital": "2,310", "Invested Capital": "5,561", "Tangible Book Value": "1,408", "Total Debt": "4,048", "Net Debt": "3,942", "Share Issued": "47,285", "Ordinary Shares Number": "47,285"}, "12/31/2018": {"Duration": "12/31/2018", "Total Assets": "5,587", "Total Liabilities Net Minority Interest": "4,787", "Total Equity Gross Minority Interest": "800.627", "Total Capitalization": "2,476", "Common Stock Equity": "800.627", "Net Tangible Assets": "731.722", "Working Capital": "466.435", "Invested Capital": "4,309", "Tangible Book Value": "731.722", "Total Debt": "3,508", "Net Debt": "3,476", "Share Issued": "41,966", "Ordinary Shares Number": "41,966"}}, "cf": {"TTM": {"Duration": "TTM", "Operating Cash Flow": "149.287", "Investing Cash Flow": "-100", "Financing Cash Flow": "-136.144", "End Cash Position": "2.707", "Income Tax Paid Supplemental Data": "1.338", "Interest Paid Supplemental Data": "198.724", "Capital Expenditure": "-", "Issuance of Debt": "1,276", "Repayment of Debt": "-1,412", "Free Cash Flow": "149.287"}, "12/31/2019": {"Duration": "12/31/2019", "Operating Cash Flow": "-85.962", "Investing Cash Flow": "-380", "Financing Cash Flow": "540.276", "End Cash Position": "106.348", "Income Tax Paid Supplemental Data": "2.191", "Interest Paid Supplemental Data": "194.291", "Capital Expenditure": "-", "Issuance of Debt": "1,742", "Repayment of Debt": "-1,202", "Free Cash Flow": "-85.962"}, "12/31/2018": {"Duration": "12/31/2018", "Operating Cash Flow": "102.51", "Investing Cash Flow": "0", "Financing Cash Flow": "-107.364", "End Cash Position": "32.034", "Income Tax Paid Supplemental Data": "2.191", "Interest Paid Supplemental Data": "138.341", "Capital Expenditure": "-", "Issuance of Debt": "1,775", "Repayment of Debt": "-1,883", "Free Cash Flow": "102.51"}}}}, {"VYST": {"quote": {"04/25/2021": {"value": "0.0235", "Market Cap": "27.81M", "Beta (5Y Monthly)": "23.82", "PE Ratio (TTM)": "N/A", "EPS (TTM)": "-0.0070", "Earnings Date": "N/A", "Forward Dividend & Yield": "N/A (N/A)", "Ex-Dividend Date": "N/A", "1y Target Est": "N/A"}}, "fin": {"TTM": {"Duration": "TTM", "Total Revenue": "20,979", "Cost of Revenue": "10,005", "Gross Profit": "10,974", "Operating Expense": "15,577", "Operating Income": "-4,603", "Net Non Operating Interest Income Expense": "-1,846", "Other Income Expense": "-1,884", "Pretax Income": "-8,333", "Net Income Common Stockholders": "-7,608", "Diluted NI Available to Com Stockholders": "-7,608", "Basic EPS": "-", "Diluted EPS": "-", "Basic Average Shares": "-", "Diluted Average Shares": "-", "Total Operating Income as Reported": "-4,603", "Rent Expense Supplemental": "1,244", "Total Expenses": "25,582", "Net Income from Continuing & Discontinued Operation": "-7,608", "Normalized Income": "-5,632", "Interest Expense": "1,846", "Net Interest Income": "-1,846", "EBIT": "-6,487", "EBITDA": "-5,692", "Reconciled Cost of Revenue": "10,005", "Reconciled Depreciation": "795.241", "Net Income from Continuing Operation Net Minority Interest": "-7,608", "Total Unusual Items Excluding Goodwill": "-1,976", "Total Unusual Items": "-1,976", "Normalized EBITDA": "-3,715", "Tax Rate for Calcs": "0", "Tax Effect of Unusual Items": "0"}, "12/31/2020": {"Duration": "12/31/2020", "Total Revenue": "20,979", "Cost of Revenue": "10,005", "Gross Profit": "10,974", "Operating Expense": "15,577", "Operating Income": "-4,603", "Net Non Operating Interest Income Expense": "-1,846", "Other Income Expense": "-1,884", "Pretax Income": "-8,333", "Net Income Common Stockholders": "-7,608", "Diluted NI Available to Com Stockholders": "-7,608", "Basic EPS": "-", "Diluted EPS": "-", "Basic Average Shares": "-", "Diluted Average Shares": "-", "Total Operating Income as Reported": "-4,603", "Rent Expense Supplemental": "1,244", "Total Expenses": "25,582", "Net Income from Continuing & Discontinued Operation": "-7,608", "Normalized Income": "-5,632", "Interest Expense": "1,846", "Net Interest Income": "-1,846", "EBIT": "-6,487", "EBITDA": "-", "Reconciled Cost of Revenue": "10,005", "Reconciled Depreciation": "795.241", "Net Income from Continuing Operation Net Minority Interest": "-7,608", "Total Unusual Items Excluding Goodwill": "-1,976", "Total Unusual Items": "-1,976", "Normalized EBITDA": "-3,715", "Tax Rate for Calcs": "0", "Tax Effect of Unusual Items": "0"}, "12/31/2019": {"Duration": "12/31/2019", "Total Revenue": "13,686", "Cost of Revenue": "7,332", "Gross Profit": "6,354", "Operating Expense": "11,294", "Operating Income": "-4,941", "Net Non Operating Interest Income Expense": "-1,390", "Other Income Expense": "-1,394", "Pretax Income": "-7,726", "Net Income Common Stockholders": "-7,705", "Diluted NI Available to Com Stockholders": "-7,705", "Basic EPS": "-0.01", "Diluted EPS": "-0.01", "Basic Average Shares": "1,009,072", "Diluted Average Shares": "1,009,072", "Total Operating Income as Reported": "-4,941", "Rent Expense Supplemental": "570.779", "Total Expenses": "18,627", "Net Income from Continuing & Discontinued Operation": "-7,705", "Normalized Income": "-6,298", "Interest Expense": "1,390", "Net Interest Income": "-1,390", "EBIT": "-6,335", "EBITDA": "-", "Reconciled Cost of Revenue": "7,332", "Reconciled Depreciation": "444.89", "Net Income from Continuing Operation Net Minority Interest": "-7,705", "Total Unusual Items Excluding Goodwill": "-1,407", "Total Unusual Items": "-1,407", "Normalized EBITDA": "-4,483", "Tax Rate for Calcs": "0", "Tax Effect of Unusual Items": "0"}, "12/31/2018": {"Duration": "12/31/2018", "Total Revenue": "342.049", "Cost of Revenue": "385.803", "Gross Profit": "-43.754", "Operating Expense": "3,671", "Operating Income": "-3,715", "Net Non Operating Interest Income Expense": "-673.277", "Other Income Expense": "-1,013", "Pretax Income": "-5,401", "Net Income Common Stockholders": "-5,401", "Diluted NI Available to Com Stockholders": "-5,401", "Basic EPS": "-0.02", "Diluted EPS": "-0.02", "Basic Average Shares": "257,500", "Diluted Average Shares": "257,500", "Total Operating Income as Reported": "-3,715", "Rent Expense Supplemental": "-", "Total Expenses": "4,057", "Net Income from Continuing & Discontinued Operation": "-5,401", "Normalized Income": "-4,283", "Interest Expense": "673.277", "Net Interest Income": "-673.277", "EBIT": "-4,728", "EBITDA": "-", "Reconciled Cost of Revenue": "385.803", "Reconciled Depreciation": "145.046", "Net Income from Continuing Operation Net Minority Interest": "-5,401", "Total Unusual Items Excluding Goodwill": "-1,118", "Total Unusual Items": "-1,118", "Normalized EBITDA": "-3,465", "Tax Rate for Calcs": "0", "Tax Effect of Unusual Items": "0"}}, "bs": {"12/31/2020": {"Duration": "12/31/2020", "Total Assets": "22,661", "Total Liabilities Net Minority Interest": "29,420", "Total Equity Gross Minority Interest": "-6,759", "Total Capitalization": "-3,921", "Preferred Stock Equity": "0.001", "Common Stock Equity": "-7,360", "Capital Lease Obligations": "8,361", "Net Tangible Assets": "-9,656", "Working Capital": "-10,161", "Invested Capital": "-1,338", "Tangible Book Value": "-9,656", "Total Debt": "14,383", "Net Debt": "5,401", "Share Issued": "1,199,932", "Ordinary Shares Number": "1,199,902", "Preferred Shares Number": "13.828", "Treasury Shares Number": "30"}, "12/31/2019": {"Duration": "12/31/2019", "Total Assets": "22,402", "Total Liabilities Net Minority Interest": "23,634", "Total Equity Gross Minority Interest": "-1,233", "Total Capitalization": "148.806", "Preferred Stock Equity": "0.001", "Common Stock Equity": "-2,558", "Capital Lease Obligations": "9,407", "Net Tangible Assets": "-5,508", "Working Capital": "-6,763", "Invested Capital": "2,991", "Tangible Book Value": "-5,508", "Total Debt": "14,956", "Net Debt": "5,477", "Share Issued": "1,105,762", "Ordinary Shares Number": "1,105,732", "Preferred Shares Number": "13.828", "Treasury Shares Number": "30"}, "12/31/2018": {"Duration": "12/31/2018", "Total Assets": "2,469", "Total Liabilities Net Minority Interest": "4,338", "Total Equity Gross Minority Interest": "-1,869", "Total Capitalization": "130.837", "Preferred Stock Equity": "0.001", "Common Stock Equity": "-1,869", "Capital Lease Obligations": "-", "Net Tangible Assets": "-3,400", "Working Capital": "-1,692", "Invested Capital": "634.985", "Tangible Book Value": "-3,400", "Total Debt": "2,504", "Net Debt": "2,454", "Share Issued": "457,748", "Ordinary Shares Number": "457,748", "Preferred Shares Number": "13.828", "Treasury Shares Number": "-"}}, "cf": {"TTM": {"Duration": "TTM", "Operating Cash Flow": "-2,263", "Investing Cash Flow": "-133.878", "Financing Cash Flow": "2,945", "End Cash Position": "620.539", "Interest Paid Supplemental Data": "728.002", "Capital Expenditure": "-133.878", "Issuance of Capital Stock": "456.49", "Issuance of Debt": "3,309", "Repayment of Debt": "-967.938", "Repurchase of Capital Stock": "0", "Free Cash Flow": "-2,397"}, "12/31/2020": {"Duration": "12/31/2020", "Operating Cash Flow": "-2,263", "Investing Cash Flow": "-133.878", "Financing Cash Flow": "2,945", "End Cash Position": "620.539", "Interest Paid Supplemental Data": "728.002", "Capital Expenditure": "-133.878", "Issuance of Capital Stock": "456.49", "Issuance of Debt": "3,309", "Repayment of Debt": "-967.938", "Repurchase of Capital Stock": "0", "Free Cash Flow": "-2,397"}, "12/31/2019": {"Duration": "12/31/2019", "Operating Cash Flow": "-1,514", "Investing Cash Flow": "-9.519", "Financing Cash Flow": "1,546", "End Cash Position": "72.355", "Interest Paid Supplemental Data": "410.164", "Capital Expenditure": "-9.519", "Issuance of Capital Stock": "1,001", "Issuance of Debt": "753.149", "Repayment of Debt": "-207.851", "Repurchase of Capital Stock": "-0.03", "Free Cash Flow": "-1,524"}, "12/31/2018": {"Duration": "12/31/2018", "Operating Cash Flow": "-1,508", "Investing Cash Flow": "-3.598", "Financing Cash Flow": "1,548", "End Cash Position": "50.053", "Interest Paid Supplemental Data": "93.54", "Capital Expenditure": "-3.598", "Issuance of Capital Stock": "149.5", "Issuance of Debt": "1,482", "Repayment of Debt": "-83", "Repurchase of Capital Stock": "-", "Free Cash Flow": "-1,512"}}}}]