[{"ALLE": {"quote": {"04/25/2021": {"value": "138.35", "Market Cap": "11.981B", "Beta (5Y Monthly)": "1.19", "PE Ratio (TTM)": "30.27", "EPS (TTM)": "4.57", "Earnings Date": "Jul 21, 2021 - Jul 26, 2021", "Forward Dividend & Yield": "1.44 (1.04%)", "Ex-Dividend Date": "Jun 15, 2021", "1y Target Est": "134.10"}}, "fin": {"TTM": {"Duration": "TTM", "Total Revenue": "2,739,500", "Cost of Revenue": "1,556,400", "Gross Profit": "1,183,100", "Operating Expense": "633,900", "Operating Income": "549,200", "Net Non Operating Interest Income Expense": "-50,100", "Other Income Expense": "-23,200", "Pretax Income": "475,900", "Tax Provision": "53,700", "Net Income Common Stockholders": "421,900", "Diluted NI Available to Com Stockholders": "421,900", "Basic EPS": "-", "Diluted EPS": "-", "Basic Average Shares": "-", "Diluted Average Shares": "-", "Total Operating Income as Reported": "505,900", "Total Expenses": "2,190,300", "Net Income from Continuing & Discontinued Operation": "421,900", "Normalized Income": "460,492", "Interest Income": "400", "Interest Expense": "50,500", "Net Interest Income": "-50,100", "EBIT": "526,400", "EBITDA": "609,000", "Reconciled Cost of Revenue": "1,556,400", "Reconciled Depreciation": "82,600", "Net Income from Continuing Operation Net Minority Interest": "421,900", "Total Unusual Items Excluding Goodwill": "-43,500", "Total Unusual Items": "-43,500", "Normalized EBITDA": "652,500", "Tax Rate for Calcs": "0", "Tax Effect of Unusual Items": "-4,908"}, "12/31/2020": {"Duration": "12/31/2020", "Total Revenue": "2,719,900", "Cost of Revenue": "1,541,100", "Gross Profit": "1,178,800", "Operating Expense": "635,700", "Operating Income": "543,100", "Net Non Operating Interest Income Expense": "-50,200", "Other Income Expense": "-127,500", "Pretax Income": "365,400", "Tax Provision": "50,900", "Net Income Common Stockholders": "314,300", "Diluted NI Available to Com Stockholders": "314,300", "Basic EPS": "-", "Diluted EPS": "-", "Basic Average Shares": "-", "Diluted Average Shares": "-", "Total Operating Income as Reported": "403,500", "Total Expenses": "2,176,800", "Net Income from Continuing & Discontinued Operation": "314,300", "Normalized Income": "435,098", "Interest Income": "900", "Interest Expense": "51,100", "Net Interest Income": "-50,200", "EBIT": "416,500", "EBITDA": "-", "Reconciled Cost of Revenue": "1,541,100", "Reconciled Depreciation": "81,000", "Net Income from Continuing Operation Net Minority Interest": "314,300", "Total Unusual Items Excluding Goodwill": "-140,300", "Total Unusual Items": "-140,300", "Normalized EBITDA": "637,800", "Tax Rate for Calcs": "0", "Tax Effect of Unusual Items": "-19,502"}, "12/31/2019": {"Duration": "12/31/2019", "Total Revenue": "2,854,000", "Cost of Revenue": "1,601,700", "Gross Profit": "1,252,300", "Operating Expense": "687,200", "Operating Income": "565,100", "Net Non Operating Interest Income Expense": "-54,200", "Other Income Expense": "-35,700", "Pretax Income": "475,200", "Tax Provision": "73,100", "Net Income Common Stockholders": "401,800", "Diluted NI Available to Com Stockholders": "401,800", "Basic EPS": "4.29", "Diluted EPS": "4.26", "Basic Average Shares": "93,600", "Diluted Average Shares": "94,300", "Total Operating Income as Reported": "565,100", "Total Expenses": "2,288,900", "Net Income from Continuing & Discontinued Operation": "401,800", "Normalized Income": "428,787", "Interest Income": "1,800", "Interest Expense": "56,000", "Net Interest Income": "-54,200", "EBIT": "531,200", "EBITDA": "-", "Reconciled Cost of Revenue": "1,601,700", "Reconciled Depreciation": "83,000", "Net Income from Continuing Operation Net Minority Interest": "401,800", "Total Unusual Items Excluding Goodwill": "-31,900", "Total Unusual Items": "-31,900", "Normalized EBITDA": "646,100", "Tax Rate for Calcs": "0", "Tax Effect of Unusual Items": "-4,913"}, "12/31/2018": {"Duration": "12/31/2018", "Total Revenue": "2,731,700", "Cost of Revenue": "1,558,400", "Gross Profit": "1,173,300", "Operating Expense": "647,500", "Operating Income": "525,800", "Net Non Operating Interest Income Expense": "-53,200", "Other Income Expense": "2,600", "Pretax Income": "475,200", "Tax Provision": "39,800", "Net Income Common Stockholders": "434,900", "Diluted NI Available to Com Stockholders": "434,900", "Basic EPS": "4.58", "Diluted EPS": "4.54", "Basic Average Shares": "95,000", "Diluted Average Shares": "95,700", "Total Operating Income as Reported": "525,800", "Total Expenses": "2,205,900", "Net Income from Continuing & Discontinued Operation": "434,900", "Normalized Income": "435,175", "Interest Income": "800", "Interest Expense": "54,000", "Net Interest Income": "-53,200", "EBIT": "529,200", "EBITDA": "-", "Reconciled Cost of Revenue": "1,558,400", "Reconciled Depreciation": "86,200", "Net Income from Continuing Operation Net Minority Interest": "434,900", "Total Unusual Items Excluding Goodwill": "-300", "Total Unusual Items": "-300", "Normalized EBITDA": "615,700", "Tax Rate for Calcs": "0", "Tax Effect of Unusual Items": "-25.2"}}, "bs": {"12/31/2020": {"Duration": "12/31/2020", "Total Assets": "3,069,400", "Total Liabilities Net Minority Interest": "2,236,800", "Total Equity Gross Minority Interest": "832,600", "Total Capitalization": "2,258,800", "Common Stock Equity": "829,400", "Net Tangible Assets": "-476,700", "Working Capital": "623,500", "Invested Capital": "2,259,000", "Tangible Book Value": "-476,700", "Total Debt": "1,429,600", "Net Debt": "949,200", "Share Issued": "91,213", "Ordinary Shares Number": "91,213"}, "12/31/2019": {"Duration": "12/31/2019", "Total Assets": "2,967,200", "Total Liabilities Net Minority Interest": "2,206,800", "Total Equity Gross Minority Interest": "760,400", "Total Capitalization": "2,185,000", "Common Stock Equity": "757,400", "Net Tangible Assets": "-626,800", "Working Capital": "494,800", "Invested Capital": "2,185,100", "Tangible Book Value": "-626,800", "Total Debt": "1,427,700", "Net Debt": "1,072,400", "Share Issued": "92,724", "Ordinary Shares Number": "92,724"}, "12/31/2018": {"Duration": "12/31/2018", "Total Assets": "2,810,200", "Total Liabilities Net Minority Interest": "2,156,200", "Total Equity Gross Minority Interest": "654,000", "Total Capitalization": "2,060,500", "Common Stock Equity": "651,000", "Net Tangible Assets": "-779,100", "Working Capital": "410,800", "Invested Capital": "2,095,800", "Tangible Book Value": "-779,100", "Total Debt": "1,444,800", "Net Debt": "1,161,000", "Share Issued": "94,637", "Ordinary Shares Number": "94,637"}}, "cf": {"TTM": {"Duration": "TTM", "Operating Cash Flow": "571,300", "Investing Cash Flow": "-42,500", "Financing Cash Flow": "-392,300", "End Cash Position": "385,200", "Capital Expenditure": "-41,600", "Issuance of Capital Stock": "-", "Issuance of Debt": "-3,200", "Repayment of Debt": "-", "Repurchase of Capital Stock": "-264,400", "Free Cash Flow": "529,700"}, "12/31/2020": {"Duration": "12/31/2020", "Operating Cash Flow": "490,300", "Investing Cash Flow": "-56,700", "Financing Cash Flow": "-321,900", "End Cash Position": "480,400", "Capital Expenditure": "-47,100", "Issuance of Capital Stock": "-", "Issuance of Debt": "0", "Repayment of Debt": "-200", "Repurchase of Capital Stock": "-208,800", "Free Cash Flow": "443,200"}, "12/31/2019": {"Duration": "12/31/2019", "Operating Cash Flow": "488,200", "Investing Cash Flow": "-77,600", "Financing Cash Flow": "-342,200", "End Cash Position": "358,700", "Capital Expenditure": "-65,600", "Issuance of Capital Stock": "-", "Issuance of Debt": "400,000", "Repayment of Debt": "-417,700", "Repurchase of Capital Stock": "-226,000", "Free Cash Flow": "422,600"}, "12/31/2018": {"Duration": "12/31/2018", "Operating Cash Flow": "457,800", "Investing Cash Flow": "-443,800", "Financing Cash Flow": "-183,400", "End Cash Position": "290,600", "Capital Expenditure": "-49,100", "Issuance of Capital Stock": "3,200", "Issuance of Debt": "115,000", "Repayment of Debt": "-150,500", "Repurchase of Capital Stock": "-67,300", "Free Cash Flow": "408,700"}}}}, {"APVS": {"quote": {"04/25/2021": {"value": "0.0057", "Market Cap": "484,778", "Beta (5Y Monthly)": "0.63", "PE Ratio (TTM)": "N/A", "EPS (TTM)": "-0.0090", "Earnings Date": "N/A", "Forward Dividend & Yield": "N/A (N/A)", "Ex-Dividend Date": "Nov 20, 1995", "1y Target Est": "N/A"}}, "fin": {}, "bs": {}, "cf": {}}}, {"BCO": {"quote": {"04/25/2021": {"value": "77.22", "Market Cap": "3.856B", "Beta (5Y Monthly)": "1.57", "PE Ratio (TTM)": "245.92", "EPS (TTM)": "0.31", "Earnings Date": "Apr 28, 2021", "Forward Dividend & Yield": "0.60 (0.78%)", "Ex-Dividend Date": "Feb 05, 2021", "1y Target Est": "92.00"}}, "fin": {"TTM": {"Duration": "TTM", "Total Revenue": "3,690,900", "Cost of Revenue": "2,877,300", "Gross Profit": "813,600", "Operating Expense": "580,600", "Operating Income": "233,000", "Net Non Operating Interest Income Expense": "-90,900", "Other Income Expense": "-62,800", "Pretax Income": "79,300", "Tax Provision": "56,600", "Net Income Common Stockholders": "16,000", "Diluted NI Available to Com Stockholders": "16,000", "Basic EPS": "-", "Diluted EPS": "-", "Basic Average Shares": "-", "Diluted Average Shares": "-", "Total Operating Income as Reported": "213,500", "Total Expenses": "3,457,900", "Net Income from Continuing & Discontinued Operation": "16,000", "Normalized Income": "31,984", "Interest Income": "5,600", "Interest Expense": "96,500", "Net Interest Income": "-90,900", "EBIT": "175,800", "EBITDA": "382,600", "Reconciled Cost of Revenue": "2,877,300", "Reconciled Depreciation": "206,800", "Net Income from Continuing Operation Net Minority Interest": "16,800", "Total Unusual Items Excluding Goodwill": "-20,800", "Total Unusual Items": "-20,800", "Normalized EBITDA": "403,400", "Tax Rate for Calcs": "0", "Tax Effect of Unusual Items": "-5,616"}, "12/31/2020": {"Duration": "12/31/2020", "Total Revenue": "3,690,900", "Cost of Revenue": "2,877,300", "Gross Profit": "813,600", "Operating Expense": "580,600", "Operating Income": "233,000", "Net Non Operating Interest Income Expense": "-90,900", "Other Income Expense": "-62,800", "Pretax Income": "79,300", "Tax Provision": "56,600", "Net Income Common Stockholders": "16,000", "Diluted NI Available to Com Stockholders": "16,000", "Basic EPS": "-", "Diluted EPS": "-", "Basic Average Shares": "-", "Diluted Average Shares": "-", "Total Operating Income as Reported": "213,500", "Total Expenses": "3,457,900", "Net Income from Continuing & Discontinued Operation": "16,000", "Normalized Income": "31,984", "Interest Income": "5,600", "Interest Expense": "96,500", "Net Interest Income": "-90,900", "EBIT": "175,800", "EBITDA": "-", "Reconciled Cost of Revenue": "2,877,300", "Reconciled Depreciation": "206,800", "Net Income from Continuing Operation Net Minority Interest": "16,800", "Total Unusual Items Excluding Goodwill": "-20,800", "Total Unusual Items": "-20,800", "Normalized EBITDA": "403,400", "Tax Rate for Calcs": "0", "Tax Effect of Unusual Items": "-5,616"}, "12/31/2019": {"Duration": "12/31/2019", "Total Revenue": "3,683,200", "Cost of Revenue": "2,832,100", "Gross Profit": "851,100", "Operating Expense": "601,500", "Operating Income": "249,600", "Net Non Operating Interest Income Expense": "-86,100", "Other Income Expense": "-70,000", "Pretax Income": "93,500", "Tax Provision": "61,000", "Net Income Common Stockholders": "29,000", "Diluted NI Available to Com Stockholders": "29,000", "Basic EPS": "0.58", "Diluted EPS": "0.57", "Basic Average Shares": "50,100", "Diluted Average Shares": "50,100", "Total Operating Income as Reported": "236,800", "Total Expenses": "3,433,600", "Net Income from Continuing & Discontinued Operation": "29,000", "Normalized Income": "39,688", "Interest Income": "5,600", "Interest Expense": "91,700", "Net Interest Income": "-86,100", "EBIT": "185,200", "EBITDA": "-", "Reconciled Cost of Revenue": "2,832,100", "Reconciled Depreciation": "185,000", "Net Income from Continuing Operation Net Minority Interest": "28,300", "Total Unusual Items Excluding Goodwill": "-15,600", "Total Unusual Items": "-15,600", "Normalized EBITDA": "385,800", "Tax Rate for Calcs": "0", "Tax Effect of Unusual Items": "-4,212"}, "12/31/2018": {"Duration": "12/31/2018", "Total Revenue": "3,488,900", "Cost of Revenue": "2,703,300", "Gross Profit": "785,600", "Operating Expense": "506,700", "Operating Income": "278,900", "Net Non Operating Interest Income Expense": "-59,800", "Other Income Expense": "-176,600", "Pretax Income": "42,500", "Tax Provision": "70,000", "Net Income Common Stockholders": "-33,300", "Diluted NI Available to Com Stockholders": "-33,300", "Basic EPS": "-0.65", "Diluted EPS": "-0.65", "Basic Average Shares": "49,700", "Diluted Average Shares": "49,700", "Total Operating Income as Reported": "274,700", "Total Expenses": "3,210,000", "Net Income from Continuing & Discontinued Operation": "-33,300", "Normalized Income": "66,345", "Interest Income": "6,900", "Interest Expense": "66,700", "Net Interest Income": "-59,800", "EBIT": "109,200", "EBITDA": "-", "Reconciled Cost of Revenue": "2,703,300", "Reconciled Depreciation": "162,300", "Net Income from Continuing Operation Net Minority Interest": "-33,300", "Total Unusual Items Excluding Goodwill": "-136,500", "Total Unusual Items": "-136,500", "Normalized EBITDA": "408,000", "Tax Rate for Calcs": "0", "Tax Effect of Unusual Items": "-36,855"}}, "bs": {"12/31/2020": {"Duration": "12/31/2020", "Total Assets": "5,135,600", "Total Liabilities Net Minority Interest": "4,933,100", "Total Equity Gross Minority Interest": "202,500", "Total Capitalization": "2,463,000", "Common Stock Equity": "128,800", "Capital Lease Obligations": "344,400", "Net Tangible Assets": "-1,516,500", "Working Capital": "478,600", "Invested Capital": "2,614,500", "Tangible Book Value": "-1,516,500", "Total Debt": "2,830,100", "Net Debt": "1,864,800", "Share Issued": "49,500", "Ordinary Shares Number": "49,500"}, "12/31/2019": {"Duration": "12/31/2019", "Total Assets": "3,763,800", "Total Liabilities Net Minority Interest": "3,556,200", "Total Equity Gross Minority Interest": "207,600", "Total Capitalization": "1,746,600", "Common Stock Equity": "191,800", "Capital Lease Obligations": "284,300", "Net Tangible Assets": "-865,300", "Working Capital": "230,600", "Invested Capital": "1,835,400", "Tangible Book Value": "-865,300", "Total Debt": "1,927,900", "Net Debt": "1,332,600", "Share Issued": "50,100", "Ordinary Shares Number": "50,100"}, "12/31/2018": {"Duration": "12/31/2018", "Total Assets": "3,236,000", "Total Liabilities Net Minority Interest": "3,069,400", "Total Equity Gross Minority Interest": "166,600", "Total Capitalization": "1,625,300", "Common Stock Equity": "153,700", "Capital Lease Obligations": "-", "Net Tangible Assets": "-753,800", "Working Capital": "357,100", "Invested Capital": "1,707,700", "Tangible Book Value": "-753,800", "Total Debt": "1,554,000", "Net Debt": "1,210,600", "Share Issued": "49,700", "Ordinary Shares Number": "49,700"}}, "cf": {"TTM": {"Duration": "TTM", "Operating Cash Flow": "317,700", "Investing Cash Flow": "-565,400", "Financing Cash Flow": "683,700", "End Cash Position": "942,900", "Income Tax Paid Supplemental Data": "76,800", "Interest Paid Supplemental Data": "80,400", "Capital Expenditure": "-118,500", "Issuance of Capital Stock": "-", "Issuance of Debt": "1,920,400", "Repayment of Debt": "-1,121,800", "Repurchase of Capital Stock": "-50,000", "Free Cash Flow": "199,200"}, "12/31/2020": {"Duration": "12/31/2020", "Operating Cash Flow": "317,700", "Investing Cash Flow": "-565,400", "Financing Cash Flow": "683,700", "End Cash Position": "942,900", "Income Tax Paid Supplemental Data": "76,800", "Interest Paid Supplemental Data": "80,400", "Capital Expenditure": "-118,500", "Issuance of Capital Stock": "-", "Issuance of Debt": "1,920,400", "Repayment of Debt": "-1,121,800", "Repurchase of Capital Stock": "-50,000", "Free Cash Flow": "199,200"}, "12/31/2019": {"Duration": "12/31/2019", "Operating Cash Flow": "368,600", "Investing Cash Flow": "-333,000", "Financing Cash Flow": "-38,000", "End Cash Position": "469,000", "Income Tax Paid Supplemental Data": "23,900", "Interest Paid Supplemental Data": "-", "Capital Expenditure": "-164,800", "Issuance of Capital Stock": "-", "Issuance of Debt": "1,227,700", "Repayment of Debt": "-1,196,400", "Repurchase of Capital Stock": "-", "Free Cash Flow": "203,800"}, "12/31/2018": {"Duration": "12/31/2018", "Operating Cash Flow": "364,100", "Investing Cash Flow": "-672,700", "Financing Cash Flow": "93,400", "End Cash Position": "479,500", "Income Tax Paid Supplemental Data": "90,600", "Interest Paid Supplemental Data": "-", "Capital Expenditure": "-155,100", "Issuance of Capital Stock": "0", "Issuance of Debt": "986,300", "Repayment of Debt": "-715,100", "Repurchase of Capital Stock": "-93,500", "Free Cash Flow": "209,000"}}}}, {"BLPG": {"quote": {"04/25/2021": {"value": "0.0130", "Market Cap": "11.513M", "Beta (5Y Monthly)": "2.36", "PE Ratio (TTM)": "N/A", "EPS (TTM)": "-0.0000", "Earnings Date": "N/A", "Forward Dividend & Yield": "N/A (N/A)", "Ex-Dividend Date": "N/A", "1y Target Est": "N/A"}}, "fin": {"TTM": {"Duration": "TTM", "Total Revenue": "4,193", "Cost of Revenue": "1,463", "Gross Profit": "2,730", "Operating Expense": "2,175", "Operating Income": "554.609", "Net Non Operating Interest Income Expense": "-421.68", "Other Income Expense": "-515.314", "Pretax Income": "-382.385", "Net Income Common Stockholders": "-382.385", "Diluted NI Available to Com Stockholders": "-382.385", "Basic EPS": "-", "Diluted EPS": "-", "Basic Average Shares": "-", "Diluted Average Shares": "-", "Total Operating Income as Reported": "554.609", "Total Expenses": "3,639", "Net Income from Continuing & Discontinued Operation": "-382.385", "Normalized Income": "137.429", "Interest Expense": "421.68", "Net Interest Income": "-421.68", "EBIT": "39.295", "EBITDA": "250.594", "Reconciled Cost of Revenue": "1,463", "Reconciled Depreciation": "211.299", "Net Income from Continuing Operation Net Minority Interest": "-382.385", "Total Unusual Items Excluding Goodwill": "-519.814", "Total Unusual Items": "-519.814", "Normalized EBITDA": "770.408", "Tax Rate for Calcs": "0", "Tax Effect of Unusual Items": "0"}, "12/31/2019": {"Duration": "12/31/2019", "Total Revenue": "4,126", "Cost of Revenue": "2,127", "Gross Profit": "1,999", "Operating Expense": "2,307", "Operating Income": "-308.697", "Net Non Operating Interest Income Expense": "-839.971", "Other Income Expense": "-459.615", "Pretax Income": "-1,608", "Net Income Common Stockholders": "-1,608", "Diluted NI Available to Com Stockholders": "-1,608", "Basic EPS": "-0.00", "Diluted EPS": "-0.00", "Basic Average Shares": "574,435", "Diluted Average Shares": "574,435", "Total Operating Income as Reported": "-308.697", "Total Expenses": "4,435", "Net Income from Continuing & Discontinued Operation": "-1,608", "Normalized Income": "-1,149", "Interest Expense": "839.971", "Net Interest Income": "-839.971", "EBIT": "-768.312", "EBITDA": "-", "Reconciled Cost of Revenue": "2,127", "Reconciled Depreciation": "130.831", "Net Income from Continuing Operation Net Minority Interest": "-1,608", "Total Unusual Items Excluding Goodwill": "-459.615", "Total Unusual Items": "-459.615", "Normalized EBITDA": "-177.866", "Tax Rate for Calcs": "0", "Tax Effect of Unusual Items": "0"}, "12/31/2018": {"Duration": "12/31/2018", "Total Revenue": "4,050", "Cost of Revenue": "2,712", "Gross Profit": "1,338", "Operating Expense": "2,166", "Operating Income": "-828.162", "Net Non Operating Interest Income Expense": "-1,362", "Other Income Expense": "937.36", "Pretax Income": "-1,253", "Net Income Common Stockholders": "-1,253", "Diluted NI Available to Com Stockholders": "-1,253", "Basic EPS": "-0.01", "Diluted EPS": "-0.01", "Basic Average Shares": "191,220", "Diluted Average Shares": "191,220", "Total Operating Income as Reported": "-828.162", "Total Expenses": "4,878", "Net Income from Continuing & Discontinued Operation": "-1,253", "Normalized Income": "-2,190", "Interest Expense": "1,362", "Net Interest Income": "-1,362", "EBIT": "109.198", "EBITDA": "-", "Reconciled Cost of Revenue": "2,705", "Reconciled Depreciation": "89.717", "Net Income from Continuing Operation Net Minority Interest": "-1,253", "Total Unusual Items Excluding Goodwill": "937.36", "Total Unusual Items": "937.36", "Normalized EBITDA": "-738.445", "Tax Rate for Calcs": "0", "Tax Effect of Unusual Items": "0"}}, "bs": {"12/31/2019": {"Duration": "12/31/2019", "Total Assets": "1,672", "Total Liabilities Net Minority Interest": "6,117", "Total Equity Gross Minority Interest": "-4,445", "Total Capitalization": "-4,445", "Preferred Stock Equity": "20", "Common Stock Equity": "-4,465", "Capital Lease Obligations": "989.167", "Net Tangible Assets": "-4,445", "Working Capital": "-4,937", "Invested Capital": "-1,560", "Tangible Book Value": "-4,465", "Total Debt": "3,895", "Net Debt": "2,860", "Share Issued": "793,357", "Ordinary Shares Number": "793,357", "Treasury Shares Number": "-"}, "12/31/2018": {"Duration": "12/31/2018", "Total Assets": "772.91", "Total Liabilities Net Minority Interest": "4,156", "Total Equity Gross Minority Interest": "-3,383", "Total Capitalization": "-3,383", "Preferred Stock Equity": "20", "Common Stock Equity": "-3,403", "Capital Lease Obligations": "92.039", "Net Tangible Assets": "-3,383", "Working Capital": "-3,760", "Invested Capital": "-881.478", "Tangible Book Value": "-3,403", "Total Debt": "2,614", "Net Debt": "2,506", "Share Issued": "368,469", "Ordinary Shares Number": "368,469", "Treasury Shares Number": "-"}}, "cf": {"TTM": {"Duration": "TTM", "Operating Cash Flow": "419.877", "Investing Cash Flow": "-24.97", "Financing Cash Flow": "-106.067", "End Cash Position": "308.258", "Income Tax Paid Supplemental Data": "0", "Interest Paid Supplemental Data": "-5.358", "Capital Expenditure": "-24.97", "Issuance of Capital Stock": "-", "Issuance of Debt": "-40.5", "Repayment of Debt": "-65.567", "Free Cash Flow": "394.907"}, "12/31/2019": {"Duration": "12/31/2019", "Operating Cash Flow": "-336.051", "Investing Cash Flow": "-86.602", "Financing Cash Flow": "451.904", "End Cash Position": "45.113", "Income Tax Paid Supplemental Data": "0", "Interest Paid Supplemental Data": "0.06", "Capital Expenditure": "-86.602", "Issuance of Capital Stock": "-", "Issuance of Debt": "569.317", "Repayment of Debt": "-117.413", "Free Cash Flow": "-422.653"}, "12/31/2018": {"Duration": "12/31/2018", "Operating Cash Flow": "-856.18", "Investing Cash Flow": "-216.74", "Financing Cash Flow": "1,051", "End Cash Position": "15.862", "Income Tax Paid Supplemental Data": "0", "Interest Paid Supplemental Data": "3.432", "Capital Expenditure": "-216.74", "Issuance of Capital Stock": "-", "Issuance of Debt": "1,296", "Repayment of Debt": "-244.489", "Free Cash Flow": "-1,073"}}}}, {"CIX": {"quote": {"04/25/2021": {"value": "24.08", "Market Cap": "292.916M", "Beta (5Y Monthly)": "0.42", "PE Ratio (TTM)": "29.05", "EPS (TTM)": "0.83", "Earnings Date": "May 03, 2021 - May 07, 2021", "Forward Dividend & Yield": "0.50 (2.08%)", "Ex-Dividend Date": "Mar 12, 2021", "1y Target Est": "N/A"}}, "fin": {"TTM": {"Duration": "TTM", "Total Revenue": "114,537", "Cost of Revenue": "81,689", "Gross Profit": "32,848", "Operating Expense": "21,031", "Operating Income": "11,817", "Net Non Operating Interest Income Expense": "1,680", "Other Income Expense": "-", "Pretax Income": "13,497", "Tax Provision": "3,174", "Net Income Common Stockholders": "10,323", "Diluted NI Available to Com Stockholders": "10,323", "Basic EPS": "-", "Diluted EPS": "-", "Basic Average Shares": "-", "Diluted Average Shares": "-", "Total Operating Income as Reported": "11,817", "Total Expenses": "102,720", "Net Income from Continuing & Discontinued Operation": "10,323", "Normalized Income": "10,323", "Interest Income": "1,680", "Net Interest Income": "1,680", "EBIT": "11,817", "EBITDA": "15,644", "Reconciled Cost of Revenue": "81,689", "Reconciled Depreciation": "3,827", "Net Income from Continuing Operation Net Minority Interest": "10,323", "Total Unusual Items Excluding Goodwill": "-", "Total Unusual Items": "-", "Normalized EBITDA": "15,644", "Tax Rate for Calcs": "0", "Tax Effect of Unusual Items": "0"}, "12/31/2020": {"Duration": "12/31/2020", "Total Revenue": "114,537", "Cost of Revenue": "81,689", "Gross Profit": "32,848", "Operating Expense": "21,031", "Operating Income": "11,817", "Net Non Operating Interest Income Expense": "1,680", "Other Income Expense": "-", "Pretax Income": "13,497", "Tax Provision": "3,174", "Net Income Common Stockholders": "10,323", "Diluted NI Available to Com Stockholders": "10,323", "Basic EPS": "-", "Diluted EPS": "-", "Basic Average Shares": "-", "Diluted Average Shares": "-", "Total Operating Income as Reported": "11,817", "Total Expenses": "102,720", "Net Income from Continuing & Discontinued Operation": "10,323", "Normalized Income": "10,323", "Interest Income": "1,680", "Net Interest Income": "1,680", "EBIT": "11,817", "EBITDA": "-", "Reconciled Cost of Revenue": "81,689", "Reconciled Depreciation": "3,827", "Net Income from Continuing Operation Net Minority Interest": "10,323", "Total Unusual Items Excluding Goodwill": "-", "Total Unusual Items": "-", "Normalized EBITDA": "15,644", "Tax Rate for Calcs": "0", "Tax Effect of Unusual Items": "0"}, "12/31/2019": {"Duration": "12/31/2019", "Total Revenue": "124,243", "Cost of Revenue": "85,280", "Gross Profit": "38,963", "Operating Expense": "21,297", "Operating Income": "17,666", "Net Non Operating Interest Income Expense": "3,270", "Other Income Expense": "-", "Pretax Income": "20,936", "Tax Provision": "4,938", "Net Income Common Stockholders": "15,998", "Diluted NI Available to Com Stockholders": "15,998", "Basic EPS": "1.29", "Diluted EPS": "1.29", "Basic Average Shares": "12,400", "Diluted Average Shares": "12,400", "Total Operating Income as Reported": "17,666", "Total Expenses": "106,577", "Net Income from Continuing & Discontinued Operation": "15,998", "Normalized Income": "15,998", "Interest Income": "3,270", "Net Interest Income": "3,270", "EBIT": "17,666", "EBITDA": "-", "Reconciled Cost of Revenue": "85,280", "Reconciled Depreciation": "3,684", "Net Income from Continuing Operation Net Minority Interest": "15,998", "Total Unusual Items Excluding Goodwill": "-", "Total Unusual Items": "-", "Normalized EBITDA": "21,350", "Tax Rate for Calcs": "0", "Tax Effect of Unusual Items": "0"}, "12/31/2018": {"Duration": "12/31/2018", "Total Revenue": "118,217", "Cost of Revenue": "79,946", "Gross Profit": "38,271", "Operating Expense": "20,460", "Operating Income": "17,811", "Net Non Operating Interest Income Expense": "2,664", "Other Income Expense": "-", "Pretax Income": "20,475", "Tax Provision": "5,150", "Net Income Common Stockholders": "15,325", "Diluted NI Available to Com Stockholders": "15,325", "Basic EPS": "1.23", "Diluted EPS": "1.23", "Basic Average Shares": "12,400", "Diluted Average Shares": "12,400", "Total Operating Income as Reported": "17,811", "Total Expenses": "100,406", "Net Income from Continuing & Discontinued Operation": "15,325", "Normalized Income": "15,325", "Interest Income": "2,664", "Net Interest Income": "2,664", "EBIT": "17,811", "EBITDA": "-", "Reconciled Cost of Revenue": "79,946", "Reconciled Depreciation": "3,454", "Net Income from Continuing Operation Net Minority Interest": "15,325", "Total Unusual Items Excluding Goodwill": "-", "Total Unusual Items": "-", "Normalized EBITDA": "21,265", "Tax Rate for Calcs": "0", "Tax Effect of Unusual Items": "0"}}, "bs": {"12/31/2020": {"Duration": "12/31/2020", "Total Assets": "184,045", "Total Liabilities Net Minority Interest": "16,389", "Total Equity Gross Minority Interest": "167,656", "Total Capitalization": "167,656", "Common Stock Equity": "167,656", "Net Tangible Assets": "143,914", "Working Capital": "88,096", "Invested Capital": "167,656", "Tangible Book Value": "143,914", "Share Issued": "12,443", "Ordinary Shares Number": "12,443"}, "12/31/2019": {"Duration": "12/31/2019", "Total Assets": "178,544", "Total Liabilities Net Minority Interest": "16,349", "Total Equity Gross Minority Interest": "162,195", "Total Capitalization": "162,195", "Common Stock Equity": "162,195", "Net Tangible Assets": "138,453", "Working Capital": "82,035", "Invested Capital": "162,195", "Tangible Book Value": "138,453", "Share Issued": "12,443", "Ordinary Shares Number": "12,443"}, "12/31/2018": {"Duration": "12/31/2018", "Total Assets": "166,429", "Total Liabilities Net Minority Interest": "16,867", "Total Equity Gross Minority Interest": "149,562", "Total Capitalization": "149,562", "Common Stock Equity": "149,562", "Net Tangible Assets": "125,820", "Working Capital": "62,616", "Invested Capital": "149,562", "Tangible Book Value": "125,820", "Share Issued": "12,436", "Ordinary Shares Number": "12,436"}}, "cf": {"TTM": {"Duration": "TTM", "Operating Cash Flow": "15,502", "Investing Cash Flow": "-3,140", "Financing Cash Flow": "-4,980", "End Cash Position": "70,637", "Income Tax Paid Supplemental Data": "3,261", "Capital Expenditure": "-1,740", "Free Cash Flow": "13,762"}, "12/31/2020": {"Duration": "12/31/2020", "Operating Cash Flow": "15,502", "Investing Cash Flow": "-3,140", "Financing Cash Flow": "-4,980", "End Cash Position": "70,637", "Income Tax Paid Supplemental Data": "3,261", "Capital Expenditure": "-1,740", "Free Cash Flow": "13,762"}, "12/31/2019": {"Duration": "12/31/2019", "Operating Cash Flow": "18,465", "Investing Cash Flow": "2,859", "Financing Cash Flow": "-3,483", "End Cash Position": "63,255", "Income Tax Paid Supplemental Data": "5,027", "Capital Expenditure": "-3,166", "Free Cash Flow": "15,299"}, "12/31/2018": {"Duration": "12/31/2018", "Operating Cash Flow": "17,163", "Investing Cash Flow": "1,083", "Financing Cash Flow": "-2,487", "End Cash Position": "45,414", "Income Tax Paid Supplemental Data": "4,370", "Capital Expenditure": "-3,117", "Free Cash Flow": "14,046"}}}}, {"KTOS": {"quote": {"04/25/2021": {"value": "27.03", "Market Cap": "3.277B", "Beta (5Y Monthly)": "0.76", "PE Ratio (TTM)": "40.22", "EPS (TTM)": "0.67", "Earnings Date": "May 05, 2021 - May 10, 2021", "Forward Dividend & Yield": "N/A (N/A)", "Ex-Dividend Date": "N/A", "1y Target Est": "28.56"}}, "fin": {"TTM": {"Duration": "TTM", "Total Revenue": "747,700", "Cost of Revenue": "544,500", "Gross Profit": "203,200", "Operating Expense": "171,500", "Operating Income": "31,700", "Net Non Operating Interest Income Expense": "-22,800", "Other Income Expense": "-2,100", "Pretax Income": "6,800", "Tax Provision": "-73,500", "Net Income Common Stockholders": "79,600", "Diluted NI Available to Com Stockholders": "79,600", "Basic EPS": "-", "Diluted EPS": "-", "Basic Average Shares": "-", "Diluted Average Shares": "-", "Total Operating Income as Reported": "29,300", "Total Expenses": "716,000", "Net Income from Continuing & Discontinued Operation": "79,600", "Normalized Income": "82,252", "Interest Income": "800", "Interest Expense": "23,600", "Net Interest Income": "-22,800", "EBIT": "30,400", "EBITDA": "64,400", "Reconciled Cost of Revenue": "544,500", "Reconciled Depreciation": "34,000", "Net Income from Continuing Operation Net Minority Interest": "80,500", "Total Unusual Items Excluding Goodwill": "-2,400", "Total Unusual Items": "-2,400", "Normalized EBITDA": "66,800", "Tax Rate for Calcs": "0", "Tax Effect of Unusual Items": "-648"}, "12/31/2020": {"Duration": "12/31/2020", "Total Revenue": "747,700", "Cost of Revenue": "544,500", "Gross Profit": "203,200", "Operating Expense": "171,500", "Operating Income": "31,700", "Net Non Operating Interest Income Expense": "-22,800", "Other Income Expense": "-2,100", "Pretax Income": "6,800", "Tax Provision": "-73,500", "Net Income Common Stockholders": "79,600", "Diluted NI Available to Com Stockholders": "79,600", "Basic EPS": "-", "Diluted EPS": "-", "Basic Average Shares": "-", "Diluted Average Shares": "-", "Total Operating Income as Reported": "29,300", "Total Expenses": "716,000", "Net Income from Continuing & Discontinued Operation": "79,600", "Normalized Income": "82,252", "Interest Income": "800", "Interest Expense": "23,600", "Net Interest Income": "-22,800", "EBIT": "30,400", "EBITDA": "-", "Reconciled Cost of Revenue": "544,500", "Reconciled Depreciation": "34,000", "Net Income from Continuing Operation Net Minority Interest": "80,500", "Total Unusual Items Excluding Goodwill": "-2,400", "Total Unusual Items": "-2,400", "Normalized EBITDA": "66,800", "Tax Rate for Calcs": "0", "Tax Effect of Unusual Items": "-648"}, "12/31/2019": {"Duration": "12/31/2019", "Total Revenue": "717,500", "Cost of Revenue": "527,500", "Gross Profit": "190,000", "Operating Expense": "148,800", "Operating Income": "41,200", "Net Non Operating Interest Income Expense": "-21,600", "Other Income Expense": "-3,900", "Pretax Income": "15,700", "Tax Provision": "4,800", "Net Income Common Stockholders": "12,500", "Diluted NI Available to Com Stockholders": "12,500", "Basic EPS": "0.12", "Diluted EPS": "0.11", "Basic Average Shares": "106,000", "Diluted Average Shares": "109,200", "Total Operating Income as Reported": "38,000", "Total Expenses": "676,300", "Net Income from Continuing & Discontinued Operation": "12,500", "Normalized Income": "13,022", "Interest Income": "1,900", "Interest Expense": "23,500", "Net Interest Income": "-21,600", "EBIT": "39,200", "EBITDA": "-", "Reconciled Cost of Revenue": "527,500", "Reconciled Depreciation": "35,100", "Net Income from Continuing Operation Net Minority Interest": "10,800", "Total Unusual Items Excluding Goodwill": "-3,200", "Total Unusual Items": "-3,200", "Normalized EBITDA": "77,500", "Tax Rate for Calcs": "0", "Tax Effect of Unusual Items": "-978.3439"}, "12/31/2018": {"Duration": "12/31/2018", "Total Revenue": "618,000", "Cost of Revenue": "448,300", "Gross Profit": "169,700", "Operating Expense": "135,400", "Operating Income": "34,300", "Net Non Operating Interest Income Expense": "-20,800", "Other Income Expense": "-4,800", "Pretax Income": "8,700", "Tax Provision": "4,600", "Net Income Common Stockholders": "-3,500", "Diluted NI Available to Com Stockholders": "-3,500", "Basic EPS": "-0.03", "Diluted EPS": "-0.03", "Basic Average Shares": "103,800", "Diluted Average Shares": "106,100", "Total Operating Income as Reported": "30,500", "Total Expenses": "583,700", "Net Income from Continuing & Discontinued Operation": "-3,500", "Normalized Income": "6,874", "Interest Income": "800", "Interest Expense": "21,600", "Net Interest Income": "-20,800", "EBIT": "30,300", "EBITDA": "-", "Reconciled Cost of Revenue": "448,300", "Reconciled Depreciation": "17,900", "Net Income from Continuing Operation Net Minority Interest": "4,100", "Total Unusual Items Excluding Goodwill": "-3,800", "Total Unusual Items": "-3,800", "Normalized EBITDA": "52,000", "Tax Rate for Calcs": "0", "Tax Effect of Unusual Items": "-1,026"}}, "bs": {"12/31/2020": {"Duration": "12/31/2020", "Total Assets": "1,562,800", "Total Liabilities Net Minority Interest": "637,500", "Total Equity Gross Minority Interest": "925,300", "Total Capitalization": "1,226,300", "Common Stock Equity": "925,300", "Capital Lease Obligations": "47,500", "Net Tangible Assets": "398,400", "Working Capital": "567,200", "Invested Capital": "1,226,300", "Tangible Book Value": "398,400", "Total Debt": "348,500", "Net Debt": "-", "Share Issued": "123,047", "Ordinary Shares Number": "123,047", "Preferred Shares Number": "10"}, "12/31/2019": {"Duration": "12/31/2019", "Total Assets": "1,186,000", "Total Liabilities Net Minority Interest": "611,900", "Total Equity Gross Minority Interest": "574,100", "Total Capitalization": "869,200", "Common Stock Equity": "574,100", "Capital Lease Obligations": "47,500", "Net Tangible Assets": "79,000", "Working Capital": "339,500", "Invested Capital": "869,200", "Tangible Book Value": "79,000", "Total Debt": "342,600", "Net Debt": "122,500", "Share Issued": "106,636", "Ordinary Shares Number": "106,636", "Preferred Shares Number": "10"}, "12/31/2018": {"Duration": "12/31/2018", "Total Assets": "1,010,100", "Total Liabilities Net Minority Interest": "490,800", "Total Equity Gross Minority Interest": "519,300", "Total Capitalization": "813,500", "Common Stock Equity": "519,300", "Capital Lease Obligations": "-", "Net Tangible Assets": "77,500", "Working Capital": "330,000", "Invested Capital": "813,500", "Tangible Book Value": "77,500", "Total Debt": "294,200", "Net Debt": "111,500", "Share Issued": "103,767", "Ordinary Shares Number": "103,767", "Preferred Shares Number": "10"}}, "cf": {"TTM": {"Duration": "TTM", "Operating Cash Flow": "46,600", "Investing Cash Flow": "-87,300", "Financing Cash Flow": "247,700", "Cash Flow from Discontinued Operation": "-", "End Cash Position": "381,500", "Income Tax Paid Supplemental Data": "2,500", "Interest Paid Supplemental Data": "19,900", "Capital Expenditure": "-35,900", "Issuance of Capital Stock": "-", "Issuance of Debt": "5,100", "Repayment of Debt": "-1,200", "Repurchase of Capital Stock": "-", "Free Cash Flow": "10,700"}, "12/31/2020": {"Duration": "12/31/2020", "Operating Cash Flow": "46,600", "Investing Cash Flow": "-87,300", "Financing Cash Flow": "247,700", "Cash Flow from Discontinued Operation": "-", "End Cash Position": "381,500", "Income Tax Paid Supplemental Data": "2,500", "Interest Paid Supplemental Data": "19,900", "Capital Expenditure": "-35,900", "Issuance of Capital Stock": "240,400", "Issuance of Debt": "5,100", "Repayment of Debt": "-1,200", "Repurchase of Capital Stock": "-", "Free Cash Flow": "10,700"}, "12/31/2019": {"Duration": "12/31/2019", "Operating Cash Flow": "30,000", "Investing Cash Flow": "-43,700", "Financing Cash Flow": "3,500", "Cash Flow from Discontinued Operation": "-", "End Cash Position": "172,600", "Income Tax Paid Supplemental Data": "600", "Interest Paid Supplemental Data": "19,900", "Capital Expenditure": "-26,300", "Issuance of Capital Stock": "-", "Issuance of Debt": "0", "Repayment of Debt": "-500", "Repurchase of Capital Stock": "0", "Free Cash Flow": "3,700"}, "12/31/2018": {"Duration": "12/31/2018", "Operating Cash Flow": "10,400", "Investing Cash Flow": "40,500", "Financing Cash Flow": "1,700", "Cash Flow from Discontinued Operation": "-7,700", "End Cash Position": "183,000", "Income Tax Paid Supplemental Data": "1,500", "Interest Paid Supplemental Data": "20,500", "Capital Expenditure": "-22,600", "Issuance of Capital Stock": "-", "Issuance of Debt": "0", "Repayment of Debt": "-800", "Repurchase of Capital Stock": "-1,100", "Free Cash Flow": "-12,200"}}}}, {"EKCS": {"quote": {"04/25/2021": {"value": "0.5448", "Market Cap": "222,131", "Beta (5Y Monthly)": "2.11", "PE Ratio (TTM)": "N/A", "EPS (TTM)": "-0.0730", "Earnings Date": "N/A", "Forward Dividend & Yield": "N/A (N/A)", "Ex-Dividend Date": "N/A", "1y Target Est": "N/A"}}, "fin": {}, "bs": {}, "cf": {}}}, {"MG": {"quote": {"04/25/2021": {"value": "11.05", "Market Cap": "316.672M", "Beta (5Y Monthly)": "2.20", "PE Ratio (TTM)": "N/A", "EPS (TTM)": "-3.41", "Earnings Date": "May 17, 2021 - May 21, 2021", "Forward Dividend & Yield": "N/A (N/A)", "Ex-Dividend Date": "N/A", "1y Target Est": "12.67"}}, "fin": {"TTM": {"Duration": "TTM", "Total Revenue": "592,571", "Cost of Revenue": "414,040", "Gross Profit": "178,531", "Operating Expense": "173,349", "Operating Income": "5,182", "Net Non Operating Interest Income Expense": "-12,955", "Other Income Expense": "-106,399", "Pretax Income": "-114,172", "Tax Provision": "-14,706", "Net Income Common Stockholders": "-99,461", "Diluted NI Available to Com Stockholders": "-99,461", "Basic EPS": "-", "Diluted EPS": "-", "Basic Average Shares": "-", "Diluted Average Shares": "-", "Total Operating Income as Reported": "-101,217", "Total Expenses": "587,389", "Net Income from Continuing & Discontinued Operation": "-99,461", "Normalized Income": "-6,787", "Interest Expense": "12,955", "Net Interest Income": "-12,955", "EBIT": "-101,217", "EBITDA": "-65,512", "Reconciled Cost of Revenue": "391,855", "Reconciled Depreciation": "35,705", "Net Income from Continuing Operation Net Minority Interest": "-99,461", "Total Unusual Items Excluding Goodwill": "-106,399", "Total Unusual Items": "-106,399", "Normalized EBITDA": "40,887", "Tax Rate for Calcs": "0", "Tax Effect of Unusual Items": "-13,725"}, "12/31/2020": {"Duration": "12/31/2020", "Total Revenue": "592,571", "Cost of Revenue": "414,040", "Gross Profit": "178,531", "Operating Expense": "173,349", "Operating Income": "5,182", "Net Non Operating Interest Income Expense": "-12,955", "Other Income Expense": "-106,399", "Pretax Income": "-114,172", "Tax Provision": "-14,706", "Net Income Common Stockholders": "-99,461", "Diluted NI Available to Com Stockholders": "-99,461", "Basic EPS": "-", "Diluted EPS": "-", "Basic Average Shares": "-", "Diluted Average Shares": "-", "Total Operating Income as Reported": "-101,217", "Total Expenses": "587,389", "Net Income from Continuing & Discontinued Operation": "-99,461", "Normalized Income": "-6,787", "Interest Expense": "12,955", "Net Interest Income": "-12,955", "EBIT": "-101,217", "EBITDA": "-", "Reconciled Cost of Revenue": "391,855", "Reconciled Depreciation": "35,705", "Net Income from Continuing Operation Net Minority Interest": "-99,461", "Total Unusual Items Excluding Goodwill": "-106,399", "Total Unusual Items": "-106,399", "Normalized EBITDA": "40,887", "Tax Rate for Calcs": "0", "Tax Effect of Unusual Items": "-13,725"}, "12/31/2019": {"Duration": "12/31/2019", "Total Revenue": "748,586", "Cost of Revenue": "531,289", "Gross Profit": "217,297", "Operating Expense": "192,285", "Operating Income": "25,012", "Net Non Operating Interest Income Expense": "-13,698", "Other Income Expense": "-875", "Pretax Income": "10,439", "Tax Provision": "4,359", "Net Income Common Stockholders": "6,060", "Diluted NI Available to Com Stockholders": "6,060", "Basic EPS": "0.21", "Diluted EPS": "0.21", "Basic Average Shares": "28,740", "Diluted Average Shares": "29,046", "Total Operating Income as Reported": "24,137", "Total Expenses": "723,574", "Net Income from Continuing & Discontinued Operation": "6,060", "Normalized Income": "6,699", "Interest Expense": "13,698", "Net Interest Income": "-13,698", "EBIT": "24,137", "EBITDA": "-", "Reconciled Cost of Revenue": "509,489", "Reconciled Depreciation": "38,533", "Net Income from Continuing Operation Net Minority Interest": "6,060", "Total Unusual Items Excluding Goodwill": "-875", "Total Unusual Items": "-875", "Normalized EBITDA": "63,545", "Tax Rate for Calcs": "0", "Tax Effect of Unusual Items": "-236.25"}, "12/31/2018": {"Duration": "12/31/2018", "Total Revenue": "742,354", "Cost of Revenue": "534,480", "Gross Profit": "207,874", "Operating Expense": "187,505", "Operating Income": "20,369", "Net Non Operating Interest Income Expense": "-7,950", "Other Income Expense": "1,852", "Pretax Income": "14,271", "Tax Provision": "7,426", "Net Income Common Stockholders": "6,836", "Diluted NI Available to Com Stockholders": "6,836", "Basic EPS": "0.24", "Diluted EPS": "0.23", "Basic Average Shares": "28,406", "Diluted Average Shares": "29,427", "Total Operating Income as Reported": "22,221", "Total Expenses": "721,985", "Net Income from Continuing & Discontinued Operation": "6,836", "Normalized Income": "5,484", "Interest Expense": "7,950", "Net Interest Income": "-7,950", "EBIT": "22,221", "EBITDA": "-", "Reconciled Cost of Revenue": "512,024", "Reconciled Depreciation": "34,413", "Net Income from Continuing Operation Net Minority Interest": "6,836", "Total Unusual Items Excluding Goodwill": "1,852", "Total Unusual Items": "1,852", "Normalized EBITDA": "54,782", "Tax Rate for Calcs": "0", "Tax Effect of Unusual Items": "500.04"}}, "bs": {"12/31/2020": {"Duration": "12/31/2020", "Total Assets": "583,313", "Total Liabilities Net Minority Interest": "386,094", "Total Equity Gross Minority Interest": "197,219", "Total Capitalization": "406,559", "Common Stock Equity": "197,021", "Capital Lease Obligations": "25,228", "Net Tangible Assets": "-77,629", "Working Capital": "52,741", "Invested Capital": "417,237", "Tangible Book Value": "-77,629", "Total Debt": "245,444", "Net Debt": "194,456", "Share Issued": "29,234", "Ordinary Shares Number": "29,234", "Treasury Shares Number": "-"}, "12/31/2019": {"Duration": "12/31/2019", "Total Assets": "719,878", "Total Liabilities Net Minority Interest": "433,856", "Total Equity Gross Minority Interest": "286,022", "Total Capitalization": "533,942", "Common Stock Equity": "285,822", "Capital Lease Obligations": "27,307", "Net Tangible Assets": "-106,125", "Working Capital": "69,915", "Invested Capital": "540,535", "Tangible Book Value": "-106,125", "Total Debt": "282,020", "Net Debt": "239,697", "Share Issued": "28,945", "Ordinary Shares Number": "28,945", "Treasury Shares Number": "-"}, "12/31/2018": {"Duration": "12/31/2018", "Total Assets": "694,037", "Total Liabilities Net Minority Interest": "422,963", "Total Equity Gross Minority Interest": "271,074", "Total Capitalization": "554,684", "Common Stock Equity": "270,897", "Capital Lease Obligations": "12,997", "Net Tangible Assets": "-119,757", "Working Capital": "102,320", "Invested Capital": "561,517", "Tangible Book Value": "-119,757", "Total Debt": "303,617", "Net Debt": "265,076", "Share Issued": "28,563", "Ordinary Shares Number": "28,563", "Treasury Shares Number": "-"}}, "cf": {"TTM": {"Duration": "TTM", "Operating Cash Flow": "67,802", "Investing Cash Flow": "-14,969", "Financing Cash Flow": "-44,169", "End Cash Position": "25,760", "Income Tax Paid Supplemental Data": "543", "Interest Paid Supplemental Data": "12,465", "Capital Expenditure": "-15,772", "Issuance of Debt": "38,034", "Repayment of Debt": "-78,121", "Repurchase of Capital Stock": "-", "Free Cash Flow": "52,030"}, "12/31/2020": {"Duration": "12/31/2020", "Operating Cash Flow": "67,802", "Investing Cash Flow": "-14,969", "Financing Cash Flow": "-44,169", "End Cash Position": "25,760", "Income Tax Paid Supplemental Data": "543", "Interest Paid Supplemental Data": "12,465", "Capital Expenditure": "-15,772", "Issuance of Debt": "38,034", "Repayment of Debt": "-78,121", "Repurchase of Capital Stock": "-", "Free Cash Flow": "52,030"}, "12/31/2019": {"Duration": "12/31/2019", "Operating Cash Flow": "59,110", "Investing Cash Flow": "-25,280", "Financing Cash Flow": "-44,137", "End Cash Position": "15,016", "Income Tax Paid Supplemental Data": "6,096", "Interest Paid Supplemental Data": "14,158", "Capital Expenditure": "-22,920", "Issuance of Debt": "32,983", "Repayment of Debt": "-73,102", "Repurchase of Capital Stock": "0", "Free Cash Flow": "36,190"}, "12/31/2018": {"Duration": "12/31/2018", "Operating Cash Flow": "41,664", "Investing Cash Flow": "-155,450", "Financing Cash Flow": "113,969", "End Cash Position": "25,544", "Income Tax Paid Supplemental Data": "10,983", "Interest Paid Supplemental Data": "7,751", "Capital Expenditure": "-21,125", "Issuance of Debt": "177,534", "Repayment of Debt": "-58,550", "Repurchase of Capital Stock": "0", "Free Cash Flow": "20,539"}}}}, {"NXTD": {"quote": {"04/25/2021": {"value": "0.7770", "Market Cap": "40.842M", "Beta (5Y Monthly)": "2.01", "PE Ratio (TTM)": "N/A", "EPS (TTM)": "-0.1140", "Earnings Date": "Aug 18, 2020", "Forward Dividend & Yield": "N/A (N/A)", "Ex-Dividend Date": "N/A", "1y Target Est": "N/A"}}, "fin": {"TTM": {"Duration": "TTM", "Total Revenue": "11,443", "Cost of Revenue": "3,242", "Gross Profit": "8,201", "Operating Expense": "8,787", "Operating Income": "-586.078", "Net Non Operating Interest Income Expense": "-2,254", "Other Income Expense": "-", "Pretax Income": "-2,840", "Tax Provision": "24.886", "Net Income Common Stockholders": "-3,724", "Diluted NI Available to Com Stockholders": "-3,724", "Basic EPS": "-", "Diluted EPS": "-", "Basic Average Shares": "-", "Diluted Average Shares": "-", "Total Operating Income as Reported": "-586.078", "Total Expenses": "12,029", "Net Income from Continuing & Discontinued Operation": "-2,865", "Normalized Income": "-2,865", "Interest Income": "-", "Interest Expense": "2,254", "Net Interest Income": "-2,254", "EBIT": "-586.078", "EBITDA": "241.584", "Reconciled Cost of Revenue": "3,242", "Reconciled Depreciation": "827.662", "Net Income from Continuing Operation Net Minority Interest": "-2,865", "Total Unusual Items Excluding Goodwill": "0", "Total Unusual Items": "0", "Normalized EBITDA": "241.584", "Tax Rate for Calcs": "0", "Tax Effect of Unusual Items": "0"}, "12/31/2020": {"Duration": "12/31/2020", "Total Revenue": "11,443", "Cost of Revenue": "3,242", "Gross Profit": "8,201", "Operating Expense": "8,787", "Operating Income": "-586.078", "Net Non Operating Interest Income Expense": "-2,254", "Other Income Expense": "-", "Pretax Income": "-2,840", "Tax Provision": "24.886", "Net Income Common Stockholders": "-3,724", "Diluted NI Available to Com Stockholders": "-3,724", "Basic EPS": "-", "Diluted EPS": "-", "Basic Average Shares": "-", "Diluted Average Shares": "-", "Total Operating Income as Reported": "-586.078", "Total Expenses": "12,029", "Net Income from Continuing & Discontinued Operation": "-2,865", "Normalized Income": "-2,865", "Interest Income": "-", "Interest Expense": "2,254", "Net Interest Income": "-2,254", "EBIT": "-586.078", "EBITDA": "-", "Reconciled Cost of Revenue": "3,242", "Reconciled Depreciation": "827.662", "Net Income from Continuing Operation Net Minority Interest": "-2,865", "Total Unusual Items Excluding Goodwill": "0", "Total Unusual Items": "0", "Normalized EBITDA": "241.584", "Tax Rate for Calcs": "0", "Tax Effect of Unusual Items": "0"}, "12/31/2019": {"Duration": "12/31/2019", "Total Revenue": "17,137", "Cost of Revenue": "4,368", "Gross Profit": "12,769", "Operating Expense": "10,191", "Operating Income": "2,578", "Net Non Operating Interest Income Expense": "-3,020", "Other Income Expense": "-2,259", "Pretax Income": "-2,701", "Tax Provision": "-332.571", "Net Income Common Stockholders": "-11,939", "Diluted NI Available to Com Stockholders": "-11,939", "Basic EPS": "-0.42", "Diluted EPS": "-0.42", "Basic Average Shares": "28,717", "Diluted Average Shares": "28,717", "Total Operating Income as Reported": "2,578", "Total Expenses": "14,560", "Net Income from Continuing & Discontinued Operation": "-11,789", "Normalized Income": "-313.0705", "Interest Income": "-", "Interest Expense": "3,020", "Net Interest Income": "-3,020", "EBIT": "319.023", "EBITDA": "-", "Reconciled Cost of Revenue": "4,368", "Reconciled Depreciation": "835.907", "Net Income from Continuing Operation Net Minority Interest": "-2,368", "Total Unusual Items Excluding Goodwill": "-2,344", "Total Unusual Items": "-2,344", "Normalized EBITDA": "3,499", "Tax Rate for Calcs": "0", "Tax Effect of Unusual Items": "-288.5315"}, "12/31/2018": {"Duration": "12/31/2018", "Total Revenue": "17,117", "Cost of Revenue": "4,804", "Gross Profit": "12,313", "Operating Expense": "11,725", "Operating Income": "587.489", "Net Non Operating Interest Income Expense": "-2,967", "Other Income Expense": "1,085", "Pretax Income": "-1,294", "Tax Provision": "34.323", "Net Income Common Stockholders": "-7,190", "Diluted NI Available to Com Stockholders": "-7,190", "Basic EPS": "-0.29", "Diluted EPS": "-0.29", "Basic Average Shares": "24,562", "Diluted Average Shares": "24,562", "Total Operating Income as Reported": "587.489", "Total Expenses": "16,529", "Net Income from Continuing & Discontinued Operation": "-7,090", "Normalized Income": "-1,027", "Interest Income": "-", "Interest Expense": "2,967", "Net Interest Income": "-2,967", "EBIT": "1,673", "EBITDA": "-", "Reconciled Cost of Revenue": "4,804", "Reconciled Depreciation": "905.754", "Net Income from Continuing Operation Net Minority Interest": "-1,329", "Total Unusual Items Excluding Goodwill": "-413.493", "Total Unusual Items": "-413.493", "Normalized EBITDA": "2,992", "Tax Rate for Calcs": "0", "Tax Effect of Unusual Items": "-111.6431"}}, "bs": {"12/31/2020": {"Duration": "12/31/2020", "Total Assets": "26,948", "Total Liabilities Net Minority Interest": "15,982", "Total Equity Gross Minority Interest": "10,967", "Total Capitalization": "19,149", "Preferred Stock Equity": "1,807", "Common Stock Equity": "9,159", "Capital Lease Obligations": "54.476", "Net Tangible Assets": "-9,752", "Working Capital": "-578.797", "Invested Capital": "19,751", "Tangible Book Value": "-11,559", "Total Debt": "10,646", "Net Debt": "6,204", "Share Issued": "40,620", "Ordinary Shares Number": "40,620"}, "12/31/2019": {"Duration": "12/31/2019", "Total Assets": "25,048", "Total Liabilities Net Minority Interest": "16,526", "Total Equity Gross Minority Interest": "8,522", "Total Capitalization": "18,261", "Preferred Stock Equity": "1,807", "Common Stock Equity": "6,715", "Capital Lease Obligations": "68.576", "Net Tangible Assets": "-12,958", "Working Capital": "-2,308", "Invested Capital": "18,516", "Tangible Book Value": "-14,765", "Total Debt": "11,870", "Net Debt": "10,214", "Share Issued": "30,049", "Ordinary Shares Number": "30,049"}, "12/31/2018": {"Duration": "12/31/2018", "Total Assets": "38,056", "Total Liabilities Net Minority Interest": "21,512", "Total Equity Gross Minority Interest": "16,544", "Total Capitalization": "30,195", "Preferred Stock Equity": "1,807", "Common Stock Equity": "14,737", "Capital Lease Obligations": "-", "Net Tangible Assets": "-5,698", "Working Capital": "-1,747", "Invested Capital": "29,653", "Tangible Book Value": "-7,505", "Total Debt": "14,916", "Net Debt": "14,491", "Share Issued": "25,228", "Ordinary Shares Number": "25,228"}}, "cf": {"TTM": {"Duration": "TTM", "Operating Cash Flow": "-412.959", "Investing Cash Flow": "0", "Financing Cash Flow": "3,213", "Cash Flow from Discontinued Operation": "0", "End Cash Position": "4,538", "Income Tax Paid Supplemental Data": "10.014", "Interest Paid Supplemental Data": "1,619", "Capital Expenditure": "-", "Issuance of Capital Stock": "3,865", "Issuance of Debt": "346.39", "Repayment of Debt": "-2,212", "Repurchase of Capital Stock": "-", "Free Cash Flow": "-412.959"}, "12/31/2020": {"Duration": "12/31/2020", "Operating Cash Flow": "-412.959", "Investing Cash Flow": "0", "Financing Cash Flow": "3,213", "Cash Flow from Discontinued Operation": "0", "End Cash Position": "4,538", "Income Tax Paid Supplemental Data": "10.014", "Interest Paid Supplemental Data": "1,619", "Capital Expenditure": "-", "Issuance of Capital Stock": "3,865", "Issuance of Debt": "346.39", "Repayment of Debt": "-2,212", "Repurchase of Capital Stock": "-", "Free Cash Flow": "-412.959"}, "12/31/2019": {"Duration": "12/31/2019", "Operating Cash Flow": "2,240", "Investing Cash Flow": "2,750", "Financing Cash Flow": "-2,001", "Cash Flow from Discontinued Operation": "-2,866", "End Cash Position": "1,737", "Income Tax Paid Supplemental Data": "11.359", "Interest Paid Supplemental Data": "2,014", "Capital Expenditure": "-23.791", "Issuance of Capital Stock": "3,214", "Issuance of Debt": "14,671", "Repayment of Debt": "-19,831", "Repurchase of Capital Stock": "-", "Free Cash Flow": "2,216"}, "12/31/2018": {"Duration": "12/31/2018", "Operating Cash Flow": "-50.189", "Investing Cash Flow": "-3,167", "Financing Cash Flow": "3,063", "Cash Flow from Discontinued Operation": "-3,908", "End Cash Position": "1,615", "Income Tax Paid Supplemental Data": "13.843", "Interest Paid Supplemental Data": "3,153", "Capital Expenditure": "-10.766", "Issuance of Capital Stock": "0", "Issuance of Debt": "14,906", "Repayment of Debt": "-12,213", "Repurchase of Capital Stock": "-", "Free Cash Flow": "-60.955"}}}}, {"MAGS": {"quote": {"04/25/2021": {"value": "4.2100", "Market Cap": "92.456M", "Beta (5Y Monthly)": "0.98", "PE Ratio (TTM)": "210.50", "EPS (TTM)": "0.0200", "Earnings Date": "Apr 06, 2021", "Forward Dividend & Yield": "1.08 (26.32%)", "Ex-Dividend Date": "Dec 29, 2020", "1y Target Est": "N/A"}}, "fin": {"TTM": {"Duration": "TTM", "Total Revenue": "75,820", "Cost of Revenue": "41,576", "Gross Profit": "34,244", "Operating Expense": "29,510", "Operating Income": "4,734", "Net Non Operating Interest Income Expense": "1,990", "Other Income Expense": "-1,971", "Pretax Income": "4,753", "Tax Provision": "1,548", "Net Income Common Stockholders": "2,415", "Diluted NI Available to Com Stockholders": "2,415", "Basic EPS": "-", "Diluted EPS": "-", "Basic Average Shares": "-", "Diluted Average Shares": "-", "Total Operating Income as Reported": "4,734", "Total Expenses": "71,086", "Net Income from Continuing & Discontinued Operation": "2,991", "Normalized Income": "2,991", "Interest Income": "664", "Interest Expense": "360", "Net Interest Income": "1,990", "EBIT": "3,427", "EBITDA": "3,427", "Reconciled Cost of Revenue": "41,576", "Reconciled Depreciation": "2,100", "Net Income from Continuing Operation Net Minority Interest": "2,991", "Total Unusual Items Excluding Goodwill": "-1,971", "Total Unusual Items": "-1,971", "Normalized EBITDA": "3,427", "Tax Rate for Calcs": "0", "Tax Effect of Unusual Items": "0"}, "12/31/2019": {"Duration": "12/31/2019", "Total Revenue": "86,831", "Cost of Revenue": "48,070", "Gross Profit": "38,761", "Operating Expense": "32,722", "Operating Income": "6,039", "Net Non Operating Interest Income Expense": "304", "Other Income Expense": "-1,971", "Pretax Income": "4,372", "Tax Provision": "1,553", "Net Income Common Stockholders": "1,717", "Diluted NI Available to Com Stockholders": "1,717", "Basic EPS": "0.07", "Diluted EPS": "0.07", "Basic Average Shares": "23,129", "Diluted Average Shares": "23,145", "Total Operating Income as Reported": "6,039", "Total Expenses": "80,792", "Net Income from Continuing & Discontinued Operation": "2,293", "Normalized Income": "3,564", "Interest Income": "664", "Interest Expense": "360", "Net Interest Income": "304", "EBIT": "4,732", "EBITDA": "-", "Reconciled Cost of Revenue": "48,070", "Reconciled Depreciation": "2,100", "Net Income from Continuing Operation Net Minority Interest": "2,293", "Total Unusual Items Excluding Goodwill": "-1,971", "Total Unusual Items": "-1,971", "Normalized EBITDA": "8,803", "Tax Rate for Calcs": "0", "Tax Effect of Unusual Items": "-700.1288"}, "12/31/2018": {"Duration": "12/31/2018", "Total Revenue": "92,602", "Cost of Revenue": "52,299", "Gross Profit": "40,303", "Operating Expense": "36,548", "Operating Income": "3,755", "Net Non Operating Interest Income Expense": "258", "Other Income Expense": "1,103", "Pretax Income": "5,116", "Tax Provision": "2,072", "Net Income Common Stockholders": "2,722", "Diluted NI Available to Com Stockholders": "2,722", "Basic EPS": "0.12", "Diluted EPS": "0.12", "Basic Average Shares": "23,040", "Diluted Average Shares": "23,288", "Total Operating Income as Reported": "3,755", "Total Expenses": "88,847", "Net Income from Continuing & Discontinued Operation": "2,949", "Normalized Income": "2,100", "Interest Income": "670", "Interest Expense": "412", "Net Interest Income": "258", "EBIT": "5,528", "EBITDA": "-", "Reconciled Cost of Revenue": "52,299", "Reconciled Depreciation": "2,245", "Net Income from Continuing Operation Net Minority Interest": "2,949", "Total Unusual Items Excluding Goodwill": "1,103", "Total Unusual Items": "1,103", "Normalized EBITDA": "6,670", "Tax Rate for Calcs": "0", "Tax Effect of Unusual Items": "253.69"}}, "bs": {"12/31/2019": {"Duration": "12/31/2019", "Total Assets": "127,049", "Total Liabilities Net Minority Interest": "39,243", "Total Equity Gross Minority Interest": "87,806", "Total Capitalization": "87,782", "Common Stock Equity": "87,782", "Capital Lease Obligations": "3,434", "Net Tangible Assets": "72,506", "Working Capital": "67,202", "Invested Capital": "87,782", "Tangible Book Value": "72,506", "Total Debt": "3,434", "Share Issued": "23,154", "Ordinary Shares Number": "23,154"}, "12/31/2018": {"Duration": "12/31/2018", "Total Assets": "119,171", "Total Liabilities Net Minority Interest": "37,955", "Total Equity Gross Minority Interest": "81,216", "Total Capitalization": "81,216", "Common Stock Equity": "81,216", "Capital Lease Obligations": "-", "Net Tangible Assets": "66,451", "Working Capital": "61,023", "Invested Capital": "81,216", "Tangible Book Value": "66,451", "Total Debt": "-", "Share Issued": "23,050", "Ordinary Shares Number": "23,050"}}, "cf": {"TTM": {"Duration": "TTM", "Operating Cash Flow": "-4,523", "Investing Cash Flow": "-4,779", "Financing Cash Flow": "178", "End Cash Position": "34,765", "Income Tax Paid Supplemental Data": "660", "Interest Paid Supplemental Data": "15", "Capital Expenditure": "-1,667", "Issuance of Capital Stock": "50", "Repayment of Debt": "-", "Free Cash Flow": "-6,190"}, "12/31/2019": {"Duration": "12/31/2019", "Operating Cash Flow": "-4,523", "Investing Cash Flow": "-4,779", "Financing Cash Flow": "178", "End Cash Position": "34,765", "Income Tax Paid Supplemental Data": "660", "Interest Paid Supplemental Data": "15", "Capital Expenditure": "-1,667", "Issuance of Capital Stock": "50", "Repayment of Debt": "-", "Free Cash Flow": "-6,190"}, "12/31/2018": {"Duration": "12/31/2018", "Operating Cash Flow": "7,326", "Investing Cash Flow": "10,121", "Financing Cash Flow": "77", "End Cash Position": "41,800", "Income Tax Paid Supplemental Data": "2,926", "Interest Paid Supplemental Data": "20", "Capital Expenditure": "-2,424", "Issuance of Capital Stock": "0", "Repayment of Debt": "-", "Free Cash Flow": "4,902"}}}}, {"MSA": {"quote": {"04/25/2021": {"value": "161.65", "Market Cap": "6.219B", "Beta (5Y Monthly)": "0.91", "PE Ratio (TTM)": "53.00", "EPS (TTM)": "3.05", "Earnings Date": "Apr 28, 2021", "Forward Dividend & Yield": "1.72 (1.06%)", "Ex-Dividend Date": "Feb 18, 2021", "1y Target Est": "170.50"}}, "fin": {"TTM": {"Duration": "TTM", "Total Revenue": "1,348,223", "Cost of Revenue": "757,775", "Gross Profit": "590,448", "Operating Expense": "387,638", "Operating Income": "202,810", "Net Non Operating Interest Income Expense": "-5,934", "Other Income Expense": "-33,773", "Pretax Income": "163,103", "Tax Provision": "41,941", "Net Income Common Stockholders": "119,976", "Diluted NI Available to Com Stockholders": "119,976", "Basic EPS": "-", "Diluted EPS": "-", "Basic Average Shares": "-", "Diluted Average Shares": "-", "Total Operating Income as Reported": "166,851", "Total Expenses": "1,145,413", "Net Income from Continuing & Discontinued Operation": "120,101", "Normalized Income": "146,994", "Interest Income": "3,498", "Interest Expense": "9,432", "Net Interest Income": "-5,934", "EBIT": "172,535", "EBITDA": "212,209", "Reconciled Cost of Revenue": "757,775", "Reconciled Depreciation": "39,674", "Net Income from Continuing Operation Net Minority Interest": "120,101", "Total Unusual Items Excluding Goodwill": "-36,195", "Total Unusual Items": "-36,195", "Normalized EBITDA": "248,404", "Tax Rate for Calcs": "0", "Tax Effect of Unusual Items": "-9,302"}, "12/31/2020": {"Duration": "12/31/2020", "Total Revenue": "1,348,223", "Cost of Revenue": "757,775", "Gross Profit": "590,448", "Operating Expense": "387,638", "Operating Income": "202,810", "Net Non Operating Interest Income Expense": "-5,934", "Other Income Expense": "-33,773", "Pretax Income": "163,103", "Tax Provision": "41,941", "Net Income Common Stockholders": "119,976", "Diluted NI Available to Com Stockholders": "119,976", "Basic EPS": "3.09", "Diluted EPS": "3.05", "Basic Average Shares": "38,885", "Diluted Average Shares": "39,286", "Total Operating Income as Reported": "166,851", "Total Expenses": "1,145,413", "Net Income from Continuing & Discontinued Operation": "120,101", "Normalized Income": "146,994", "Interest Income": "3,498", "Interest Expense": "9,432", "Net Interest Income": "-5,934", "EBIT": "172,535", "EBITDA": "-", "Reconciled Cost of Revenue": "757,775", "Reconciled Depreciation": "39,674", "Net Income from Continuing Operation Net Minority Interest": "120,101", "Total Unusual Items Excluding Goodwill": "-36,195", "Total Unusual Items": "-36,195", "Normalized EBITDA": "248,404", "Tax Rate for Calcs": "0", "Tax Effect of Unusual Items": "-9,302"}, "12/31/2019": {"Duration": "12/31/2019", "Total Revenue": "1,401,981", "Cost of Revenue": "765,369", "Gross Profit": "636,612", "Operating Expense": "416,722", "Operating Income": "219,890", "Net Non Operating Interest Income Expense": "-9,178", "Other Income Expense": "-26,977", "Pretax Income": "183,735", "Tax Provision": "46,086", "Net Income Common Stockholders": "136,215", "Diluted NI Available to Com Stockholders": "136,215", "Basic EPS": "3.52", "Diluted EPS": "3.48", "Basic Average Shares": "38,653", "Diluted Average Shares": "39,189", "Total Operating Income as Reported": "186,230", "Total Expenses": "1,182,091", "Net Income from Continuing & Discontinued Operation": "136,440", "Normalized Income": "161,929", "Interest Income": "4,411", "Interest Expense": "13,589", "Net Interest Income": "-9,178", "EBIT": "197,324", "EBITDA": "-", "Reconciled Cost of Revenue": "765,369", "Reconciled Depreciation": "38,020", "Net Income from Continuing Operation Net Minority Interest": "136,440", "Total Unusual Items Excluding Goodwill": "-34,031", "Total Unusual Items": "-34,031", "Normalized EBITDA": "269,375", "Tax Rate for Calcs": "0", "Tax Effect of Unusual Items": "-8,542"}, "12/31/2018": {"Duration": "12/31/2018", "Total Revenue": "1,358,104", "Cost of Revenue": "746,241", "Gross Profit": "611,863", "Operating Expense": "422,807", "Operating Income": "189,056", "Net Non Operating Interest Income Expense": "-14,293", "Other Income Expense": "-12,428", "Pretax Income": "162,335", "Tax Provision": "37,220", "Net Income Common Stockholders": "124,150", "Diluted NI Available to Com Stockholders": "124,150", "Basic EPS": "3.23", "Diluted EPS": "3.18", "Basic Average Shares": "38,362", "Diluted Average Shares": "38,961", "Total Operating Income as Reported": "173,479", "Total Expenses": "1,169,048", "Net Income from Continuing & Discontinued Operation": "124,150", "Normalized Income": "136,814", "Interest Income": "4,588", "Interest Expense": "18,881", "Net Interest Income": "-14,293", "EBIT": "181,216", "EBITDA": "-", "Reconciled Cost of Revenue": "746,241", "Reconciled Depreciation": "37,852", "Net Income from Continuing Operation Net Minority Interest": "124,150", "Total Unusual Items Excluding Goodwill": "-16,425", "Total Unusual Items": "-16,425", "Normalized EBITDA": "235,493", "Tax Rate for Calcs": "0", "Tax Effect of Unusual Items": "-3,761"}}, "bs": {"12/31/2020": {"Duration": "12/31/2020", "Total Assets": "1,872,484", "Total Liabilities Net Minority Interest": "1,062,593", "Total Equity Gross Minority Interest": "809,891", "Total Capitalization": "1,089,055", "Preferred Stock Equity": "3,569", "Common Stock Equity": "798,329", "Capital Lease Obligations": "44,639", "Net Tangible Assets": "197,526", "Working Capital": "443,733", "Invested Capital": "1,105,486", "Tangible Book Value": "193,957", "Total Debt": "351,796", "Net Debt": "146,485", "Share Issued": "62,081", "Ordinary Shares Number": "39,068", "Preferred Shares Number": "18.342", "Treasury Shares Number": "23,013"}, "12/31/2019": {"Duration": "12/31/2019", "Total Assets": "1,739,693", "Total Liabilities Net Minority Interest": "1,007,120", "Total Equity Gross Minority Interest": "732,573", "Total Capitalization": "1,054,194", "Preferred Stock Equity": "3,569", "Common Stock Equity": "722,231", "Capital Lease Obligations": "42,632", "Net Tangible Assets": "117,821", "Working Capital": "415,854", "Invested Capital": "1,070,625", "Tangible Book Value": "114,252", "Total Debt": "391,026", "Net Debt": "196,199", "Share Issued": "62,081", "Ordinary Shares Number": "38,841", "Preferred Shares Number": "18.462", "Treasury Shares Number": "23,240"}, "12/31/2018": {"Duration": "12/31/2018", "Total Assets": "1,608,012", "Total Liabilities Net Minority Interest": "968,493", "Total Equity Gross Minority Interest": "639,519", "Total Capitalization": "975,193", "Preferred Stock Equity": "3,569", "Common Stock Equity": "630,313", "Capital Lease Obligations": "-", "Net Tangible Assets": "50,742", "Working Capital": "374,563", "Invested Capital": "991,687", "Tangible Book Value": "47,173", "Total Debt": "361,374", "Net Debt": "221,279", "Share Issued": "62,081", "Ordinary Shares Number": "38,527", "Preferred Shares Number": "18.462", "Treasury Shares Number": "23,555"}}, "cf": {"TTM": {"Duration": "TTM", "Operating Cash Flow": "206,555", "Investing Cash Flow": "-72,769", "Financing Cash Flow": "-126,529", "End Cash Position": "161,034", "Income Tax Paid Supplemental Data": "61,072", "Interest Paid Supplemental Data": "9,856", "Capital Expenditure": "-48,905", "Issuance of Debt": "987,000", "Repayment of Debt": "-1,031,000", "Repurchase of Capital Stock": "-29,144", "Free Cash Flow": "157,650"}, "12/31/2020": {"Duration": "12/31/2020", "Operating Cash Flow": "206,555", "Investing Cash Flow": "-72,769", "Financing Cash Flow": "-126,529", "End Cash Position": "161,034", "Income Tax Paid Supplemental Data": "61,072", "Interest Paid Supplemental Data": "9,856", "Capital Expenditure": "-48,905", "Issuance of Debt": "987,000", "Repayment of Debt": "-1,031,000", "Repurchase of Capital Stock": "-29,144", "Free Cash Flow": "157,650"}, "12/31/2019": {"Duration": "12/31/2019", "Operating Cash Flow": "164,962", "Investing Cash Flow": "-64,157", "Financing Cash Flow": "-84,624", "End Cash Position": "152,543", "Income Tax Paid Supplemental Data": "48,673", "Interest Paid Supplemental Data": "14,490", "Capital Expenditure": "-36,604", "Issuance of Debt": "864,000", "Repayment of Debt": "-880,500", "Repurchase of Capital Stock": "-12,648", "Free Cash Flow": "128,358"}, "12/31/2018": {"Duration": "12/31/2018", "Operating Cash Flow": "263,887", "Investing Cash Flow": "-84,395", "Financing Cash Flow": "-163,269", "End Cash Position": "140,604", "Income Tax Paid Supplemental Data": "40,587", "Interest Paid Supplemental Data": "20,408", "Capital Expenditure": "-33,960", "Issuance of Debt": "462,500", "Repayment of Debt": "-570,167", "Repurchase of Capital Stock": "-4,824", "Free Cash Flow": "229,927"}}}}, {"NSSC": {"quote": {"04/25/2021": {"value": "34.68", "Market Cap": "606.564M", "Beta (5Y Monthly)": "1.45", "PE Ratio (TTM)": "89.15", "EPS (TTM)": "0.39", "Earnings Date": "Feb 08, 2021", "Forward Dividend & Yield": "N/A (N/A)", "Ex-Dividend Date": "N/A", "1y Target Est": "36.20"}}, "fin": {"TTM": {"Duration": "TTM", "Total Revenue": "99,623", "Cost of Revenue": "57,581", "Gross Profit": "42,042", "Operating Expense": "30,657", "Operating Income": "11,385", "Net Non Operating Interest Income Expense": "-20", "Other Income Expense": "-1,852", "Pretax Income": "9,513", "Tax Provision": "2,282", "Net Income Common Stockholders": "7,231", "Diluted NI Available to Com Stockholders": "7,231", "Basic EPS": "-", "Diluted EPS": "-", "Basic Average Shares": "-", "Diluted Average Shares": "-", "Total Operating Income as Reported": "9,533", "Total Expenses": "88,238", "Net Income from Continuing & Discontinued Operation": "7,231", "Normalized Income": "7,231", "Interest Expense": "9", "Net Interest Income": "-20", "EBIT": "9,533", "EBITDA": "11,139", "Reconciled Cost of Revenue": "57,581", "Reconciled Depreciation": "1,606", "Net Income from Continuing Operation Net Minority Interest": "7,231", "Total Unusual Items Excluding Goodwill": "-1,852", "Total Unusual Items": "-1,852", "Normalized EBITDA": "11,139", "Tax Rate for Calcs": "0", "Tax Effect of Unusual Items": "0"}, "6/30/2020": {"Duration": "6/30/2020", "Total Revenue": "101,359", "Cost of Revenue": "57,767", "Gross Profit": "43,592", "Operating Expense": "30,927", "Operating Income": "12,665", "Net Non Operating Interest Income Expense": "-9", "Other Income Expense": "-1,852", "Pretax Income": "10,804", "Tax Provision": "2,284", "Net Income Common Stockholders": "8,520", "Diluted NI Available to Com Stockholders": "8,520", "Basic EPS": "0.46", "Diluted EPS": "0.46", "Basic Average Shares": "18,444", "Diluted Average Shares": "18,493", "Total Operating Income as Reported": "10,813", "Total Expenses": "88,694", "Net Income from Continuing & Discontinued Operation": "8,520", "Normalized Income": "9,981", "Interest Expense": "9", "Net Interest Income": "-9", "EBIT": "10,813", "EBITDA": "-", "Reconciled Cost of Revenue": "57,767", "Reconciled Depreciation": "1,495", "Net Income from Continuing Operation Net Minority Interest": "8,520", "Total Unusual Items Excluding Goodwill": "-1,852", "Total Unusual Items": "-1,852", "Normalized EBITDA": "14,160", "Tax Rate for Calcs": "0", "Tax Effect of Unusual Items": "-390.772"}, "6/30/2019": {"Duration": "6/30/2019", "Total Revenue": "102,932", "Cost of Revenue": "59,042", "Gross Profit": "43,890", "Operating Expense": "30,424", "Operating Income": "13,466", "Net Non Operating Interest Income Expense": "-21", "Other Income Expense": "-", "Pretax Income": "13,445", "Tax Provision": "1,222", "Net Income Common Stockholders": "12,223", "Diluted NI Available to Com Stockholders": "12,223", "Basic EPS": "0.66", "Diluted EPS": "0.66", "Basic Average Shares": "18,574", "Diluted Average Shares": "18,624", "Total Operating Income as Reported": "13,466", "Total Expenses": "89,466", "Net Income from Continuing & Discontinued Operation": "12,223", "Normalized Income": "12,223", "Interest Expense": "21", "Net Interest Income": "-21", "EBIT": "13,466", "EBITDA": "-", "Reconciled Cost of Revenue": "59,042", "Reconciled Depreciation": "1,409", "Net Income from Continuing Operation Net Minority Interest": "12,223", "Total Unusual Items Excluding Goodwill": "-", "Total Unusual Items": "-", "Normalized EBITDA": "14,875", "Tax Rate for Calcs": "0", "Tax Effect of Unusual Items": "0"}, "6/30/2018": {"Duration": "6/30/2018", "Total Revenue": "91,746", "Cost of Revenue": "53,751", "Gross Profit": "37,995", "Operating Expense": "29,581", "Operating Income": "8,414", "Net Non Operating Interest Income Expense": "-81", "Other Income Expense": "-", "Pretax Income": "8,333", "Tax Provision": "684", "Net Income Common Stockholders": "7,649", "Diluted NI Available to Com Stockholders": "7,649", "Basic EPS": "0.41", "Diluted EPS": "0.41", "Basic Average Shares": "18,788", "Diluted Average Shares": "18,825", "Total Operating Income as Reported": "8,414", "Total Expenses": "83,332", "Net Income from Continuing & Discontinued Operation": "7,649", "Normalized Income": "7,649", "Interest Expense": "81", "Net Interest Income": "-81", "EBIT": "8,414", "EBITDA": "-", "Reconciled Cost of Revenue": "53,751", "Reconciled Depreciation": "1,409", "Net Income from Continuing Operation Net Minority Interest": "7,649", "Total Unusual Items Excluding Goodwill": "-", "Total Unusual Items": "-", "Normalized EBITDA": "9,823", "Tax Rate for Calcs": "0", "Tax Effect of Unusual Items": "0"}}, "bs": {"6/30/2020": {"Duration": "6/30/2020", "Total Assets": "105,838", "Total Liabilities Net Minority Interest": "27,937", "Total Equity Gross Minority Interest": "77,901", "Total Capitalization": "80,011", "Common Stock Equity": "77,901", "Capital Lease Obligations": "7,113", "Net Tangible Assets": "72,785", "Working Capital": "61,046", "Invested Capital": "81,805", "Tangible Book Value": "72,785", "Total Debt": "11,017", "Net Debt": "-", "Share Issued": "21,241", "Ordinary Shares Number": "18,347", "Treasury Shares Number": "2,894"}, "6/30/2019": {"Duration": "6/30/2019", "Total Assets": "85,908", "Total Liabilities Net Minority Interest": "14,736", "Total Equity Gross Minority Interest": "71,172", "Total Capitalization": "71,172", "Common Stock Equity": "71,172", "Capital Lease Obligations": "-", "Net Tangible Assets": "63,940", "Working Capital": "51,083", "Invested Capital": "71,172", "Tangible Book Value": "63,940", "Total Debt": "-", "Net Debt": "-", "Share Issued": "21,227", "Ordinary Shares Number": "18,478", "Treasury Shares Number": "2,749"}, "6/30/2018": {"Duration": "6/30/2018", "Total Assets": "73,269", "Total Liabilities Net Minority Interest": "9,816", "Total Equity Gross Minority Interest": "63,453", "Total Capitalization": "63,453", "Common Stock Equity": "63,453", "Capital Lease Obligations": "-", "Net Tangible Assets": "55,908", "Working Capital": "44,301", "Invested Capital": "63,453", "Tangible Book Value": "55,908", "Total Debt": "-", "Net Debt": "-", "Share Issued": "21,204", "Ordinary Shares Number": "18,729", "Treasury Shares Number": "2,475"}}, "cf": {"TTM": {"Duration": "TTM", "Operating Cash Flow": "14,429", "Investing Cash Flow": "-941", "Financing Cash Flow": "1,530", "End Cash Position": "26,796", "Income Tax Paid Supplemental Data": "1,366", "Interest Paid Supplemental Data": "21", "Capital Expenditure": "-941", "Issuance of Debt": "3,904", "Repayment of Debt": "-", "Repurchase of Capital Stock": "-2,454", "Free Cash Flow": "13,488"}, "6/30/2020": {"Duration": "6/30/2020", "Operating Cash Flow": "10,305", "Investing Cash Flow": "-1,615", "Financing Cash Flow": "1,530", "End Cash Position": "18,248", "Income Tax Paid Supplemental Data": "749", "Interest Paid Supplemental Data": "29", "Capital Expenditure": "-1,615", "Issuance of Debt": "3,904", "Repayment of Debt": "-", "Repurchase of Capital Stock": "-2,454", "Free Cash Flow": "8,690"}, "6/30/2019": {"Duration": "6/30/2019", "Operating Cash Flow": "8,653", "Investing Cash Flow": "-1,988", "Financing Cash Flow": "-3,945", "End Cash Position": "8,028", "Income Tax Paid Supplemental Data": "262", "Interest Paid Supplemental Data": "23", "Capital Expenditure": "-1,988", "Issuance of Debt": "-", "Repayment of Debt": "0", "Repurchase of Capital Stock": "-3,998", "Free Cash Flow": "6,665"}, "6/30/2018": {"Duration": "6/30/2018", "Operating Cash Flow": "7,865", "Investing Cash Flow": "-1,280", "Financing Cash Flow": "-4,731", "End Cash Position": "5,308", "Income Tax Paid Supplemental Data": "186", "Interest Paid Supplemental Data": "82", "Capital Expenditure": "-1,280", "Issuance of Debt": "0", "Repayment of Debt": "-3,500", "Repurchase of Capital Stock": "-1,337", "Free Cash Flow": "6,585"}}}}, {"UUU": {"quote": {"04/25/2021": {"value": "5.56", "Market Cap": "12.328M", "Beta (5Y Monthly)": "1.97", "PE Ratio (TTM)": "N/A", "EPS (TTM)": "-1.20", "Earnings Date": "Feb 09, 2021", "Forward Dividend & Yield": "N/A (N/A)", "Ex-Dividend Date": "Jun 14, 1978", "1y Target Est": "N/A"}}, "fin": {"TTM": {"Duration": "TTM", "Total Revenue": "18,137", "Cost of Revenue": "12,781", "Gross Profit": "5,355", "Operating Expense": "5,282", "Operating Income": "72.754", "Net Non Operating Interest Income Expense": "-149.215", "Other Income Expense": "-", "Pretax Income": "-2,767", "Tax Provision": "-", "Net Income Common Stockholders": "-2,767", "Diluted NI Available to Com Stockholders": "-2,767", "Basic EPS": "-", "Diluted EPS": "-", "Basic Average Shares": "-", "Diluted Average Shares": "-", "Total Operating Income as Reported": "72.754", "Total Expenses": "18,064", "Net Income from Continuing & Discontinued Operation": "-2,767", "Normalized Income": "-2,767", "Interest Expense": "149.215", "Net Interest Income": "-149.215", "EBIT": "-2,618", "EBITDA": "-2,452", "Reconciled Cost of Revenue": "12,781", "Reconciled Depreciation": "166.281", "Net Income from Continuing Operation Net Minority Interest": "-2,767", "Normalized EBITDA": "-2,452", "Tax Rate for Calcs": "0", "Tax Effect of Unusual Items": "0"}, "3/31/2020": {"Duration": "3/31/2020", "Total Revenue": "14,803", "Cost of Revenue": "11,044", "Gross Profit": "3,759", "Operating Expense": "5,321", "Operating Income": "-1,562", "Net Non Operating Interest Income Expense": "-409.703", "Other Income Expense": "-3,842", "Pretax Income": "-5,814", "Tax Provision": "0", "Net Income Common Stockholders": "-5,814", "Diluted NI Available to Com Stockholders": "-5,814", "Basic EPS": "-2.51", "Diluted EPS": "-2.51", "Basic Average Shares": "2,313", "Diluted Average Shares": "2,313", "Total Operating Income as Reported": "-1,562", "Total Expenses": "16,365", "Net Income from Continuing & Discontinued Operation": "-5,814", "Normalized Income": "-5,814", "Interest Expense": "409.703", "Net Interest Income": "-409.703", "EBIT": "-5,404", "EBITDA": "-", "Reconciled Cost of Revenue": "11,044", "Reconciled Depreciation": "163.94", "Net Income from Continuing Operation Net Minority Interest": "-5,814", "Normalized EBITDA": "-5,240", "Tax Rate for Calcs": "0", "Tax Effect of Unusual Items": "0"}, "3/31/2019": {"Duration": "3/31/2019", "Total Revenue": "17,588", "Cost of Revenue": "12,034", "Gross Profit": "5,554", "Operating Expense": "5,367", "Operating Income": "186.864", "Net Non Operating Interest Income Expense": "-484.953", "Other Income Expense": "-1,050", "Pretax Income": "-1,348", "Tax Provision": "0", "Net Income Common Stockholders": "-1,348", "Diluted NI Available to Com Stockholders": "-1,348", "Basic EPS": "-0.58", "Diluted EPS": "-0.58", "Basic Average Shares": "2,313", "Diluted Average Shares": "2,313", "Total Operating Income as Reported": "186.864", "Total Expenses": "17,401", "Net Income from Continuing & Discontinued Operation": "-1,348", "Normalized Income": "-1,348", "Interest Expense": "-", "Net Interest Income": "-484.953", "EBIT": "186.864", "EBITDA": "-", "Reconciled Cost of Revenue": "12,034", "Reconciled Depreciation": "20.058", "Net Income from Continuing Operation Net Minority Interest": "-1,348", "Normalized EBITDA": "206.922", "Tax Rate for Calcs": "0", "Tax Effect of Unusual Items": "0"}}, "bs": {"3/31/2020": {"Duration": "3/31/2020", "Total Assets": "8,177", "Total Liabilities Net Minority Interest": "3,729", "Total Equity Gross Minority Interest": "4,448", "Total Capitalization": "4,448", "Common Stock Equity": "4,448", "Capital Lease Obligations": "329.698", "Net Tangible Assets": "4,399", "Working Capital": "5,059", "Invested Capital": "6,010", "Tangible Book Value": "4,399", "Total Debt": "1,891", "Net Debt": "1,468", "Share Issued": "2,313", "Ordinary Shares Number": "2,313"}, "3/31/2019": {"Duration": "3/31/2019", "Total Assets": "18,907", "Total Liabilities Net Minority Interest": "8,033", "Total Equity Gross Minority Interest": "10,874", "Total Capitalization": "10,874", "Common Stock Equity": "10,874", "Capital Lease Obligations": "-", "Net Tangible Assets": "10,820", "Working Capital": "2,354", "Invested Capital": "12,725", "Tangible Book Value": "10,820", "Total Debt": "1,852", "Net Debt": "1,477", "Share Issued": "2,313", "Ordinary Shares Number": "2,313"}}, "cf": {"TTM": {"Duration": "TTM", "Operating Cash Flow": "1,527", "Investing Cash Flow": "-", "Financing Cash Flow": "-1,123", "End Cash Position": "580.904", "Income Tax Paid Supplemental Data": "0", "Interest Paid Supplemental Data": "264.686", "Capital Expenditure": "-", "Repayment of Debt": "-", "Free Cash Flow": "1,527"}, "3/31/2020": {"Duration": "3/31/2020", "Operating Cash Flow": "9.248", "Investing Cash Flow": "-", "Financing Cash Flow": "-289.926", "End Cash Position": "93.794", "Income Tax Paid Supplemental Data": "0", "Interest Paid Supplemental Data": "496.25", "Capital Expenditure": "-", "Repayment of Debt": "-", "Free Cash Flow": "9.248"}, "3/31/2019": {"Duration": "3/31/2019", "Operating Cash Flow": "5.874", "Investing Cash Flow": "0", "Financing Cash Flow": "240.437", "End Cash Position": "374.472", "Income Tax Paid Supplemental Data": "0", "Interest Paid Supplemental Data": "398.406", "Capital Expenditure": "-", "Repayment of Debt": "-", "Free Cash Flow": "5.874"}}}}, {"SMME": {"quote": {"04/25/2021": {"value": "0.0260", "Market Cap": "10.535M", "Beta (5Y Monthly)": "-0.08", "PE Ratio (TTM)": "N/A", "EPS (TTM)": "-0.0030", "Earnings Date": "Nov 23, 2020", "Forward Dividend & Yield": "N/A (N/A)", "Ex-Dividend Date": "N/A", "1y Target Est": "N/A"}}, "fin": {"TTM": {"Duration": "TTM", "Total Revenue": "0", "Operating Expense": "696.412", "Operating Income": "-696.412", "Net Non Operating Interest Income Expense": "-111.754", "Other Income Expense": "-", "Pretax Income": "-920.731", "Tax Provision": "-", "Net Income Common Stockholders": "-1,053", "Diluted NI Available to Com Stockholders": "-1,053", "Basic EPS": "-", "Diluted EPS": "-", "Basic Average Shares": "-", "Diluted Average Shares": "-", "Total Operating Income as Reported": "-", "Total Expenses": "696.412", "Net Income from Continuing & Discontinued Operation": "-920.731", "Normalized Income": "-920.731", "Interest Expense": "111.754", "Net Interest Income": "-111.754", "EBIT": "-808.977", "EBITDA": "-808.977", "Net Income from Continuing Operation Net Minority Interest": "-920.731", "Total Unusual Items Excluding Goodwill": "-", "Total Unusual Items": "-", "Normalized EBITDA": "-808.977", "Tax Rate for Calcs": "0", "Tax Effect of Unusual Items": "0"}, "6/30/2020": {"Duration": "6/30/2020", "Total Revenue": "0", "Operating Expense": "747.478", "Operating Income": "-747.478", "Net Non Operating Interest Income Expense": "-58.099", "Other Income Expense": "-", "Pretax Income": "-805.577", "Tax Provision": "-", "Net Income Common Stockholders": "-837.601", "Diluted NI Available to Com Stockholders": "-837.601", "Basic EPS": "-0.00", "Diluted EPS": "-0.00", "Basic Average Shares": "299,094", "Diluted Average Shares": "299,094", "Total Operating Income as Reported": "-747.478", "Total Expenses": "747.478", "Net Income from Continuing & Discontinued Operation": "-805.577", "Normalized Income": "-805.577", "Interest Expense": "58.099", "Net Interest Income": "-58.099", "EBIT": "-747.478", "EBITDA": "-", "Net Income from Continuing Operation Net Minority Interest": "-805.577", "Total Unusual Items Excluding Goodwill": "-", "Total Unusual Items": "-", "Normalized EBITDA": "-747.478", "Tax Rate for Calcs": "0", "Tax Effect of Unusual Items": "0"}, "6/30/2019": {"Duration": "6/30/2019", "Total Revenue": "0", "Operating Expense": "875.718", "Operating Income": "-875.718", "Net Non Operating Interest Income Expense": "-53.432", "Other Income Expense": "-", "Pretax Income": "-929.15", "Tax Provision": "0", "Net Income Common Stockholders": "-936.551", "Diluted NI Available to Com Stockholders": "-936.551", "Basic EPS": "-0.00", "Diluted EPS": "-0.00", "Basic Average Shares": "256,677", "Diluted Average Shares": "256,677", "Total Operating Income as Reported": "-875.718", "Total Expenses": "875.718", "Net Income from Continuing & Discontinued Operation": "-929.15", "Normalized Income": "-929.15", "Interest Expense": "53.432", "Net Interest Income": "-53.432", "EBIT": "-875.718", "EBITDA": "-", "Net Income from Continuing Operation Net Minority Interest": "-929.15", "Total Unusual Items Excluding Goodwill": "0", "Total Unusual Items": "0", "Normalized EBITDA": "-875.718", "Tax Rate for Calcs": "0", "Tax Effect of Unusual Items": "0"}, "6/30/2018": {"Duration": "6/30/2018", "Total Revenue": "0", "Operating Expense": "1,003", "Operating Income": "-1,003", "Net Non Operating Interest Income Expense": "-39.084", "Other Income Expense": "-600", "Pretax Income": "-1,642", "Tax Provision": "0", "Net Income Common Stockholders": "-1,642", "Diluted NI Available to Com Stockholders": "-1,642", "Basic EPS": "-0.01", "Diluted EPS": "-0.01", "Basic Average Shares": "240,133", "Diluted Average Shares": "240,133", "Total Operating Income as Reported": "-1,003", "Total Expenses": "1,003", "Net Income from Continuing & Discontinued Operation": "-1,642", "Normalized Income": "-1,042", "Interest Expense": "39.084", "Net Interest Income": "-39.084", "EBIT": "-1,603", "EBITDA": "-", "Net Income from Continuing Operation Net Minority Interest": "-1,642", "Total Unusual Items Excluding Goodwill": "-600", "Total Unusual Items": "-600", "Normalized EBITDA": "-1,003", "Tax Rate for Calcs": "0", "Tax Effect of Unusual Items": "0"}}, "bs": {"6/30/2020": {"Duration": "6/30/2020", "Total Assets": "113.397", "Total Liabilities Net Minority Interest": "1,973", "Total Equity Gross Minority Interest": "-1,860", "Total Capitalization": "-1,860", "Preferred Stock Equity": "102.271", "Common Stock Equity": "-1,962", "Net Tangible Assets": "-1,860", "Working Capital": "-1,860", "Invested Capital": "-1,909", "Tangible Book Value": "-1,962", "Total Debt": "52.959", "Net Debt": "-", "Share Issued": "379,523", "Ordinary Shares Number": "379,523", "Preferred Shares Number": "-"}, "6/30/2019": {"Duration": "6/30/2019", "Total Assets": "16.611", "Total Liabilities Net Minority Interest": "1,922", "Total Equity Gross Minority Interest": "-1,905", "Total Capitalization": "-1,905", "Preferred Stock Equity": "99.888", "Common Stock Equity": "-2,005", "Net Tangible Assets": "-1,905", "Working Capital": "-1,905", "Invested Capital": "-2,002", "Tangible Book Value": "-2,005", "Total Debt": "3.759", "Net Debt": "-", "Share Issued": "264,649", "Ordinary Shares Number": "264,649", "Preferred Shares Number": "-"}, "6/30/2018": {"Duration": "6/30/2018", "Total Assets": "23.594", "Total Liabilities Net Minority Interest": "1,553", "Total Equity Gross Minority Interest": "-1,529", "Total Capitalization": "-1,529", "Preferred Stock Equity": "0.61", "Common Stock Equity": "-1,530", "Net Tangible Assets": "-1,529", "Working Capital": "-1,529", "Invested Capital": "-1,515", "Tangible Book Value": "-1,530", "Total Debt": "15", "Net Debt": "10.573", "Share Issued": "249,148", "Ordinary Shares Number": "249,148", "Preferred Shares Number": "-"}}, "cf": {"TTM": {"Duration": "TTM", "Operating Cash Flow": "-695.688", "Investing Cash Flow": "-", "Financing Cash Flow": "663.806", "End Cash Position": "21.591", "Income Tax Paid Supplemental Data": "0", "Interest Paid Supplemental Data": "-", "Issuance of Capital Stock": "607.164", "Issuance of Debt": "54.058", "Repayment of Debt": "-", "Free Cash Flow": "-695.688"}, "6/30/2020": {"Duration": "6/30/2020", "Operating Cash Flow": "-744.003", "Investing Cash Flow": "-", "Financing Cash Flow": "805.219", "End Cash Position": "71.377", "Income Tax Paid Supplemental Data": "0", "Interest Paid Supplemental Data": "0", "Issuance of Capital Stock": "746.803", "Issuance of Debt": "55.832", "Repayment of Debt": "-3.759", "Free Cash Flow": "-744.003"}, "6/30/2019": {"Duration": "6/30/2019", "Operating Cash Flow": "-588.93", "Investing Cash Flow": "-", "Financing Cash Flow": "594.664", "End Cash Position": "10.161", "Income Tax Paid Supplemental Data": "-", "Interest Paid Supplemental Data": "-", "Issuance of Capital Stock": "602.782", "Issuance of Debt": "-", "Repayment of Debt": "-", "Free Cash Flow": "-588.93"}, "6/30/2018": {"Duration": "6/30/2018", "Operating Cash Flow": "-637.997", "Investing Cash Flow": "0", "Financing Cash Flow": "590.729", "End Cash Position": "4.427", "Income Tax Paid Supplemental Data": "0", "Interest Paid Supplemental Data": "0", "Issuance of Capital Stock": "580.529", "Issuance of Debt": "-", "Repayment of Debt": "-", "Free Cash Flow": "-637.997"}}}}, {"ASCMA": {"fin": {}, "bs": {}, "cf": {}}}, {"MOC": {"fin": {}, "bs": {}, "cf": {}}}, {"GRDH": {"fin": {}, "bs": {}, "cf": {}}}]