[{"TTC": {"quote": {"04/26/2021": {"value": "115.85", "Market Cap": "12.402B", "Beta (5Y Monthly)": "0.76", "PE Ratio (TTM)": "34.06", "EPS (TTM)": "3.40", "Earnings Date": "Jun 02, 2021 - Jun 07, 2021", "Forward Dividend & Yield": "1.05 (0.90%)", "Ex-Dividend Date": "Apr 01, 2021", "1y Target Est": "106.50"}}, "fin": {"TTM": {"Duration": "TTM", "Total Revenue": "3,484,313", "Cost of Revenue": "2,267,591", "Gross Profit": "1,216,722", "Operating Expense": "740,029", "Operating Income": "476,693", "Net Non Operating Interest Income Expense": "-30,187", "Other Income Expense": "10,251", "Pretax Income": "456,757", "Tax Provision": "85,866", "Net Income Common Stockholders": "370,891", "Diluted NI Available to Com Stockholders": "370,891", "Basic EPS": "-", "Diluted EPS": "-", "Basic Average Shares": "-", "Diluted Average Shares": "-", "Total Operating Income as Reported": "476,693", "Total Expenses": "3,007,620", "Net Income from Continuing & Discontinued Operation": "370,891", "Normalized Income": "369,239", "Interest Income": "1,255", "Interest Expense": "32,522", "Net Interest Income": "-30,187", "EBIT": "489,279", "EBITDA": "586,158", "Reconciled Cost of Revenue": "2,267,591", "Reconciled Depreciation": "96,879", "Net Income from Continuing Operation Net Minority Interest": "370,891", "Total Unusual Items Excluding Goodwill": "2,034", "Total Unusual Items": "2,034", "Normalized EBITDA": "584,124", "Tax Rate for Calcs": "0", "Tax Effect of Unusual Items": "382.3728"}, "10/31/2020": {"Duration": "10/31/2020", "Total Revenue": "3,378,810", "Cost of Revenue": "2,189,036", "Gross Profit": "1,189,774", "Operating Expense": "763,417", "Operating Income": "426,357", "Net Non Operating Interest Income Expense": "-30,821", "Other Income Expense": "11,534", "Pretax Income": "407,070", "Tax Provision": "77,369", "Net Income Common Stockholders": "329,701", "Diluted NI Available to Com Stockholders": "329,701", "Basic EPS": "3.06", "Diluted EPS": "3.03", "Basic Average Shares": "107,658", "Diluted Average Shares": "108,663", "Total Operating Income as Reported": "426,357", "Total Expenses": "2,952,453", "Net Income from Continuing & Discontinued Operation": "329,701", "Normalized Income": "328,053", "Interest Income": "1,255", "Interest Expense": "33,156", "Net Interest Income": "-30,821", "EBIT": "440,226", "EBITDA": "-", "Reconciled Cost of Revenue": "2,189,036", "Reconciled Depreciation": "95,615", "Net Income from Continuing Operation Net Minority Interest": "329,701", "Total Unusual Items Excluding Goodwill": "2,034", "Total Unusual Items": "2,034", "Normalized EBITDA": "533,807", "Tax Rate for Calcs": "0", "Tax Effect of Unusual Items": "386.46"}, "10/31/2019": {"Duration": "10/31/2019", "Total Revenue": "3,138,084", "Cost of Revenue": "2,090,121", "Gross Profit": "1,047,963", "Operating Expense": "722,934", "Operating Income": "325,029", "Net Non Operating Interest Income Expense": "-24,904", "Other Income Expense": "22,008", "Pretax Income": "322,133", "Tax Provision": "48,150", "Net Income Common Stockholders": "273,983", "Diluted NI Available to Com Stockholders": "273,983", "Basic EPS": "2.57", "Diluted EPS": "2.53", "Basic Average Shares": "106,773", "Diluted Average Shares": "108,090", "Total Operating Income as Reported": "325,029", "Total Expenses": "2,813,055", "Net Income from Continuing & Discontinued Operation": "273,983", "Normalized Income": "274,481", "Interest Income": "2,753", "Interest Expense": "28,835", "Net Interest Income": "-24,904", "EBIT": "350,968", "EBITDA": "-", "Reconciled Cost of Revenue": "2,090,121", "Reconciled Depreciation": "87,698", "Net Income from Continuing Operation Net Minority Interest": "273,983", "Total Unusual Items Excluding Goodwill": "-585", "Total Unusual Items": "-585", "Normalized EBITDA": "439,251", "Tax Rate for Calcs": "0", "Tax Effect of Unusual Items": "-87.165"}, "10/31/2018": {"Duration": "10/31/2018", "Total Revenue": "2,618,650", "Cost of Revenue": "1,677,639", "Gross Profit": "941,011", "Operating Expense": "567,926", "Operating Income": "373,085", "Net Non Operating Interest Income Expense": "-15,401", "Other Income Expense": "14,713", "Pretax Income": "372,397", "Tax Provision": "100,458", "Net Income Common Stockholders": "271,939", "Diluted NI Available to Com Stockholders": "271,939", "Basic EPS": "2.56", "Diluted EPS": "2.50", "Basic Average Shares": "106,369", "Diluted Average Shares": "108,657", "Total Operating Income as Reported": "373,085", "Total Expenses": "2,245,565", "Net Income from Continuing & Discontinued Operation": "271,939", "Normalized Income": "271,627", "Interest Income": "2,463", "Interest Expense": "19,096", "Net Interest Income": "-15,401", "EBIT": "391,493", "EBITDA": "-", "Reconciled Cost of Revenue": "1,677,639", "Reconciled Depreciation": "61,277", "Net Income from Continuing Operation Net Minority Interest": "271,939", "Total Unusual Items Excluding Goodwill": "427", "Total Unusual Items": "427", "Normalized EBITDA": "452,343", "Tax Rate for Calcs": "0", "Tax Effect of Unusual Items": "115.29"}}, "bs": {"10/31/2020": {"Duration": "10/31/2020", "Total Assets": "2,853,228", "Total Liabilities Net Minority Interest": "1,738,400", "Total Equity Gross Minority Interest": "1,114,828", "Total Capitalization": "1,806,078", "Common Stock Equity": "1,114,828", "Capital Lease Obligations": "82,088", "Net Tangible Assets": "282,448", "Working Capital": "571,851", "Invested Capital": "1,905,951", "Tangible Book Value": "282,448", "Total Debt": "873,211", "Net Debt": "311,231", "Share Issued": "128,128", "Ordinary Shares Number": "107,583", "Treasury Shares Number": "20,545"}, "10/31/2019": {"Duration": "10/31/2019", "Total Assets": "2,330,547", "Total Liabilities Net Minority Interest": "1,470,969", "Total Equity Gross Minority Interest": "859,578", "Total Capitalization": "1,480,477", "Common Stock Equity": "859,578", "Capital Lease Obligations": "-", "Net Tangible Assets": "144,951", "Working Capital": "365,921", "Invested Capital": "1,560,391", "Tangible Book Value": "144,951", "Total Debt": "700,813", "Net Debt": "548,985", "Share Issued": "106,742", "Ordinary Shares Number": "106,742", "Treasury Shares Number": "-"}, "10/31/2018": {"Duration": "10/31/2018", "Total Assets": "1,570,984", "Total Liabilities Net Minority Interest": "902,068", "Total Equity Gross Minority Interest": "668,916", "Total Capitalization": "981,465", "Common Stock Equity": "668,916", "Capital Lease Obligations": "-", "Net Tangible Assets": "337,977", "Working Capital": "362,002", "Invested Capital": "981,465", "Tangible Book Value": "337,977", "Total Debt": "312,549", "Net Debt": "23,425", "Share Issued": "105,601", "Ordinary Shares Number": "105,601", "Treasury Shares Number": "-"}}, "cf": {"TTM": {"Duration": "TTM", "Operating Cash Flow": "657,698", "Investing Cash Flow": "-206,367", "Financing Cash Flow": "-133,128", "End Cash Position": "427,117", "Income Tax Paid Supplemental Data": "69,524", "Interest Paid Supplemental Data": "34,109", "Capital Expenditure": "-76,751", "Issuance of Debt": "636,025", "Repayment of Debt": "-568,000", "Repurchase of Capital Stock": "-31,351", "Free Cash Flow": "580,947"}, "10/31/2020": {"Duration": "10/31/2020", "Operating Cash Flow": "539,374", "Investing Cash Flow": "-216,077", "Financing Cash Flow": "2,354", "End Cash Position": "479,892", "Income Tax Paid Supplemental Data": "69,524", "Interest Paid Supplemental Data": "34,109", "Capital Expenditure": "-78,068", "Issuance of Debt": "636,025", "Repayment of Debt": "-546,025", "Repurchase of Capital Stock": "0", "Free Cash Flow": "461,306"}, "10/31/2019": {"Duration": "10/31/2019", "Operating Cash Flow": "337,371", "Investing Cash Flow": "-772,942", "Financing Cash Flow": "299,498", "End Cash Position": "151,828", "Income Tax Paid Supplemental Data": "54,738", "Interest Paid Supplemental Data": "30,167", "Capital Expenditure": "-92,881", "Issuance of Debt": "900,000", "Repayment of Debt": "-511,000", "Repurchase of Capital Stock": "-20,043", "Free Cash Flow": "244,490"}, "10/31/2018": {"Duration": "10/31/2018", "Operating Cash Flow": "364,805", "Investing Cash Flow": "-127,925", "Financing Cash Flow": "-252,075", "End Cash Position": "289,124", "Income Tax Paid Supplemental Data": "75,805", "Interest Paid Supplemental Data": "19,979", "Capital Expenditure": "-90,124", "Issuance of Debt": "-", "Repayment of Debt": "-", "Repurchase of Capital Stock": "-160,435", "Free Cash Flow": "274,681"}}}}, {"SSD": {"quote": {"04/26/2021": {"value": "107.53", "Market Cap": "4.586B", "Beta (5Y Monthly)": "1.24", "PE Ratio (TTM)": "25.18", "EPS (TTM)": "4.27", "Earnings Date": "Apr 26, 2021", "Forward Dividend & Yield": "0.92 (0.86%)", "Ex-Dividend Date": "Mar 31, 2021", "1y Target Est": "108.50"}}, "fin": {"TTM": {"Duration": "TTM", "Total Revenue": "1,267,945", "Cost of Revenue": "691,561", "Gross Profit": "576,384", "Operating Expense": "324,353", "Operating Income": "252,031", "Net Non Operating Interest Income Expense": "-2,012", "Other Income Expense": "-455", "Pretax Income": "249,564", "Tax Provision": "62,564", "Net Income Common Stockholders": "187,000", "Diluted NI Available to Com Stockholders": "187,000", "Basic EPS": "-", "Diluted EPS": "-", "Basic Average Shares": "-", "Diluted Average Shares": "-", "Total Operating Income as Reported": "252,363", "Total Expenses": "1,015,914", "Net Income from Continuing & Discontinued Operation": "187,000", "Normalized Income": "187,341", "Interest Income": "-", "Interest Expense": "2,012", "Net Interest Income": "-2,012", "EBIT": "251,576", "EBITDA": "290,343", "Reconciled Cost of Revenue": "691,561", "Reconciled Depreciation": "38,767", "Net Income from Continuing Operation Net Minority Interest": "187,000", "Total Unusual Items Excluding Goodwill": "-455", "Total Unusual Items": "-455", "Normalized EBITDA": "290,798", "Tax Rate for Calcs": "0", "Tax Effect of Unusual Items": "-114.205"}, "12/31/2020": {"Duration": "12/31/2020", "Total Revenue": "1,267,945", "Cost of Revenue": "691,561", "Gross Profit": "576,384", "Operating Expense": "324,353", "Operating Income": "252,031", "Net Non Operating Interest Income Expense": "-2,012", "Other Income Expense": "-455", "Pretax Income": "249,564", "Tax Provision": "62,564", "Net Income Common Stockholders": "187,000", "Diluted NI Available to Com Stockholders": "187,000", "Basic EPS": "-", "Diluted EPS": "-", "Basic Average Shares": "-", "Diluted Average Shares": "-", "Total Operating Income as Reported": "252,363", "Total Expenses": "1,015,914", "Net Income from Continuing & Discontinued Operation": "187,000", "Normalized Income": "187,341", "Interest Income": "-", "Interest Expense": "2,012", "Net Interest Income": "-2,012", "EBIT": "251,576", "EBITDA": "-", "Reconciled Cost of Revenue": "691,561", "Reconciled Depreciation": "38,767", "Net Income from Continuing Operation Net Minority Interest": "187,000", "Total Unusual Items Excluding Goodwill": "-455", "Total Unusual Items": "-455", "Normalized EBITDA": "290,798", "Tax Rate for Calcs": "0", "Tax Effect of Unusual Items": "-114.205"}, "12/31/2019": {"Duration": "12/31/2019", "Total Revenue": "1,136,539", "Cost of Revenue": "644,409", "Gross Profit": "492,130", "Operating Expense": "316,900", "Operating Income": "175,230", "Net Non Operating Interest Income Expense": "-1,737", "Other Income Expense": "4,864", "Pretax Income": "178,357", "Tax Provision": "44,375", "Net Income Common Stockholders": "133,982", "Diluted NI Available to Com Stockholders": "133,982", "Basic EPS": "3.00", "Diluted EPS": "2.98", "Basic Average Shares": "44,735", "Diluted Average Shares": "44,921", "Total Operating Income as Reported": "181,254", "Total Expenses": "961,309", "Net Income from Continuing & Discontinued Operation": "133,982", "Normalized Income": "130,329", "Interest Income": "-", "Interest Expense": "-", "Net Interest Income": "-1,737", "EBIT": "175,230", "EBITDA": "-", "Reconciled Cost of Revenue": "644,409", "Reconciled Depreciation": "38,402", "Net Income from Continuing Operation Net Minority Interest": "133,982", "Total Unusual Items Excluding Goodwill": "4,864", "Total Unusual Items": "4,864", "Normalized EBITDA": "208,768", "Tax Rate for Calcs": "0", "Tax Effect of Unusual Items": "1,211"}, "12/31/2018": {"Duration": "12/31/2018", "Total Revenue": "1,078,809", "Cost of Revenue": "598,290", "Gross Profit": "480,519", "Operating Expense": "312,080", "Operating Income": "168,439", "Net Non Operating Interest Income Expense": "-571", "Other Income Expense": "4,260", "Pretax Income": "172,128", "Tax Provision": "45,495", "Net Income Common Stockholders": "126,633", "Diluted NI Available to Com Stockholders": "126,633", "Basic EPS": "2.80", "Diluted EPS": "2.78", "Basic Average Shares": "46,213", "Diluted Average Shares": "46,540", "Total Operating Income as Reported": "172,332", "Total Expenses": "910,370", "Net Income from Continuing & Discontinued Operation": "126,633", "Normalized Income": "123,451", "Interest Income": "-", "Interest Expense": "571", "Net Interest Income": "-571", "EBIT": "172,699", "EBITDA": "-", "Reconciled Cost of Revenue": "598,290", "Reconciled Depreciation": "39,393", "Net Income from Continuing Operation Net Minority Interest": "126,633", "Total Unusual Items Excluding Goodwill": "4,323", "Total Unusual Items": "4,323", "Normalized EBITDA": "207,769", "Tax Rate for Calcs": "0", "Tax Effect of Unusual Items": "1,141"}}, "bs": {"12/31/2020": {"Duration": "12/31/2020", "Total Assets": "1,232,569", "Total Liabilities Net Minority Interest": "251,626", "Total Equity Gross Minority Interest": "980,943", "Total Capitalization": "980,943", "Common Stock Equity": "980,943", "Capital Lease Obligations": "46,342", "Net Tangible Assets": "818,299", "Working Capital": "559,078", "Invested Capital": "980,943", "Tangible Book Value": "818,299", "Total Debt": "46,342", "Share Issued": "43,326", "Ordinary Shares Number": "43,326", "Treasury Shares Number": "-"}, "12/31/2019": {"Duration": "12/31/2019", "Total Assets": "1,095,366", "Total Liabilities Net Minority Interest": "203,409", "Total Equity Gross Minority Interest": "891,957", "Total Capitalization": "891,957", "Common Stock Equity": "891,957", "Capital Lease Obligations": "35,322", "Net Tangible Assets": "735,007", "Working Capital": "482,000", "Invested Capital": "891,957", "Tangible Book Value": "735,007", "Total Debt": "35,322", "Share Issued": "44,209", "Ordinary Shares Number": "44,209", "Treasury Shares Number": "-"}, "12/31/2018": {"Duration": "12/31/2018", "Total Assets": "1,021,663", "Total Liabilities Net Minority Interest": "166,149", "Total Equity Gross Minority Interest": "855,514", "Total Capitalization": "855,514", "Common Stock Equity": "855,514", "Capital Lease Obligations": "1,874", "Net Tangible Assets": "700,862", "Working Capital": "447,949", "Invested Capital": "855,514", "Tangible Book Value": "700,862", "Total Debt": "1,874", "Share Issued": "44,998", "Ordinary Shares Number": "44,998", "Treasury Shares Number": "-"}}, "cf": {"TTM": {"Duration": "TTM", "Operating Cash Flow": "207,572", "Investing Cash Flow": "-39,853", "Financing Cash Flow": "-126,777", "End Cash Position": "274,639", "Income Tax Paid Supplemental Data": "63,035", "Interest Paid Supplemental Data": "1,598", "Capital Expenditure": "-37,909", "Issuance of Capital Stock": "0", "Issuance of Debt": "169,164", "Repayment of Debt": "-170,680", "Repurchase of Capital Stock": "-76,189", "Free Cash Flow": "169,663"}, "12/31/2020": {"Duration": "12/31/2020", "Operating Cash Flow": "207,572", "Investing Cash Flow": "-39,853", "Financing Cash Flow": "-126,777", "End Cash Position": "274,639", "Income Tax Paid Supplemental Data": "63,035", "Interest Paid Supplemental Data": "1,598", "Capital Expenditure": "-37,909", "Issuance of Capital Stock": "0", "Issuance of Debt": "169,164", "Repayment of Debt": "-170,680", "Repurchase of Capital Stock": "-76,189", "Free Cash Flow": "169,663"}, "12/31/2019": {"Duration": "12/31/2019", "Operating Cash Flow": "205,662", "Investing Cash Flow": "-28,021", "Financing Cash Flow": "-108,154", "End Cash Position": "230,210", "Income Tax Paid Supplemental Data": "37,730", "Interest Paid Supplemental Data": "143", "Capital Expenditure": "-37,526", "Issuance of Capital Stock": "-", "Issuance of Debt": "16,647", "Repayment of Debt": "-17,883", "Repurchase of Capital Stock": "-60,816", "Free Cash Flow": "168,136"}, "12/31/2018": {"Duration": "12/31/2018", "Operating Cash Flow": "160,080", "Investing Cash Flow": "-10,249", "Financing Cash Flow": "-155,393", "End Cash Position": "160,180", "Income Tax Paid Supplemental Data": "40,123", "Interest Paid Supplemental Data": "160", "Capital Expenditure": "-29,310", "Issuance of Capital Stock": "695", "Issuance of Debt": "821", "Repayment of Debt": "-968", "Repurchase of Capital Stock": "-110,540", "Free Cash Flow": "130,770"}}}}, {"EML": {"quote": {"04/26/2021": {"value": "24.77", "Market Cap": "155.633M", "Beta (5Y Monthly)": "1.10", "PE Ratio (TTM)": "28.80", "EPS (TTM)": "0.86", "Earnings Date": "Mar 16, 2021", "Forward Dividend & Yield": "0.44 (1.77%)", "Ex-Dividend Date": "Feb 26, 2021", "1y Target Est": "N/A"}}, "fin": {"TTM": {"Duration": "TTM", "Total Revenue": "240,403", "Cost of Revenue": "186,745", "Gross Profit": "53,658", "Operating Expense": "38,571", "Operating Income": "15,088", "Net Non Operating Interest Income Expense": "-2,745", "Other Income Expense": "-6,317", "Pretax Income": "6,026", "Tax Provision": "620.09", "Net Income Common Stockholders": "5,406", "Diluted NI Available to Com Stockholders": "5,406", "Basic EPS": "-", "Diluted EPS": "-", "Basic Average Shares": "-", "Diluted Average Shares": "-", "Total Operating Income as Reported": "7,000", "Total Expenses": "225,316", "Interest Expense": "2,745", "Net Interest Income": "-2,745", "Net Income from Continuing & Discontinued Operation": "5,406", "Normalized Income": "12,684", "EBIT": "8,770", "EBITDA": "17,248", "Reconciled Cost of Revenue": "186,745", "Reconciled Depreciation": "8,478", "Net Income from Continuing Operation Net Minority Interest": "5,406", "Total Unusual Items Excluding Goodwill": "-8,087", "Total Unusual Items": "-8,087", "Normalized EBITDA": "25,335", "Tax Rate for Calcs": "0", "Tax Effect of Unusual Items": "-808.733"}, "12/31/2020": {"Duration": "12/31/2020", "Total Revenue": "240,403", "Cost of Revenue": "186,745", "Gross Profit": "53,658", "Operating Expense": "38,571", "Operating Income": "15,088", "Net Non Operating Interest Income Expense": "-2,745", "Other Income Expense": "-6,317", "Pretax Income": "6,026", "Tax Provision": "620.09", "Net Income Common Stockholders": "5,406", "Diluted NI Available to Com Stockholders": "5,406", "Basic EPS": "-", "Diluted EPS": "-", "Basic Average Shares": "-", "Diluted Average Shares": "-", "Total Operating Income as Reported": "7,000", "Total Expenses": "225,316", "Interest Expense": "2,745", "Net Interest Income": "-2,745", "Net Income from Continuing & Discontinued Operation": "5,406", "Normalized Income": "12,684", "EBIT": "8,770", "EBITDA": "-", "Reconciled Cost of Revenue": "186,745", "Reconciled Depreciation": "8,478", "Net Income from Continuing Operation Net Minority Interest": "5,406", "Total Unusual Items Excluding Goodwill": "-8,087", "Total Unusual Items": "-8,087", "Normalized EBITDA": "25,335", "Tax Rate for Calcs": "0", "Tax Effect of Unusual Items": "-808.733"}, "12/31/2019": {"Duration": "12/31/2019", "Total Revenue": "251,743", "Cost of Revenue": "189,890", "Gross Profit": "61,853", "Operating Expense": "41,744", "Operating Income": "20,109", "Net Non Operating Interest Income Expense": "-1,858", "Other Income Expense": "-2,045", "Pretax Income": "16,206", "Tax Provision": "2,940", "Net Income Common Stockholders": "13,266", "Diluted NI Available to Com Stockholders": "13,266", "Basic EPS": "2.13", "Diluted EPS": "2.12", "Basic Average Shares": "6,235", "Diluted Average Shares": "6,270", "Total Operating Income as Reported": "17,458", "Total Expenses": "231,634", "Interest Expense": "1,858", "Net Interest Income": "-1,858", "Net Income from Continuing & Discontinued Operation": "13,266", "Normalized Income": "15,440", "EBIT": "18,064", "EBITDA": "-", "Reconciled Cost of Revenue": "189,890", "Reconciled Depreciation": "6,455", "Net Income from Continuing Operation Net Minority Interest": "13,266", "Total Unusual Items Excluding Goodwill": "-2,651", "Total Unusual Items": "-2,651", "Normalized EBITDA": "27,170", "Tax Rate for Calcs": "0", "Tax Effect of Unusual Items": "-477.1692"}, "12/31/2018": {"Duration": "12/31/2018", "Total Revenue": "234,275", "Cost of Revenue": "175,550", "Gross Profit": "58,725", "Operating Expense": "40,866", "Operating Income": "17,859", "Net Non Operating Interest Income Expense": "-1,202", "Other Income Expense": "933.26", "Pretax Income": "17,590", "Tax Provision": "3,084", "Net Income Common Stockholders": "14,506", "Diluted NI Available to Com Stockholders": "14,506", "Basic EPS": "3.48", "Diluted EPS": "3.46", "Basic Average Shares": "4,172", "Diluted Average Shares": "4,183", "Total Operating Income as Reported": "17,859", "Total Expenses": "216,416", "Interest Expense": "1,202", "Net Interest Income": "-1,202", "Net Income from Continuing & Discontinued Operation": "14,506", "Normalized Income": "14,506", "EBIT": "18,793", "EBITDA": "-", "Reconciled Cost of Revenue": "175,550", "Reconciled Depreciation": "5,329", "Net Income from Continuing Operation Net Minority Interest": "14,506", "Total Unusual Items Excluding Goodwill": "-", "Total Unusual Items": "-", "Normalized EBITDA": "24,122", "Tax Rate for Calcs": "0", "Tax Effect of Unusual Items": "0"}}, "bs": {"12/31/2020": {"Duration": "12/31/2020", "Total Assets": "275,528", "Total Liabilities Net Minority Interest": "171,222", "Total Equity Gross Minority Interest": "104,306", "Total Capitalization": "186,562", "Common Stock Equity": "104,306", "Capital Lease Obligations": "12,807", "Net Tangible Assets": "-5,089", "Working Capital": "71,070", "Invested Capital": "193,000", "Tangible Book Value": "-5,089", "Total Debt": "101,500", "Net Debt": "72,592", "Share Issued": "8,997", "Ordinary Shares Number": "6,247", "Treasury Shares Number": "2,750"}, "12/31/2019": {"Duration": "12/31/2019", "Total Assets": "280,663", "Total Liabilities Net Minority Interest": "175,226", "Total Equity Gross Minority Interest": "105,437", "Total Capitalization": "199,015", "Common Stock Equity": "105,437", "Capital Lease Obligations": "12,342", "Net Tangible Assets": "-5,945", "Working Capital": "82,984", "Invested Capital": "204,202", "Tangible Book Value": "-5,945", "Total Debt": "111,108", "Net Debt": "80,769", "Share Issued": "8,975", "Ordinary Shares Number": "6,241", "Treasury Shares Number": "2,735"}, "12/31/2018": {"Duration": "12/31/2018", "Total Assets": "181,248", "Total Liabilities Net Minority Interest": "84,379", "Total Equity Gross Minority Interest": "96,869", "Total Capitalization": "123,219", "Common Stock Equity": "96,869", "Capital Lease Obligations": "-", "Net Tangible Assets": "48,060", "Working Capital": "71,042", "Invested Capital": "125,544", "Tangible Book Value": "48,060", "Total Debt": "28,675", "Net Debt": "14,749", "Share Issued": "8,966", "Ordinary Shares Number": "6,231", "Treasury Shares Number": "2,735"}}, "cf": {"TTM": {"Duration": "TTM", "Operating Cash Flow": "20,689", "Investing Cash Flow": "-9,111", "Financing Cash Flow": "-13,184", "End Cash Position": "16,102", "Income Tax Paid Supplemental Data": "3,755", "Interest Paid Supplemental Data": "2,755", "Capital Expenditure": "-3,099", "Issuance of Debt": "0", "Repayment of Debt": "-10,060", "Repurchase of Capital Stock": "-368.864", "Free Cash Flow": "17,590"}, "12/31/2020": {"Duration": "12/31/2020", "Operating Cash Flow": "20,689", "Investing Cash Flow": "-9,111", "Financing Cash Flow": "-13,184", "End Cash Position": "16,102", "Income Tax Paid Supplemental Data": "3,755", "Interest Paid Supplemental Data": "2,755", "Capital Expenditure": "-3,099", "Issuance of Debt": "0", "Repayment of Debt": "-10,060", "Repurchase of Capital Stock": "-368.864", "Free Cash Flow": "17,590"}, "12/31/2019": {"Duration": "12/31/2019", "Operating Cash Flow": "22,958", "Investing Cash Flow": "-85,773", "Financing Cash Flow": "66,971", "End Cash Position": "17,997", "Income Tax Paid Supplemental Data": "-", "Interest Paid Supplemental Data": "-", "Capital Expenditure": "-5,440", "Issuance of Debt": "100,000", "Repayment of Debt": "-30,285", "Repurchase of Capital Stock": "0", "Free Cash Flow": "17,518"}, "12/31/2018": {"Duration": "12/31/2018", "Operating Cash Flow": "12,876", "Investing Cash Flow": "-10,405", "Financing Cash Flow": "-10,370", "End Cash Position": "13,926", "Income Tax Paid Supplemental Data": "-", "Interest Paid Supplemental Data": "-", "Capital Expenditure": "-5,411", "Issuance of Debt": "7,000", "Repayment of Debt": "-13,550", "Repurchase of Capital Stock": "-1,063", "Free Cash Flow": "7,466"}}}}, {"SCX": {"quote": {"04/26/2021": {"value": "6.19", "Market Cap": "45.96M", "Beta (5Y Monthly)": "1.33", "PE Ratio (TTM)": "N/A", "EPS (TTM)": "-2.27", "Earnings Date": "Sep 22, 2020", "Forward Dividend & Yield": "N/A (N/A)", "Ex-Dividend Date": "Dec 18, 2017", "1y Target Est": "N/A"}}, "fin": {"TTM": {"Duration": "TTM", "Total Revenue": "195,937", "Cost of Revenue": "136,889", "Gross Profit": "59,048", "Operating Expense": "69,029", "Operating Income": "-9,981", "Net Non Operating Interest Income Expense": "-", "Other Income Expense": "-4,673", "Pretax Income": "-15,539", "Tax Provision": "365", "Net Income Common Stockholders": "-15,904", "Diluted NI Available to Com Stockholders": "-15,904", "Basic EPS": "-", "Diluted EPS": "-", "Basic Average Shares": "-", "Diluted Average Shares": "-", "Total Operating Income as Reported": "-1,474", "Total Expenses": "205,918", "Interest Income": "-", "Interest Expense": "-", "Net Interest Income": "-", "Net Income from Continuing & Discontinued Operation": "-15,904", "Normalized Income": "-11,815", "EBIT": "-17,667", "EBITDA": "-10,724", "Reconciled Cost of Revenue": "136,889", "Reconciled Depreciation": "6,943", "Net Income from Continuing Operation Net Minority Interest": "-15,904", "Total Unusual Items Excluding Goodwill": "-5,602", "Total Unusual Items": "-5,602", "Normalized EBITDA": "-5,122", "Tax Rate for Calcs": "0", "Tax Effect of Unusual Items": "-1,513"}, "6/30/2020": {"Duration": "6/30/2020", "Total Revenue": "201,451", "Cost of Revenue": "139,241", "Gross Profit": "62,210", "Operating Expense": "73,546", "Operating Income": "-11,336", "Net Non Operating Interest Income Expense": "-885", "Other Income Expense": "-7,776", "Pretax Income": "-19,997", "Tax Provision": "1,842", "Net Income Common Stockholders": "-21,839", "Diluted NI Available to Com Stockholders": "-21,839", "Basic EPS": "-3.14", "Diluted EPS": "-3.14", "Basic Average Shares": "6,949", "Diluted Average Shares": "6,949", "Total Operating Income as Reported": "-5,303", "Total Expenses": "212,787", "Interest Income": "90", "Interest Expense": "975", "Net Interest Income": "-885", "Net Income from Continuing & Discontinued Operation": "-21,839", "Normalized Income": "-16,046", "EBIT": "-19,022", "EBITDA": "-", "Reconciled Cost of Revenue": "139,241", "Reconciled Depreciation": "7,196", "Net Income from Continuing Operation Net Minority Interest": "-21,839", "Total Unusual Items Excluding Goodwill": "-7,936", "Total Unusual Items": "-7,936", "Normalized EBITDA": "-3,890", "Tax Rate for Calcs": "0", "Tax Effect of Unusual Items": "-2,143"}, "6/30/2019": {"Duration": "6/30/2019", "Total Revenue": "228,022", "Cost of Revenue": "153,081", "Gross Profit": "74,941", "Operating Expense": "64,195", "Operating Income": "10,746", "Net Non Operating Interest Income Expense": "-905", "Other Income Expense": "-231", "Pretax Income": "9,610", "Tax Provision": "3,531", "Net Income Common Stockholders": "6,079", "Diluted NI Available to Com Stockholders": "6,079", "Basic EPS": "0.87", "Diluted EPS": "0.87", "Basic Average Shares": "6,957", "Diluted Average Shares": "7,026", "Total Operating Income as Reported": "11,221", "Total Expenses": "217,276", "Interest Income": "71", "Interest Expense": "976", "Net Interest Income": "-905", "Net Income from Continuing & Discontinued Operation": "6,079", "Normalized Income": "6,349", "EBIT": "10,586", "EBITDA": "-", "Reconciled Cost of Revenue": "153,081", "Reconciled Depreciation": "7,338", "Net Income from Continuing Operation Net Minority Interest": "6,079", "Total Unusual Items Excluding Goodwill": "-426", "Total Unusual Items": "-426", "Normalized EBITDA": "18,350", "Tax Rate for Calcs": "0", "Tax Effect of Unusual Items": "-156.342"}, "6/30/2018": {"Duration": "6/30/2018", "Total Revenue": "216,328", "Cost of Revenue": "147,353", "Gross Profit": "68,975", "Operating Expense": "62,735", "Operating Income": "6,240", "Net Non Operating Interest Income Expense": "-717", "Other Income Expense": "-658", "Pretax Income": "4,865", "Tax Provision": "8,498", "Net Income Common Stockholders": "-3,633", "Diluted NI Available to Com Stockholders": "-3,633", "Basic EPS": "-0.52", "Diluted EPS": "-0.52", "Basic Average Shares": "7,014", "Diluted Average Shares": "7,014", "Total Operating Income as Reported": "4,724", "Total Expenses": "210,088", "Interest Income": "128", "Interest Expense": "845", "Net Interest Income": "-717", "Net Income from Continuing & Discontinued Operation": "-3,633", "Normalized Income": "-2,916", "EBIT": "5,710", "EBITDA": "-", "Reconciled Cost of Revenue": "147,353", "Reconciled Depreciation": "7,511", "Net Income from Continuing Operation Net Minority Interest": "-3,633", "Total Unusual Items Excluding Goodwill": "-982", "Total Unusual Items": "-982", "Normalized EBITDA": "14,203", "Tax Rate for Calcs": "0", "Tax Effect of Unusual Items": "-265.14"}}, "bs": {"6/30/2020": {"Duration": "6/30/2020", "Total Assets": "172,683", "Total Liabilities Net Minority Interest": "126,700", "Total Equity Gross Minority Interest": "45,983", "Total Capitalization": "72,324", "Common Stock Equity": "45,983", "Capital Lease Obligations": "4,560", "Net Tangible Assets": "39,971", "Working Capital": "76,264", "Invested Capital": "76,259", "Tangible Book Value": "39,971", "Total Debt": "35,433", "Net Debt": "16,818", "Share Issued": "6,988", "Ordinary Shares Number": "6,988"}, "6/30/2019": {"Duration": "6/30/2019", "Total Assets": "190,087", "Total Liabilities Net Minority Interest": "106,708", "Total Equity Gross Minority Interest": "83,379", "Total Capitalization": "100,920", "Common Stock Equity": "83,379", "Capital Lease Obligations": "-", "Net Tangible Assets": "70,251", "Working Capital": "87,295", "Invested Capital": "104,985", "Tangible Book Value": "70,251", "Total Debt": "21,606", "Net Debt": "6,024", "Share Issued": "6,896", "Ordinary Shares Number": "6,896"}, "6/30/2018": {"Duration": "6/30/2018", "Total Assets": "182,286", "Total Liabilities Net Minority Interest": "94,415", "Total Equity Gross Minority Interest": "87,871", "Total Capitalization": "105,178", "Common Stock Equity": "87,871", "Capital Lease Obligations": "-", "Net Tangible Assets": "73,886", "Working Capital": "87,041", "Invested Capital": "108,833", "Tangible Book Value": "73,886", "Total Debt": "20,962", "Net Debt": "6,135", "Share Issued": "7,023", "Ordinary Shares Number": "7,023"}}, "cf": {"TTM": {"Duration": "TTM", "Operating Cash Flow": "3,495", "Investing Cash Flow": "-3,592", "Financing Cash Flow": "4,666", "End Cash Position": "13,951", "Income Tax Paid Supplemental Data": "3,755", "Interest Paid Supplemental Data": "874", "Capital Expenditure": "-8,806", "Issuance of Capital Stock": "61", "Issuance of Debt": "20,003", "Repayment of Debt": "-15,378", "Repurchase of Capital Stock": "-20", "Free Cash Flow": "-5,311"}, "6/30/2020": {"Duration": "6/30/2020", "Operating Cash Flow": "-1,163", "Investing Cash Flow": "-10,600", "Financing Cash Flow": "9,314", "End Cash Position": "13,458", "Income Tax Paid Supplemental Data": "1,994", "Interest Paid Supplemental Data": "953", "Capital Expenditure": "-10,600", "Issuance of Capital Stock": "73", "Issuance of Debt": "14,850", "Repayment of Debt": "-5,583", "Repurchase of Capital Stock": "-26", "Free Cash Flow": "-11,763"}, "6/30/2019": {"Duration": "6/30/2019", "Operating Cash Flow": "8,397", "Investing Cash Flow": "-7,227", "Financing Cash Flow": "-225", "End Cash Position": "15,582", "Income Tax Paid Supplemental Data": "2,262", "Interest Paid Supplemental Data": "884", "Capital Expenditure": "-7,227", "Issuance of Capital Stock": "81", "Issuance of Debt": "4,300", "Repayment of Debt": "-3,656", "Repurchase of Capital Stock": "-950", "Free Cash Flow": "1,170"}, "6/30/2018": {"Duration": "6/30/2018", "Operating Cash Flow": "4,055", "Investing Cash Flow": "-5,762", "Financing Cash Flow": "1,708", "End Cash Position": "14,827", "Income Tax Paid Supplemental Data": "587", "Interest Paid Supplemental Data": "667", "Capital Expenditure": "-5,762", "Issuance of Capital Stock": "319", "Issuance of Debt": "6,797", "Repayment of Debt": "-3,444", "Repurchase of Capital Stock": "-563", "Free Cash Flow": "-1,707"}}}}, {"LECO": {"quote": {"04/26/2021": {"value": "126.85", "Market Cap": "7.538B", "Beta (5Y Monthly)": "1.19", "PE Ratio (TTM)": "37.09", "EPS (TTM)": "3.42", "Earnings Date": "Apr 27, 2021", "Forward Dividend & Yield": "2.04 (1.61%)", "Ex-Dividend Date": "Jun 29, 2021", "1y Target Est": "129.29"}}, "fin": {"TTM": {"Duration": "TTM", "Total Revenue": "2,655,400", "Cost of Revenue": "1,784,059", "Gross Profit": "871,341", "Operating Expense": "543,802", "Operating Income": "327,539", "Net Non Operating Interest Income Expense": "-21,973", "Other Income Expense": "-41,526", "Pretax Income": "264,040", "Tax Provision": "57,896", "Net Income Common Stockholders": "206,115", "Diluted NI Available to Com Stockholders": "206,115", "Basic EPS": "-", "Diluted EPS": "-", "Basic Average Shares": "-", "Diluted Average Shares": "-", "Total Operating Income as Reported": "282,071", "Total Expenses": "2,327,861", "Net Income from Continuing & Discontinued Operation": "206,115", "Normalized Income": "241,626", "Interest Income": "-", "Interest Expense": "21,973", "Net Interest Income": "-21,973", "EBIT": "286,013", "EBITDA": "366,505", "Reconciled Cost of Revenue": "1,784,059", "Reconciled Depreciation": "80,492", "Net Income from Continuing Operation Net Minority Interest": "206,115", "Total Unusual Items Excluding Goodwill": "-45,468", "Total Unusual Items": "-45,468", "Normalized EBITDA": "411,973", "Tax Rate for Calcs": "0", "Tax Effect of Unusual Items": "-9,957"}, "12/31/2020": {"Duration": "12/31/2020", "Total Revenue": "2,655,400", "Cost of Revenue": "1,784,059", "Gross Profit": "871,341", "Operating Expense": "543,802", "Operating Income": "327,539", "Net Non Operating Interest Income Expense": "-21,973", "Other Income Expense": "-41,526", "Pretax Income": "264,040", "Tax Provision": "57,896", "Net Income Common Stockholders": "206,115", "Diluted NI Available to Com Stockholders": "206,115", "Basic EPS": "-", "Diluted EPS": "-", "Basic Average Shares": "-", "Diluted Average Shares": "-", "Total Operating Income as Reported": "282,071", "Total Expenses": "2,327,861", "Net Income from Continuing & Discontinued Operation": "206,115", "Normalized Income": "241,626", "Interest Income": "-", "Interest Expense": "21,973", "Net Interest Income": "-21,973", "EBIT": "286,013", "EBITDA": "-", "Reconciled Cost of Revenue": "1,784,059", "Reconciled Depreciation": "80,492", "Net Income from Continuing Operation Net Minority Interest": "206,115", "Total Unusual Items Excluding Goodwill": "-45,468", "Total Unusual Items": "-45,468", "Normalized EBITDA": "411,973", "Tax Rate for Calcs": "0", "Tax Effect of Unusual Items": "-9,957"}, "12/31/2019": {"Duration": "12/31/2019", "Total Revenue": "3,003,272", "Cost of Revenue": "1,995,685", "Gross Profit": "1,007,587", "Operating Expense": "621,489", "Operating Income": "386,098", "Net Non Operating Interest Income Expense": "-23,415", "Other Income Expense": "5,810", "Pretax Income": "368,493", "Tax Provision": "75,410", "Net Income Common Stockholders": "293,109", "Diluted NI Available to Com Stockholders": "293,109", "Basic EPS": "4.73", "Diluted EPS": "4.68", "Basic Average Shares": "61,960", "Diluted Average Shares": "62,658", "Total Operating Income as Reported": "370,910", "Total Expenses": "2,617,174", "Net Income from Continuing & Discontinued Operation": "293,109", "Normalized Income": "305,183", "Interest Income": "-", "Interest Expense": "23,415", "Net Interest Income": "-23,415", "EBIT": "391,908", "EBITDA": "-", "Reconciled Cost of Revenue": "1,995,685", "Reconciled Depreciation": "81,487", "Net Income from Continuing Operation Net Minority Interest": "293,109", "Total Unusual Items Excluding Goodwill": "-15,188", "Total Unusual Items": "-15,188", "Normalized EBITDA": "488,583", "Tax Rate for Calcs": "0", "Tax Effect of Unusual Items": "-3,114"}, "12/31/2018": {"Duration": "12/31/2018", "Total Revenue": "3,028,674", "Cost of Revenue": "2,000,153", "Gross Profit": "1,028,521", "Operating Expense": "627,697", "Operating Income": "400,824", "Net Non Operating Interest Income Expense": "-17,565", "Other Income Expense": "-14,599", "Pretax Income": "368,660", "Tax Provision": "81,667", "Net Income Common Stockholders": "287,066", "Diluted NI Available to Com Stockholders": "287,066", "Basic EPS": "4.42", "Diluted EPS": "4.37", "Basic Average Shares": "64,886", "Diluted Average Shares": "65,682", "Total Operating Income as Reported": "375,539", "Total Expenses": "2,627,850", "Net Income from Continuing & Discontinued Operation": "287,066", "Normalized Income": "306,738", "Interest Income": "-", "Interest Expense": "17,565", "Net Interest Income": "-17,565", "EBIT": "386,225", "EBITDA": "-", "Reconciled Cost of Revenue": "2,000,153", "Reconciled Depreciation": "72,346", "Net Income from Continuing Operation Net Minority Interest": "287,066", "Total Unusual Items Excluding Goodwill": "-25,285", "Total Unusual Items": "-25,285", "Normalized EBITDA": "483,856", "Tax Rate for Calcs": "0", "Tax Effect of Unusual Items": "-5,613"}}, "bs": {"12/31/2020": {"Duration": "12/31/2020", "Total Assets": "2,314,453", "Total Liabilities Net Minority Interest": "1,524,203", "Total Equity Gross Minority Interest": "790,250", "Total Capitalization": "1,504,727", "Common Stock Equity": "789,271", "Net Tangible Assets": "319,227", "Working Capital": "562,894", "Invested Capital": "1,507,461", "Tangible Book Value": "319,227", "Total Debt": "718,190", "Net Debt": "460,911", "Share Issued": "98,581", "Ordinary Shares Number": "59,641", "Treasury Shares Number": "38,941"}, "12/31/2019": {"Duration": "12/31/2019", "Total Assets": "2,371,213", "Total Liabilities Net Minority Interest": "1,552,136", "Total Equity Gross Minority Interest": "819,077", "Total Capitalization": "1,530,474", "Common Stock Equity": "818,172", "Net Tangible Assets": "303,267", "Working Capital": "512,446", "Invested Capital": "1,565,443", "Tangible Book Value": "303,267", "Total Debt": "747,271", "Net Debt": "547,708", "Share Issued": "98,581", "Ordinary Shares Number": "60,592", "Treasury Shares Number": "37,989"}, "12/31/2018": {"Duration": "12/31/2018", "Total Assets": "2,349,825", "Total Liabilities Net Minority Interest": "1,462,233", "Total Equity Gross Minority Interest": "887,592", "Total Capitalization": "1,589,491", "Common Stock Equity": "886,942", "Net Tangible Assets": "457,702", "Working Capital": "699,617", "Invested Capital": "1,589,602", "Tangible Book Value": "457,702", "Total Debt": "702,660", "Net Debt": "343,811", "Share Issued": "98,581", "Ordinary Shares Number": "63,546", "Treasury Shares Number": "35,036"}}, "cf": {"TTM": {"Duration": "TTM", "Operating Cash Flow": "351,362", "Investing Cash Flow": "-49,213", "Financing Cash Flow": "-246,141", "End Cash Position": "257,279", "Capital Expenditure": "-59,201", "Issuance of Debt": "-", "Repayment of Debt": "-14", "Repurchase of Capital Stock": "-113,455", "Free Cash Flow": "292,161"}, "12/31/2020": {"Duration": "12/31/2020", "Operating Cash Flow": "351,362", "Investing Cash Flow": "-49,213", "Financing Cash Flow": "-246,141", "End Cash Position": "257,279", "Capital Expenditure": "-59,201", "Issuance of Debt": "-", "Repayment of Debt": "-14", "Repurchase of Capital Stock": "-113,455", "Free Cash Flow": "292,161"}, "12/31/2019": {"Duration": "12/31/2019", "Operating Cash Flow": "403,185", "Investing Cash Flow": "-192,823", "Financing Cash Flow": "-371,944", "End Cash Position": "199,563", "Capital Expenditure": "-69,615", "Issuance of Debt": "0", "Repayment of Debt": "-107", "Repurchase of Capital Stock": "-292,693", "Free Cash Flow": "333,570"}, "12/31/2018": {"Duration": "12/31/2018", "Operating Cash Flow": "329,152", "Investing Cash Flow": "20,841", "Financing Cash Flow": "-302,130", "End Cash Position": "358,849", "Capital Expenditure": "-71,246", "Issuance of Debt": "0", "Repayment of Debt": "-942", "Repurchase of Capital Stock": "-201,650", "Free Cash Flow": "257,906"}}}}, {"SNA": {"quote": {"04/26/2021": {"value": "235.99", "Market Cap": "12.755B", "Beta (5Y Monthly)": "1.30", "PE Ratio (TTM)": "18.95", "EPS (TTM)": "12.45", "Earnings Date": "Apr 22, 2021", "Forward Dividend & Yield": "4.92 (2.06%)", "Ex-Dividend Date": "Feb 22, 2021", "1y Target Est": "227.13"}}, "fin": {"TTM": {"Duration": "TTM", "Total Revenue": "4,117,300", "Cost of Revenue": "2,019,800", "Gross Profit": "2,097,500", "Operating Expense": "1,146,600", "Operating Income": "950,900", "Net Non Operating Interest Income Expense": "-55,200", "Other Income Expense": "9,800", "Pretax Income": "905,500", "Tax Provision": "204,300", "Earnings from Equity Interest Net of Tax": "800", "Net Income Common Stockholders": "682,400", "Diluted NI Available to Com Stockholders": "682,400", "Basic EPS": "-", "Diluted EPS": "-", "Basic Average Shares": "-", "Diluted Average Shares": "-", "Total Operating Income as Reported": "950,900", "Total Expenses": "3,166,400", "Interest Income": "1,700", "Interest Expense": "56,900", "Net Interest Income": "-55,200", "Net Income from Continuing & Discontinued Operation": "682,400", "Normalized Income": "684,104", "EBIT": "962,400", "EBITDA": "1,060,000", "Reconciled Cost of Revenue": "2,019,800", "Reconciled Depreciation": "97,600", "Net Income from Continuing Operation Net Minority Interest": "682,400", "Total Unusual Items Excluding Goodwill": "-2,200", "Total Unusual Items": "-2,200", "Normalized EBITDA": "1,062,200", "Tax Rate for Calcs": "0", "Tax Effect of Unusual Items": "-496.3666"}, "12/31/2020": {"Duration": "12/31/2020", "Total Revenue": "3,942,200", "Cost of Revenue": "1,945,100", "Gross Profit": "1,997,100", "Operating Expense": "1,116,600", "Operating Income": "880,500", "Net Non Operating Interest Income Expense": "-52,300", "Other Income Expense": "7,000", "Pretax Income": "835,200", "Tax Provision": "189,100", "Earnings from Equity Interest Net of Tax": "300", "Net Income Common Stockholders": "627,000", "Diluted NI Available to Com Stockholders": "627,000", "Basic EPS": "-", "Diluted EPS": "-", "Basic Average Shares": "-", "Diluted Average Shares": "-", "Total Operating Income as Reported": "880,500", "Total Expenses": "3,061,700", "Interest Income": "1,700", "Interest Expense": "54,000", "Net Interest Income": "-52,300", "Net Income from Continuing & Discontinued Operation": "627,000", "Normalized Income": "630,019", "EBIT": "889,200", "EBITDA": "-", "Reconciled Cost of Revenue": "1,945,100", "Reconciled Depreciation": "96,700", "Net Income from Continuing Operation Net Minority Interest": "627,000", "Total Unusual Items Excluding Goodwill": "-3,900", "Total Unusual Items": "-3,900", "Normalized EBITDA": "989,800", "Tax Rate for Calcs": "0", "Tax Effect of Unusual Items": "-881.4"}, "12/31/2019": {"Duration": "12/31/2019", "Total Revenue": "4,067,700", "Cost of Revenue": "1,977,800", "Gross Profit": "2,089,900", "Operating Expense": "1,127,600", "Operating Income": "962,300", "Net Non Operating Interest Income Expense": "-47,500", "Other Income Expense": "7,300", "Pretax Income": "922,100", "Tax Provision": "211,800", "Earnings from Equity Interest Net of Tax": "900", "Net Income Common Stockholders": "693,500", "Diluted NI Available to Com Stockholders": "693,500", "Basic EPS": "12.59", "Diluted EPS": "12.41", "Basic Average Shares": "55,100", "Diluted Average Shares": "55,900", "Total Operating Income as Reported": "962,300", "Total Expenses": "3,105,400", "Interest Income": "1,500", "Interest Expense": "49,000", "Net Interest Income": "-47,500", "Net Income from Continuing & Discontinued Operation": "693,500", "Normalized Income": "696,272", "EBIT": "971,100", "EBITDA": "-", "Reconciled Cost of Revenue": "1,977,800", "Reconciled Depreciation": "92,400", "Net Income from Continuing Operation Net Minority Interest": "693,500", "Total Unusual Items Excluding Goodwill": "-3,600", "Total Unusual Items": "-3,600", "Normalized EBITDA": "1,067,100", "Tax Rate for Calcs": "0", "Tax Effect of Unusual Items": "-828"}, "12/31/2018": {"Duration": "12/31/2018", "Total Revenue": "4,070,400", "Cost of Revenue": "1,970,300", "Gross Profit": "2,100,100", "Operating Expense": "1,144,000", "Operating Income": "956,100", "Net Non Operating Interest Income Expense": "-49,800", "Other Income Expense": "3,600", "Pretax Income": "909,900", "Tax Provision": "214,400", "Earnings from Equity Interest Net of Tax": "700", "Net Income Common Stockholders": "679,900", "Diluted NI Available to Com Stockholders": "679,900", "Basic EPS": "12.08", "Diluted EPS": "11.87", "Basic Average Shares": "56,300", "Diluted Average Shares": "57,300", "Total Operating Income as Reported": "956,100", "Total Expenses": "3,114,300", "Interest Income": "600", "Interest Expense": "50,400", "Net Interest Income": "-49,800", "Net Income from Continuing & Discontinued Operation": "679,900", "Normalized Income": "678,678", "EBIT": "960,300", "EBITDA": "-", "Reconciled Cost of Revenue": "1,970,300", "Reconciled Depreciation": "94,100", "Net Income from Continuing Operation Net Minority Interest": "679,900", "Total Unusual Items Excluding Goodwill": "1,600", "Total Unusual Items": "1,600", "Normalized EBITDA": "1,052,800", "Tax Rate for Calcs": "0", "Tax Effect of Unusual Items": "377.6"}}, "bs": {"12/31/2020": {"Duration": "12/31/2020", "Total Assets": "6,557,300", "Total Liabilities Net Minority Interest": "2,710,700", "Total Equity Gross Minority Interest": "3,846,600", "Total Capitalization": "5,007,000", "Common Stock Equity": "3,824,900", "Capital Lease Obligations": "53,300", "Net Tangible Assets": "2,581,700", "Working Capital": "1,918,100", "Invested Capital": "5,275,500", "Tangible Book Value": "2,581,700", "Total Debt": "1,503,900", "Net Debt": "527,200", "Share Issued": "67,431", "Ordinary Shares Number": "54,102", "Treasury Shares Number": "13,329"}, "12/31/2019": {"Duration": "12/31/2019", "Total Assets": "5,693,500", "Total Liabilities Net Minority Interest": "2,262,700", "Total Equity Gross Minority Interest": "3,430,800", "Total Capitalization": "4,356,000", "Common Stock Equity": "3,409,100", "Capital Lease Obligations": "57,000", "Net Tangible Assets": "2,251,400", "Working Capital": "1,432,900", "Invested Capital": "4,558,900", "Tangible Book Value": "2,251,400", "Total Debt": "1,206,800", "Net Debt": "965,300", "Share Issued": "67,423", "Ordinary Shares Number": "54,650", "Treasury Shares Number": "12,773"}, "12/31/2018": {"Duration": "12/31/2018", "Total Assets": "5,373,100", "Total Liabilities Net Minority Interest": "2,254,500", "Total Equity Gross Minority Interest": "3,118,600", "Total Capitalization": "4,044,800", "Common Stock Equity": "3,098,800", "Capital Lease Obligations": "-", "Net Tangible Assets": "1,963,700", "Working Capital": "1,264,900", "Invested Capital": "4,231,100", "Tangible Book Value": "1,963,700", "Total Debt": "1,132,300", "Net Debt": "991,400", "Share Issued": "67,415", "Ordinary Shares Number": "55,611", "Treasury Shares Number": "11,804"}}, "cf": {"TTM": {"Duration": "TTM", "Operating Cash Flow": "1,114,500", "Investing Cash Flow": "-345,200", "Financing Cash Flow": "-58,200", "End Cash Position": "896,900", "Income Tax Paid Supplemental Data": "189,200", "Interest Paid Supplemental Data": "48,500", "Capital Expenditure": "-67,700", "Issuance of Capital Stock": "147,300", "Issuance of Debt": "-", "Repayment of Debt": "-", "Repurchase of Capital Stock": "-275,700", "Free Cash Flow": "1,046,800"}, "12/31/2020": {"Duration": "12/31/2020", "Operating Cash Flow": "1,008,600", "Investing Cash Flow": "-187,800", "Financing Cash Flow": "-84,300", "End Cash Position": "923,400", "Income Tax Paid Supplemental Data": "188,400", "Interest Paid Supplemental Data": "49,800", "Capital Expenditure": "-65,600", "Issuance of Capital Stock": "55,800", "Issuance of Debt": "489,900", "Repayment of Debt": "0", "Repurchase of Capital Stock": "-174,300", "Free Cash Flow": "943,000"}, "12/31/2019": {"Duration": "12/31/2019", "Operating Cash Flow": "674,600", "Investing Cash Flow": "-222,100", "Financing Cash Flow": "-409,400", "End Cash Position": "184,500", "Income Tax Paid Supplemental Data": "191,200", "Interest Paid Supplemental Data": "46,300", "Capital Expenditure": "-99,400", "Issuance of Capital Stock": "51,400", "Issuance of Debt": "17,600", "Repayment of Debt": "0", "Repurchase of Capital Stock": "-238,400", "Free Cash Flow": "575,200"}, "12/31/2018": {"Duration": "12/31/2018", "Operating Cash Flow": "764,500", "Investing Cash Flow": "-210,200", "Financing Cash Flow": "-502,200", "End Cash Position": "140,900", "Income Tax Paid Supplemental Data": "188,000", "Interest Paid Supplemental Data": "51,500", "Capital Expenditure": "-90,900", "Issuance of Capital Stock": "55,500", "Issuance of Debt": "395,400", "Repayment of Debt": "-474,600", "Repurchase of Capital Stock": "-284,100", "Free Cash Flow": "673,600"}}}}, {"PFIN": {"quote": {"04/26/2021": {"value": "6.25", "Market Cap": "20.451M", "Beta (5Y Monthly)": "0.72", "PE Ratio (TTM)": "N/A", "EPS (TTM)": "-1.57", "Earnings Date": "May 13, 2021", "Forward Dividend & Yield": "N/A (N/A)", "Ex-Dividend Date": "Feb 21, 2020", "1y Target Est": "N/A"}}, "fin": {"TTM": {"Duration": "TTM", "Total Revenue": "49,136", "Cost of Revenue": "34,943", "Gross Profit": "14,193", "Operating Expense": "19,367", "Operating Income": "-5,174", "Net Non Operating Interest Income Expense": "-140", "Other Income Expense": "-1,541", "Pretax Income": "-6,855", "Tax Provision": "-1,901", "Net Income Common Stockholders": "-4,954", "Diluted NI Available to Com Stockholders": "-4,954", "Basic EPS": "-", "Diluted EPS": "-", "Basic Average Shares": "-", "Diluted Average Shares": "-", "Total Operating Income as Reported": "-6,786", "Total Expenses": "54,310", "Net Income from Continuing & Discontinued Operation": "-4,954", "Normalized Income": "-3,763", "Interest Income": "-", "Interest Expense": "124", "Net Interest Income": "-140", "EBIT": "-6,731", "EBITDA": "-3,343", "Reconciled Cost of Revenue": "34,943", "Reconciled Depreciation": "3,388", "Net Income from Continuing Operation Net Minority Interest": "-4,954", "Total Unusual Items Excluding Goodwill": "-1,647", "Total Unusual Items": "-1,647", "Normalized EBITDA": "-1,696", "Tax Rate for Calcs": "0", "Tax Effect of Unusual Items": "-456.219"}, "12/31/2020": {"Duration": "12/31/2020", "Total Revenue": "49,136", "Cost of Revenue": "34,943", "Gross Profit": "14,193", "Operating Expense": "19,367", "Operating Income": "-5,174", "Net Non Operating Interest Income Expense": "-140", "Other Income Expense": "-1,541", "Pretax Income": "-6,855", "Tax Provision": "-1,901", "Net Income Common Stockholders": "-4,954", "Diluted NI Available to Com Stockholders": "-4,954", "Basic EPS": "-", "Diluted EPS": "-", "Basic Average Shares": "-", "Diluted Average Shares": "-", "Total Operating Income as Reported": "-6,786", "Total Expenses": "54,310", "Net Income from Continuing & Discontinued Operation": "-4,954", "Normalized Income": "-3,763", "Interest Income": "-", "Interest Expense": "124", "Net Interest Income": "-140", "EBIT": "-6,731", "EBITDA": "-", "Reconciled Cost of Revenue": "34,943", "Reconciled Depreciation": "3,388", "Net Income from Continuing Operation Net Minority Interest": "-4,954", "Total Unusual Items Excluding Goodwill": "-1,647", "Total Unusual Items": "-1,647", "Normalized EBITDA": "-1,696", "Tax Rate for Calcs": "0", "Tax Effect of Unusual Items": "-456.219"}, "12/31/2019": {"Duration": "12/31/2019", "Total Revenue": "58,674", "Cost of Revenue": "37,716", "Gross Profit": "20,958", "Operating Expense": "21,869", "Operating Income": "-911", "Net Non Operating Interest Income Expense": "-198", "Other Income Expense": "7,817", "Pretax Income": "6,708", "Tax Provision": "1,797", "Net Income Common Stockholders": "4,911", "Diluted NI Available to Com Stockholders": "4,911", "Basic EPS": "1.53", "Diluted EPS": "1.51", "Basic Average Shares": "3,143", "Diluted Average Shares": "3,143", "Total Operating Income as Reported": "-911", "Total Expenses": "59,585", "Net Income from Continuing & Discontinued Operation": "4,911", "Normalized Income": "-811.044", "Interest Income": "0", "Interest Expense": "176", "Net Interest Income": "-198", "EBIT": "6,884", "EBITDA": "-", "Reconciled Cost of Revenue": "37,716", "Reconciled Depreciation": "2,851", "Net Income from Continuing Operation Net Minority Interest": "4,911", "Total Unusual Items Excluding Goodwill": "7,817", "Total Unusual Items": "7,817", "Normalized EBITDA": "1,918", "Tax Rate for Calcs": "0", "Tax Effect of Unusual Items": "2,095"}, "12/31/2018": {"Duration": "12/31/2018", "Total Revenue": "64,995", "Cost of Revenue": "41,808", "Gross Profit": "23,187", "Operating Expense": "21,705", "Operating Income": "1,482", "Net Non Operating Interest Income Expense": "-223", "Other Income Expense": "-150", "Pretax Income": "1,109", "Tax Provision": "253", "Net Income Common Stockholders": "856", "Diluted NI Available to Com Stockholders": "856", "Basic EPS": "0.24", "Diluted EPS": "0.23", "Basic Average Shares": "3,567", "Diluted Average Shares": "3,722", "Total Operating Income as Reported": "1,482", "Total Expenses": "63,513", "Net Income from Continuing & Discontinued Operation": "856", "Normalized Income": "971.78", "Interest Income": "5", "Interest Expense": "133", "Net Interest Income": "-223", "EBIT": "1,242", "EBITDA": "-", "Reconciled Cost of Revenue": "41,808", "Reconciled Depreciation": "2,085", "Net Income from Continuing Operation Net Minority Interest": "856", "Total Unusual Items Excluding Goodwill": "-150", "Total Unusual Items": "-150", "Normalized EBITDA": "3,477", "Tax Rate for Calcs": "0", "Tax Effect of Unusual Items": "-34.22"}}, "bs": {"12/31/2020": {"Duration": "12/31/2020", "Total Assets": "53,367", "Total Liabilities Net Minority Interest": "11,829", "Total Equity Gross Minority Interest": "41,538", "Total Capitalization": "42,484", "Common Stock Equity": "41,538", "Capital Lease Obligations": "3,321", "Net Tangible Assets": "30,863", "Working Capital": "21,258", "Invested Capital": "45,841", "Tangible Book Value": "30,863", "Total Debt": "7,624", "Net Debt": "3,399", "Share Issued": "4,428", "Ordinary Shares Number": "3,155", "Treasury Shares Number": "1,273"}, "12/31/2019": {"Duration": "12/31/2019", "Total Assets": "61,743", "Total Liabilities Net Minority Interest": "15,237", "Total Equity Gross Minority Interest": "46,506", "Total Capitalization": "46,506", "Common Stock Equity": "46,506", "Capital Lease Obligations": "3,949", "Net Tangible Assets": "33,521", "Working Capital": "22,115", "Invested Capital": "52,154", "Tangible Book Value": "33,521", "Total Debt": "9,597", "Net Debt": "5,268", "Share Issued": "4,416", "Ordinary Shares Number": "3,143", "Treasury Shares Number": "1,273"}, "12/31/2018": {"Duration": "12/31/2018", "Total Assets": "55,586", "Total Liabilities Net Minority Interest": "10,051", "Total Equity Gross Minority Interest": "45,535", "Total Capitalization": "45,535", "Common Stock Equity": "45,535", "Capital Lease Obligations": "-", "Net Tangible Assets": "33,299", "Working Capital": "22,323", "Invested Capital": "48,084", "Tangible Book Value": "33,299", "Total Debt": "2,549", "Net Debt": "1,550", "Share Issued": "4,410", "Ordinary Shares Number": "3,594", "Treasury Shares Number": "816"}}, "cf": {"TTM": {"Duration": "TTM", "Operating Cash Flow": "3,047", "Investing Cash Flow": "-1,103", "Financing Cash Flow": "-1,431", "End Cash Position": "904", "Income Tax Paid Supplemental Data": "35", "Interest Paid Supplemental Data": "120", "Capital Expenditure": "-1,104", "Issuance of Debt": "-1,345", "Repayment of Debt": "0", "Repurchase of Capital Stock": "0", "Free Cash Flow": "1,943"}, "12/31/2020": {"Duration": "12/31/2020", "Operating Cash Flow": "3,047", "Investing Cash Flow": "-1,103", "Financing Cash Flow": "-1,431", "End Cash Position": "904", "Income Tax Paid Supplemental Data": "35", "Interest Paid Supplemental Data": "120", "Capital Expenditure": "-1,104", "Issuance of Debt": "-1,345", "Repayment of Debt": "0", "Repurchase of Capital Stock": "0", "Free Cash Flow": "1,943"}, "12/31/2019": {"Duration": "12/31/2019", "Operating Cash Flow": "-2,514", "Investing Cash Flow": "3,724", "Financing Cash Flow": "-1,815", "End Cash Position": "380", "Income Tax Paid Supplemental Data": "1,809", "Interest Paid Supplemental Data": "171", "Capital Expenditure": "-1,524", "Issuance of Debt": "3,552", "Repayment of Debt": "-453", "Repurchase of Capital Stock": "-3,518", "Free Cash Flow": "-4,038"}, "12/31/2018": {"Duration": "12/31/2018", "Operating Cash Flow": "2,966", "Investing Cash Flow": "-1,852", "Financing Cash Flow": "-1,315", "End Cash Position": "999", "Income Tax Paid Supplemental Data": "86", "Interest Paid Supplemental Data": "130", "Capital Expenditure": "-1,878", "Issuance of Debt": "168", "Repayment of Debt": "-47", "Repurchase of Capital Stock": "-1,516", "Free Cash Flow": "1,088"}}}}, {"AERO": {"fin": {}, "bs": {}, "cf": {}}}]