[{"AIN": {"quote": {"04/25/2021": {"value": "87.91", "Market Cap": "2.808B", "Beta (5Y Monthly)": "1.46", "PE Ratio (TTM)": "28.82", "EPS (TTM)": "3.05", "Earnings Date": "Apr 26, 2021", "Forward Dividend & Yield": "0.80 (0.91%)", "Ex-Dividend Date": "Mar 18, 2021", "1y Target Est": "83.40"}}, "fin": {"TTM": {"Duration": "TTM", "Total Revenue": "900,610", "Cost of Revenue": "529,538", "Gross Profit": "371,072", "Operating Expense": "199,256", "Operating Income": "171,816", "Net Non Operating Interest Income Expense": "-13,951", "Other Income Expense": "-18,791", "Pretax Income": "139,074", "Tax Provision": "41,831", "Net Income Common Stockholders": "98,589", "Diluted NI Available to Com Stockholders": "98,589", "Basic EPS": "-", "Diluted EPS": "-", "Basic Average Shares": "-", "Diluted Average Shares": "-", "Total Operating Income as Reported": "166,080", "Total Expenses": "728,794", "Net Income from Continuing & Discontinued Operation": "98,589", "Normalized Income": "112,083", "Interest Income": "2,748", "Interest Expense": "16,332", "Net Interest Income": "-13,951", "EBIT": "155,406", "EBITDA": "228,111", "Reconciled Cost of Revenue": "529,538", "Reconciled Depreciation": "72,705", "Net Income from Continuing Operation Net Minority Interest": "98,589", "Total Unusual Items Excluding Goodwill": "-19,305", "Total Unusual Items": "-19,305", "Normalized EBITDA": "247,416", "Tax Rate for Calcs": "0", "Tax Effect of Unusual Items": "-5,811"}, "12/31/2020": {"Duration": "12/31/2020", "Total Revenue": "900,610", "Cost of Revenue": "529,538", "Gross Profit": "371,072", "Operating Expense": "199,256", "Operating Income": "171,816", "Net Non Operating Interest Income Expense": "-13,951", "Other Income Expense": "-18,791", "Pretax Income": "139,074", "Tax Provision": "41,831", "Net Income Common Stockholders": "98,589", "Diluted NI Available to Com Stockholders": "98,589", "Basic EPS": "-", "Diluted EPS": "-", "Basic Average Shares": "-", "Diluted Average Shares": "-", "Total Operating Income as Reported": "166,080", "Total Expenses": "728,794", "Net Income from Continuing & Discontinued Operation": "98,589", "Normalized Income": "112,083", "Interest Income": "2,748", "Interest Expense": "16,332", "Net Interest Income": "-13,951", "EBIT": "155,406", "EBITDA": "-", "Reconciled Cost of Revenue": "529,538", "Reconciled Depreciation": "72,705", "Net Income from Continuing Operation Net Minority Interest": "98,589", "Total Unusual Items Excluding Goodwill": "-19,305", "Total Unusual Items": "-19,305", "Normalized EBITDA": "247,416", "Tax Rate for Calcs": "0", "Tax Effect of Unusual Items": "-5,811"}, "12/31/2019": {"Duration": "12/31/2019", "Total Revenue": "1,054,132", "Cost of Revenue": "656,431", "Gross Profit": "397,701", "Operating Expense": "201,670", "Operating Income": "196,031", "Net Non Operating Interest Income Expense": "-17,269", "Other Income Expense": "-550", "Pretax Income": "178,212", "Tax Provision": "44,829", "Net Income Common Stockholders": "132,398", "Diluted NI Available to Com Stockholders": "132,398", "Basic EPS": "4.10", "Diluted EPS": "4.10", "Basic Average Shares": "32,296", "Diluted Average Shares": "32,308", "Total Operating Income as Reported": "193,576", "Total Expenses": "858,101", "Net Income from Continuing & Discontinued Operation": "132,398", "Normalized Income": "131,225", "Interest Income": "2,729", "Interest Expense": "19,650", "Net Interest Income": "-17,269", "EBIT": "197,862", "EBITDA": "-", "Reconciled Cost of Revenue": "656,431", "Reconciled Depreciation": "70,795", "Net Income from Continuing Operation Net Minority Interest": "132,398", "Total Unusual Items Excluding Goodwill": "1,568", "Total Unusual Items": "1,568", "Normalized EBITDA": "267,089", "Tax Rate for Calcs": "0", "Tax Effect of Unusual Items": "395.136"}, "12/31/2018": {"Duration": "12/31/2018", "Total Revenue": "982,479", "Cost of Revenue": "632,730", "Gross Profit": "349,749", "Operating Expense": "198,265", "Operating Income": "151,484", "Net Non Operating Interest Income Expense": "-18,541", "Other Income Expense": "-17,696", "Pretax Income": "115,247", "Tax Provision": "32,228", "Net Income Common Stockholders": "82,891", "Diluted NI Available to Com Stockholders": "82,891", "Basic EPS": "2.57", "Diluted EPS": "2.57", "Basic Average Shares": "32,252", "Diluted Average Shares": "32,267", "Total Operating Income as Reported": "137,408", "Total Expenses": "830,995", "Net Income from Continuing & Discontinued Operation": "82,891", "Normalized Income": "94,053", "Interest Income": "2,118", "Interest Expense": "20,242", "Net Interest Income": "-18,541", "EBIT": "135,489", "EBITDA": "-", "Reconciled Cost of Revenue": "632,730", "Reconciled Depreciation": "79,036", "Net Income from Continuing Operation Net Minority Interest": "82,891", "Total Unusual Items Excluding Goodwill": "-15,503", "Total Unusual Items": "-15,503", "Normalized EBITDA": "230,028", "Tax Rate for Calcs": "0", "Tax Effect of Unusual Items": "-4,341"}}, "bs": {"12/31/2020": {"Duration": "12/31/2020", "Total Assets": "1,549,936", "Total Liabilities Net Minority Interest": "730,071", "Total Equity Gross Minority Interest": "819,865", "Total Capitalization": "1,214,066", "Common Stock Equity": "816,066", "Capital Lease Obligations": "35,581", "Net Tangible Assets": "581,644", "Working Capital": "526,413", "Invested Capital": "1,214,075", "Tangible Book Value": "581,644", "Total Debt": "433,590", "Net Debt": "156,693", "Share Issued": "40,733", "Ordinary Shares Number": "32,342", "Treasury Shares Number": "8,391"}, "12/31/2019": {"Duration": "12/31/2019", "Total Assets": "1,474,368", "Total Liabilities Net Minority Interest": "771,679", "Total Equity Gross Minority Interest": "702,689", "Total Capitalization": "1,122,692", "Common Stock Equity": "698,683", "Capital Lease Obligations": "42,944", "Net Tangible Assets": "464,857", "Working Capital": "415,615", "Invested Capital": "1,122,712", "Tangible Book Value": "464,857", "Total Debt": "466,973", "Net Debt": "228,489", "Share Issued": "40,717", "Ordinary Shares Number": "32,308", "Treasury Shares Number": "8,409"}, "12/31/2018": {"Duration": "12/31/2018", "Total Assets": "1,417,992", "Total Liabilities Net Minority Interest": "809,712", "Total Equity Gross Minority Interest": "608,280", "Total Capitalization": "1,128,956", "Common Stock Equity": "605,249", "Capital Lease Obligations": "-", "Net Tangible Assets": "391,661", "Working Capital": "403,743", "Invested Capital": "1,130,180", "Tangible Book Value": "391,661", "Total Debt": "524,931", "Net Debt": "327,176", "Share Issued": "40,684", "Ordinary Shares Number": "32,266", "Treasury Shares Number": "8,419"}}, "cf": {"TTM": {"Duration": "TTM", "Operating Cash Flow": "140,253", "Investing Cash Flow": "-42,390", "Financing Cash Flow": "-60,669", "End Cash Position": "241,316", "Capital Expenditure": "-42,390", "Issuance of Debt": "75,000", "Repayment of Debt": "-108,234", "Free Cash Flow": "97,863"}, "12/31/2020": {"Duration": "12/31/2020", "Operating Cash Flow": "140,253", "Investing Cash Flow": "-42,390", "Financing Cash Flow": "-60,669", "End Cash Position": "241,316", "Capital Expenditure": "-42,390", "Issuance of Debt": "75,000", "Repayment of Debt": "-108,234", "Free Cash Flow": "97,863"}, "12/31/2019": {"Duration": "12/31/2019", "Operating Cash Flow": "200,352", "Investing Cash Flow": "-98,748", "Financing Cash Flow": "-100,307", "End Cash Position": "195,540", "Capital Expenditure": "-67,955", "Issuance of Debt": "45,000", "Repayment of Debt": "-121,197", "Free Cash Flow": "132,397"}, "12/31/2018": {"Duration": "12/31/2018", "Operating Cash Flow": "132,485", "Investing Cash Flow": "-82,886", "Financing Cash Flow": "-27,258", "End Cash Position": "197,755", "Capital Expenditure": "-82,886", "Issuance of Debt": "26,031", "Repayment of Debt": "-29,913", "Free Cash Flow": "49,599"}}}}, {"DXYN": {"quote": {"04/25/2021": {"value": "3.2600", "Market Cap": "52.151M", "Beta (5Y Monthly)": "2.80", "PE Ratio (TTM)": "N/A", "EPS (TTM)": "-0.6010", "Earnings Date": "Mar 04, 2021", "Forward Dividend & Yield": "N/A (N/A)", "Ex-Dividend Date": "Sep 10, 1998", "1y Target Est": "N/A"}}, "fin": {"TTM": {"Duration": "TTM", "Total Revenue": "315,939", "Cost of Revenue": "239,483", "Gross Profit": "76,456", "Operating Expense": "75,637", "Operating Income": "819", "Net Non Operating Interest Income Expense": "-5,800", "Other Income Expense": "-4,419", "Pretax Income": "-9,400", "Tax Provision": "-312", "Net Income Common Stockholders": "-9,208", "Diluted NI Available to Com Stockholders": "-9,208", "Basic EPS": "-", "Diluted EPS": "-", "Basic Average Shares": "-", "Diluted Average Shares": "-", "Total Operating Income as Reported": "-2,919", "Total Expenses": "315,120", "Net Income from Continuing & Discontinued Operation": "-9,208", "Normalized Income": "-5,474", "Interest Expense": "5,800", "Net Interest Income": "-5,800", "EBIT": "-3,600", "EBITDA": "7,146", "Reconciled Cost of Revenue": "228,737", "Reconciled Depreciation": "10,746", "Net Income from Continuing Operation Net Minority Interest": "-9,088", "Total Unusual Items Excluding Goodwill": "-3,738", "Total Unusual Items": "-3,738", "Normalized EBITDA": "10,884", "Tax Rate for Calcs": "0", "Tax Effect of Unusual Items": "-124.1016"}, "12/31/2020": {"Duration": "12/31/2020", "Total Revenue": "315,939", "Cost of Revenue": "239,483", "Gross Profit": "76,456", "Operating Expense": "75,637", "Operating Income": "819", "Net Non Operating Interest Income Expense": "-5,800", "Other Income Expense": "-4,419", "Pretax Income": "-9,400", "Tax Provision": "-312", "Net Income Common Stockholders": "-9,208", "Diluted NI Available to Com Stockholders": "-9,208", "Basic EPS": "-", "Diluted EPS": "-", "Basic Average Shares": "-", "Diluted Average Shares": "-", "Total Operating Income as Reported": "-2,919", "Total Expenses": "315,120", "Net Income from Continuing & Discontinued Operation": "-9,208", "Normalized Income": "-5,474", "Interest Expense": "5,800", "Net Interest Income": "-5,800", "EBIT": "-3,600", "EBITDA": "-", "Reconciled Cost of Revenue": "228,737", "Reconciled Depreciation": "10,746", "Net Income from Continuing Operation Net Minority Interest": "-9,088", "Total Unusual Items Excluding Goodwill": "-3,738", "Total Unusual Items": "-3,738", "Normalized EBITDA": "10,884", "Tax Rate for Calcs": "0", "Tax Effect of Unusual Items": "-124.1016"}, "12/31/2019": {"Duration": "12/31/2019", "Total Revenue": "374,582", "Cost of Revenue": "288,377", "Gross Profit": "86,205", "Operating Expense": "84,564", "Operating Income": "1,641", "Net Non Operating Interest Income Expense": "-6,395", "Other Income Expense": "19,716", "Pretax Income": "14,962", "Tax Provision": "-657", "Net Income Common Stockholders": "15,271", "Diluted NI Available to Com Stockholders": "15,271", "Basic EPS": "0.94", "Diluted EPS": "0.93", "Basic Average Shares": "15,822", "Diluted Average Shares": "15,926", "Total Operating Income as Reported": "21,349", "Total Expenses": "372,941", "Net Income from Continuing & Discontinued Operation": "15,271", "Normalized Income": "1,232", "Interest Expense": "6,395", "Net Interest Income": "-6,395", "EBIT": "21,357", "EBITDA": "-", "Reconciled Cost of Revenue": "276,937", "Reconciled Depreciation": "11,440", "Net Income from Continuing Operation Net Minority Interest": "15,619", "Total Unusual Items Excluding Goodwill": "19,708", "Total Unusual Items": "19,708", "Normalized EBITDA": "13,089", "Tax Rate for Calcs": "0", "Tax Effect of Unusual Items": "5,321"}, "12/31/2018": {"Duration": "12/31/2018", "Total Revenue": "405,033", "Cost of Revenue": "318,042", "Gross Profit": "86,991", "Operating Expense": "93,852", "Operating Income": "-6,861", "Net Non Operating Interest Income Expense": "-6,491", "Other Income Expense": "-8,958", "Pretax Income": "-22,310", "Tax Provision": "-831", "Net Income Common Stockholders": "-21,384", "Diluted NI Available to Com Stockholders": "-21,384", "Basic EPS": "-1.35", "Diluted EPS": "-1.35", "Basic Average Shares": "15,764", "Diluted Average Shares": "15,764", "Total Operating Income as Reported": "-15,816", "Total Expenses": "411,894", "Net Income from Continuing & Discontinued Operation": "-21,384", "Normalized Income": "-12,858", "Interest Expense": "6,491", "Net Interest Income": "-6,491", "EBIT": "-15,819", "EBITDA": "-", "Reconciled Cost of Revenue": "305,694", "Reconciled Depreciation": "12,653", "Net Income from Continuing Operation Net Minority Interest": "-21,479", "Total Unusual Items Excluding Goodwill": "-8,955", "Total Unusual Items": "-8,955", "Normalized EBITDA": "5,789", "Tax Rate for Calcs": "0", "Tax Effect of Unusual Items": "-333.5547"}}, "bs": {"12/31/2020": {"Duration": "12/31/2020", "Total Assets": "232,868", "Total Liabilities Net Minority Interest": "169,077", "Total Equity Gross Minority Interest": "63,791", "Total Capitalization": "135,832", "Common Stock Equity": "63,791", "Capital Lease Obligations": "22,727", "Net Tangible Assets": "63,791", "Working Capital": "78,869", "Invested Capital": "141,948", "Tangible Book Value": "63,791", "Total Debt": "100,884", "Net Debt": "76,237", "Share Issued": "15,438", "Ordinary Shares Number": "15,438"}, "12/31/2019": {"Duration": "12/31/2019", "Total Assets": "247,659", "Total Liabilities Net Minority Interest": "174,448", "Total Equity Gross Minority Interest": "73,211", "Total Capitalization": "154,878", "Common Stock Equity": "73,211", "Capital Lease Obligations": "25,295", "Net Tangible Assets": "73,211", "Working Capital": "88,237", "Invested Capital": "161,562", "Tangible Book Value": "73,211", "Total Debt": "113,646", "Net Debt": "87,582", "Share Issued": "15,862", "Ordinary Shares Number": "15,862"}, "12/31/2018": {"Duration": "12/31/2018", "Total Assets": "252,778", "Total Liabilities Net Minority Interest": "193,794", "Total Equity Gross Minority Interest": "58,984", "Total Capitalization": "179,235", "Common Stock Equity": "58,984", "Capital Lease Obligations": "-", "Net Tangible Assets": "58,984", "Working Capital": "96,534", "Invested Capital": "187,029", "Tangible Book Value": "58,984", "Total Debt": "128,045", "Net Debt": "128,027", "Share Issued": "16,362", "Ordinary Shares Number": "16,362"}}, "cf": {"TTM": {"Duration": "TTM", "Operating Cash Flow": "13,549", "Investing Cash Flow": "-1,716", "Financing Cash Flow": "-10,682", "End Cash Position": "1,920", "Capital Expenditure": "-1,760", "Issuance of Debt": "57,023", "Repayment of Debt": "-67,172", "Repurchase of Capital Stock": "-921", "Free Cash Flow": "11,789"}, "12/31/2020": {"Duration": "12/31/2020", "Operating Cash Flow": "13,549", "Investing Cash Flow": "-1,716", "Financing Cash Flow": "-10,682", "End Cash Position": "1,920", "Capital Expenditure": "-1,760", "Issuance of Debt": "57,023", "Repayment of Debt": "-67,172", "Repurchase of Capital Stock": "-921", "Free Cash Flow": "11,789"}, "12/31/2019": {"Duration": "12/31/2019", "Operating Cash Flow": "11,687", "Investing Cash Flow": "32,970", "Financing Cash Flow": "-43,906", "End Cash Position": "769", "Capital Expenditure": "-4,235", "Issuance of Debt": "12,879", "Repayment of Debt": "-52,540", "Repurchase of Capital Stock": "-827", "Free Cash Flow": "7,452"}, "12/31/2018": {"Duration": "12/31/2018", "Operating Cash Flow": "5,105", "Investing Cash Flow": "-2,196", "Financing Cash Flow": "-2,910", "End Cash Position": "18", "Capital Expenditure": "-4,052", "Issuance of Debt": "4,785", "Repayment of Debt": "-10,399", "Repurchase of Capital Stock": "-58", "Free Cash Flow": "1,053"}}}}, {"IVDN": {"quote": {"04/25/2021": {"value": "0.3380", "Market Cap": "9.413M", "Beta (5Y Monthly)": "-0.21", "PE Ratio (TTM)": "N/A", "EPS (TTM)": "-0.0180", "Earnings Date": "N/A", "Forward Dividend & Yield": "N/A (N/A)", "Ex-Dividend Date": "N/A", "1y Target Est": "N/A"}}, "fin": {"TTM": {"Duration": "TTM", "Total Revenue": "201.287", "Cost of Revenue": "95.34", "Gross Profit": "105.947", "Operating Expense": "602.577", "Operating Income": "-496.63", "Net Non Operating Interest Income Expense": "-17.3", "Other Income Expense": "0.833", "Pretax Income": "-513.097", "Net Income Common Stockholders": "-513.097", "Diluted NI Available to Com Stockholders": "-513.097", "Basic EPS": "-", "Diluted EPS": "-", "Basic Average Shares": "-", "Diluted Average Shares": "-", "Total Operating Income as Reported": "-496.63", "Total Expenses": "697.917", "Net Income from Continuing & Discontinued Operation": "-513.097", "Normalized Income": "-513.097", "Interest Expense": "17.3", "Net Interest Income": "-17.3", "EBIT": "-495.797", "EBITDA": "-457.865", "Reconciled Cost of Revenue": "95.34", "Reconciled Depreciation": "37.932", "Net Income from Continuing Operation Net Minority Interest": "-513.097", "Total Unusual Items Excluding Goodwill": "-", "Total Unusual Items": "-", "Normalized EBITDA": "-457.865", "Tax Rate for Calcs": "0", "Tax Effect of Unusual Items": "0"}, "10/31/2019": {"Duration": "10/31/2019", "Total Revenue": "215.975", "Cost of Revenue": "126.645", "Gross Profit": "89.33", "Operating Expense": "898.448", "Operating Income": "-809.118", "Net Non Operating Interest Income Expense": "-18.26", "Other Income Expense": "-14.601", "Pretax Income": "-841.979", "Net Income Common Stockholders": "-841.979", "Diluted NI Available to Com Stockholders": "-841.979", "Basic EPS": "-0.03", "Diluted EPS": "-0.03", "Basic Average Shares": "28,708", "Diluted Average Shares": "28,708", "Total Operating Income as Reported": "-809.118", "Total Expenses": "1,025", "Net Income from Continuing & Discontinued Operation": "-841.979", "Normalized Income": "-841.979", "Interest Expense": "18.26", "Net Interest Income": "-18.26", "EBIT": "-823.719", "EBITDA": "-", "Reconciled Cost of Revenue": "126.645", "Reconciled Depreciation": "33.037", "Net Income from Continuing Operation Net Minority Interest": "-841.979", "Total Unusual Items Excluding Goodwill": "-", "Total Unusual Items": "-", "Normalized EBITDA": "-790.682", "Tax Rate for Calcs": "0", "Tax Effect of Unusual Items": "0"}, "10/31/2018": {"Duration": "10/31/2018", "Total Revenue": "249.682", "Cost of Revenue": "160.534", "Gross Profit": "89.148", "Operating Expense": "648.363", "Operating Income": "-559.215", "Net Non Operating Interest Income Expense": "-22.66", "Other Income Expense": "27.25", "Pretax Income": "-554.625", "Net Income Common Stockholders": "-554.625", "Diluted NI Available to Com Stockholders": "-554.625", "Basic EPS": "-0.02", "Diluted EPS": "-0.02", "Basic Average Shares": "27,122", "Diluted Average Shares": "27,122", "Total Operating Income as Reported": "-559.215", "Total Expenses": "808.897", "Net Income from Continuing & Discontinued Operation": "-554.625", "Normalized Income": "-554.625", "Interest Expense": "22.66", "Net Interest Income": "-22.66", "EBIT": "-531.965", "EBITDA": "-", "Reconciled Cost of Revenue": "160.534", "Reconciled Depreciation": "33.588", "Net Income from Continuing Operation Net Minority Interest": "-554.625", "Total Unusual Items Excluding Goodwill": "-", "Total Unusual Items": "-", "Normalized EBITDA": "-498.377", "Tax Rate for Calcs": "0", "Tax Effect of Unusual Items": "0"}}, "bs": {"10/31/2019": {"Duration": "10/31/2019", "Total Assets": "1,569", "Total Liabilities Net Minority Interest": "931.732", "Total Equity Gross Minority Interest": "636.778", "Total Capitalization": "717.674", "Common Stock Equity": "636.778", "Capital Lease Obligations": "115.91", "Net Tangible Assets": "636.778", "Working Capital": "10.979", "Invested Capital": "832.942", "Tangible Book Value": "636.778", "Total Debt": "312.074", "Net Debt": "161.639", "Share Issued": "30,112", "Ordinary Shares Number": "30,112"}, "10/31/2018": {"Duration": "10/31/2018", "Total Assets": "1,703", "Total Liabilities Net Minority Interest": "493.459", "Total Equity Gross Minority Interest": "1,209", "Total Capitalization": "1,310", "Common Stock Equity": "1,209", "Capital Lease Obligations": "-", "Net Tangible Assets": "1,209", "Working Capital": "553.2", "Invested Capital": "1,474", "Tangible Book Value": "1,209", "Total Debt": "264.836", "Net Debt": "152.633", "Share Issued": "27,790", "Ordinary Shares Number": "27,790"}}, "cf": {"TTM": {"Duration": "TTM", "Operating Cash Flow": "-261.666", "Investing Cash Flow": "0", "Financing Cash Flow": "325.173", "End Cash Position": "99.672", "Interest Paid Supplemental Data": "24.857", "Capital Expenditure": "-", "Issuance of Capital Stock": "244.5", "Issuance of Debt": "-", "Repayment of Debt": "-20.713", "Free Cash Flow": "-261.666"}, "10/31/2019": {"Duration": "10/31/2019", "Operating Cash Flow": "-266.446", "Investing Cash Flow": "0", "Financing Cash Flow": "188.768", "End Cash Position": "34.525", "Interest Paid Supplemental Data": "21.908", "Capital Expenditure": "-", "Issuance of Capital Stock": "207.44", "Issuance of Debt": "-", "Repayment of Debt": "-19.422", "Free Cash Flow": "-266.446"}, "10/31/2018": {"Duration": "10/31/2018", "Operating Cash Flow": "-418.948", "Investing Cash Flow": "-4.258", "Financing Cash Flow": "320.538", "End Cash Position": "112.203", "Interest Paid Supplemental Data": "43.959", "Capital Expenditure": "-4.258", "Issuance of Capital Stock": "311.56", "Issuance of Debt": "-", "Repayment of Debt": "-17.872", "Free Cash Flow": "-423.206"}}}}, {"TILE": {"quote": {"04/25/2021": {"value": "12.58", "Market Cap": "731.241M", "Beta (5Y Monthly)": "2.15", "PE Ratio (TTM)": "N/A", "EPS (TTM)": "-1.23", "Earnings Date": "May 07, 2021", "Forward Dividend & Yield": "0.04 (0.33%)", "Ex-Dividend Date": "Mar 31, 2021", "1y Target Est": "15.00"}}, "fin": {"TTM": {"Duration": "TTM", "Total Revenue": "1,103,262", "Cost of Revenue": "692,688", "Gross Profit": "410,574", "Operating Expense": "333,229", "Operating Income": "77,345", "Net Non Operating Interest Income Expense": "-29,244", "Other Income Expense": "-127,521", "Pretax Income": "-79,420", "Tax Provision": "-7,491", "Net Income Common Stockholders": "-71,929", "Diluted NI Available to Com Stockholders": "-71,929", "Basic EPS": "-", "Diluted EPS": "-", "Basic Average Shares": "-", "Diluted Average Shares": "-", "Total Operating Income as Reported": "-39,287", "Total Expenses": "1,025,917", "Net Income from Continuing & Discontinued Operation": "-71,929", "Normalized Income": "33,740", "Interest Expense": "29,244", "Net Interest Income": "-29,244", "EBIT": "-50,176", "EBITDA": "1,201", "Reconciled Cost of Revenue": "692,688", "Reconciled Depreciation": "51,377", "Net Income from Continuing Operation Net Minority Interest": "-71,929", "Total Unusual Items Excluding Goodwill": "-116,632", "Total Unusual Items": "-116,632", "Normalized EBITDA": "117,833", "Tax Rate for Calcs": "0", "Tax Effect of Unusual Items": "-10,963"}, "12/31/2020": {"Duration": "12/31/2020", "Total Revenue": "1,103,262", "Cost of Revenue": "692,688", "Gross Profit": "410,574", "Operating Expense": "333,229", "Operating Income": "77,345", "Net Non Operating Interest Income Expense": "-29,244", "Other Income Expense": "-127,521", "Pretax Income": "-79,420", "Tax Provision": "-7,491", "Net Income Common Stockholders": "-71,929", "Diluted NI Available to Com Stockholders": "-71,929", "Basic EPS": "-1.23", "Diluted EPS": "-1.23", "Basic Average Shares": "58,547", "Diluted Average Shares": "58,547", "Total Operating Income as Reported": "-39,287", "Total Expenses": "1,025,917", "Net Income from Continuing & Discontinued Operation": "-71,929", "Normalized Income": "33,740", "Interest Expense": "29,244", "Net Interest Income": "-29,244", "EBIT": "-50,176", "EBITDA": "-", "Reconciled Cost of Revenue": "692,688", "Reconciled Depreciation": "51,377", "Net Income from Continuing Operation Net Minority Interest": "-71,929", "Total Unusual Items Excluding Goodwill": "-116,632", "Total Unusual Items": "-116,632", "Normalized EBITDA": "117,833", "Tax Rate for Calcs": "0", "Tax Effect of Unusual Items": "-10,963"}, "12/31/2019": {"Duration": "12/31/2019", "Total Revenue": "1,343,029", "Cost of Revenue": "817,575", "Gross Profit": "525,454", "Operating Expense": "381,604", "Operating Income": "143,850", "Net Non Operating Interest Income Expense": "-25,656", "Other Income Expense": "-16,378", "Pretax Income": "101,816", "Tax Provision": "22,616", "Net Income Common Stockholders": "79,200", "Diluted NI Available to Com Stockholders": "79,200", "Basic EPS": "1.34", "Diluted EPS": "1.34", "Basic Average Shares": "58,943", "Diluted Average Shares": "58,948", "Total Operating Income as Reported": "130,903", "Total Expenses": "1,199,179", "Net Income from Continuing & Discontinued Operation": "79,200", "Normalized Income": "89,273", "Interest Expense": "25,656", "Net Interest Income": "-25,656", "EBIT": "127,472", "EBITDA": "-", "Reconciled Cost of Revenue": "817,575", "Reconciled Depreciation": "50,835", "Net Income from Continuing Operation Net Minority Interest": "79,200", "Total Unusual Items Excluding Goodwill": "-12,947", "Total Unusual Items": "-12,947", "Normalized EBITDA": "191,254", "Tax Rate for Calcs": "0", "Tax Effect of Unusual Items": "-2,874"}, "12/31/2018": {"Duration": "12/31/2018", "Total Revenue": "1,179,573", "Cost of Revenue": "755,216", "Gross Profit": "424,357", "Operating Expense": "327,449", "Operating Income": "96,908", "Net Non Operating Interest Income Expense": "-15,436", "Other Income Expense": "-26,481", "Pretax Income": "54,991", "Tax Provision": "4,738", "Net Income Common Stockholders": "50,253", "Diluted NI Available to Com Stockholders": "50,253", "Basic EPS": "0.84", "Diluted EPS": "0.84", "Basic Average Shares": "59,544", "Diluted Average Shares": "59,566", "Total Operating Income as Reported": "76,379", "Total Expenses": "1,082,665", "Net Income from Continuing & Discontinued Operation": "50,253", "Normalized Income": "69,017", "Interest Expense": "15,436", "Net Interest Income": "-15,436", "EBIT": "70,427", "EBITDA": "-", "Reconciled Cost of Revenue": "755,216", "Reconciled Depreciation": "44,471", "Net Income from Continuing Operation Net Minority Interest": "50,253", "Total Unusual Items Excluding Goodwill": "-20,529", "Total Unusual Items": "-20,529", "Normalized EBITDA": "135,427", "Tax Rate for Calcs": "0", "Tax Effect of Unusual Items": "-1,765"}}, "bs": {"12/31/2020": {"Duration": "12/31/2020", "Total Assets": "1,306,011", "Total Liabilities Net Minority Interest": "979,473", "Total Equity Gross Minority Interest": "326,538", "Total Capitalization": "887,789", "Common Stock Equity": "326,538", "Capital Lease Obligations": "100,023", "Net Tangible Assets": "73,002", "Working Capital": "302,094", "Invested Capital": "903,108", "Tangible Book Value": "73,002", "Total Debt": "676,593", "Net Debt": "473,517", "Share Issued": "58,664", "Ordinary Shares Number": "58,664"}, "12/31/2019": {"Duration": "12/31/2019", "Total Assets": "1,423,049", "Total Liabilities Net Minority Interest": "1,054,847", "Total Equity Gross Minority Interest": "368,202", "Total Capitalization": "933,380", "Common Stock Equity": "368,202", "Capital Lease Obligations": "107,743", "Net Tangible Assets": "21,728", "Working Capital": "284,860", "Invested Capital": "964,402", "Tangible Book Value": "21,728", "Total Debt": "703,943", "Net Debt": "514,899", "Share Issued": "58,416", "Ordinary Shares Number": "58,416"}, "12/31/2018": {"Duration": "12/31/2018", "Total Assets": "1,284,644", "Total Liabilities Net Minority Interest": "929,981", "Total Equity Gross Minority Interest": "354,663", "Total Capitalization": "941,929", "Common Stock Equity": "354,663", "Capital Lease Obligations": "-", "Net Tangible Assets": "11,121", "Working Capital": "335,292", "Invested Capital": "973,244", "Tangible Book Value": "11,121", "Total Debt": "618,581", "Net Debt": "537,592", "Share Issued": "59,508", "Ordinary Shares Number": "59,508"}}, "cf": {"TTM": {"Duration": "TTM", "Operating Cash Flow": "119,070", "Investing Cash Flow": "-61,689", "Financing Cash Flow": "-42,715", "End Cash Position": "103,053", "Capital Expenditure": "-62,949", "Issuance of Capital Stock": "93", "Issuance of Debt": "410,000", "Repayment of Debt": "-437,176", "Repurchase of Capital Stock": "0", "Free Cash Flow": "56,121"}, "12/31/2020": {"Duration": "12/31/2020", "Operating Cash Flow": "119,070", "Investing Cash Flow": "-61,689", "Financing Cash Flow": "-42,715", "End Cash Position": "103,053", "Capital Expenditure": "-62,949", "Issuance of Capital Stock": "93", "Issuance of Debt": "410,000", "Repayment of Debt": "-437,176", "Repurchase of Capital Stock": "0", "Free Cash Flow": "56,121"}, "12/31/2019": {"Duration": "12/31/2019", "Operating Cash Flow": "141,768", "Investing Cash Flow": "-74,222", "Financing Cash Flow": "-66,677", "End Cash Position": "81,301", "Capital Expenditure": "-74,647", "Issuance of Capital Stock": "60", "Issuance of Debt": "90,000", "Repayment of Debt": "-111,692", "Repurchase of Capital Stock": "-25,154", "Free Cash Flow": "67,121"}, "12/31/2018": {"Duration": "12/31/2018", "Operating Cash Flow": "91,767", "Investing Cash Flow": "-455,685", "Financing Cash Flow": "361,526", "End Cash Position": "80,989", "Capital Expenditure": "-54,857", "Issuance of Capital Stock": "294", "Issuance of Debt": "479,847", "Repayment of Debt": "-78,666", "Repurchase of Capital Stock": "-14,485", "Free Cash Flow": "36,910"}}}}, {"UFI": {"quote": {"04/25/2021": {"value": "27.83", "Market Cap": "511.179M", "Beta (5Y Monthly)": "0.84", "PE Ratio (TTM)": "N/A", "EPS (TTM)": "-2.74", "Earnings Date": "Apr 28, 2021", "Forward Dividend & Yield": "N/A (N/A)", "Ex-Dividend Date": "Apr 29, 1998", "1y Target Est": "30.33"}}, "fin": {"TTM": {"Duration": "TTM", "Total Revenue": "561,330", "Cost of Revenue": "514,903", "Gross Profit": "46,427", "Operating Expense": "48,157", "Operating Income": "-1,730", "Net Non Operating Interest Income Expense": "-3,513", "Other Income Expense": "-41,542", "Pretax Income": "-46,785", "Tax Provision": "3,677", "Net Income Common Stockholders": "-50,462", "Diluted NI Available to Com Stockholders": "-50,462", "Basic EPS": "-", "Diluted EPS": "-", "Basic Average Shares": "-", "Diluted Average Shares": "-", "Total Operating Income as Reported": "-1,730", "Total Expenses": "563,060", "Net Income from Continuing & Discontinued Operation": "-50,462", "Normalized Income": "-50,462", "Interest Income": "612", "Interest Expense": "3,878", "Net Interest Income": "-3,513", "EBIT": "-42,907", "EBITDA": "-18,677", "Reconciled Cost of Revenue": "514,903", "Reconciled Depreciation": "24,230", "Net Income from Continuing Operation Net Minority Interest": "-50,462", "Total Unusual Items Excluding Goodwill": "-", "Total Unusual Items": "-", "Normalized EBITDA": "-18,677", "Tax Rate for Calcs": "0", "Tax Effect of Unusual Items": "0"}, "6/30/2020": {"Duration": "6/30/2020", "Total Revenue": "606,509", "Cost of Revenue": "567,469", "Gross Profit": "39,040", "Operating Expense": "47,861", "Operating Income": "-8,821", "Net Non Operating Interest Income Expense": "-4,057", "Other Income Expense": "-43,387", "Pretax Income": "-56,265", "Tax Provision": "972", "Net Income Common Stockholders": "-57,237", "Diluted NI Available to Com Stockholders": "-57,237", "Basic EPS": "-3.10", "Diluted EPS": "-3.10", "Basic Average Shares": "18,475", "Diluted Average Shares": "18,475", "Total Operating Income as Reported": "-8,821", "Total Expenses": "615,330", "Net Income from Continuing & Discontinued Operation": "-57,237", "Normalized Income": "-25,913", "Interest Income": "722", "Interest Expense": "4,532", "Net Interest Income": "-4,057", "EBIT": "-51,733", "EBITDA": "-", "Reconciled Cost of Revenue": "567,469", "Reconciled Depreciation": "23,653", "Net Income from Continuing Operation Net Minority Interest": "-57,237", "Total Unusual Items Excluding Goodwill": "-42,910", "Total Unusual Items": "-42,910", "Normalized EBITDA": "14,830", "Tax Rate for Calcs": "0", "Tax Effect of Unusual Items": "-11,586"}, "6/30/2019": {"Duration": "6/30/2019", "Total Revenue": "708,804", "Cost of Revenue": "642,496", "Gross Profit": "66,308", "Operating Expense": "55,348", "Operating Income": "10,960", "Net Non Operating Interest Income Expense": "-4,786", "Other Income Expense": "3,837", "Pretax Income": "10,011", "Tax Provision": "7,555", "Net Income Common Stockholders": "2,456", "Diluted NI Available to Com Stockholders": "2,456", "Basic EPS": "0.13", "Diluted EPS": "0.13", "Basic Average Shares": "18,395", "Diluted Average Shares": "18,695", "Total Operating Income as Reported": "10,960", "Total Expenses": "697,844", "Net Income from Continuing & Discontinued Operation": "2,456", "Normalized Income": "2,552", "Interest Income": "628", "Interest Expense": "5,414", "Net Interest Income": "-4,786", "EBIT": "15,425", "EBITDA": "-", "Reconciled Cost of Revenue": "642,496", "Reconciled Depreciation": "23,003", "Net Income from Continuing Operation Net Minority Interest": "2,456", "Total Unusual Items Excluding Goodwill": "-131", "Total Unusual Items": "-131", "Normalized EBITDA": "38,559", "Tax Rate for Calcs": "0", "Tax Effect of Unusual Items": "-35.37"}, "6/30/2018": {"Duration": "6/30/2018", "Total Revenue": "678,912", "Cost of Revenue": "592,484", "Gross Profit": "86,428", "Operating Expense": "57,629", "Operating Income": "28,799", "Net Non Operating Interest Income Expense": "-4,375", "Other Income Expense": "5,787", "Pretax Income": "30,211", "Tax Provision": "-1,491", "Net Income Common Stockholders": "31,702", "Diluted NI Available to Com Stockholders": "31,702", "Basic EPS": "1.73", "Diluted EPS": "1.70", "Basic Average Shares": "18,294", "Diluted Average Shares": "18,637", "Total Operating Income as Reported": "28,799", "Total Expenses": "650,113", "Net Income from Continuing & Discontinued Operation": "31,702", "Normalized Income": "31,702", "Interest Income": "560", "Interest Expense": "4,935", "Net Interest Income": "-4,375", "EBIT": "35,146", "EBITDA": "-", "Reconciled Cost of Revenue": "592,484", "Reconciled Depreciation": "22,585", "Net Income from Continuing Operation Net Minority Interest": "31,702", "Total Unusual Items Excluding Goodwill": "-", "Total Unusual Items": "-", "Normalized EBITDA": "57,731", "Tax Rate for Calcs": "0", "Tax Effect of Unusual Items": "0"}}, "bs": {"6/30/2020": {"Duration": "6/30/2020", "Total Assets": "474,162", "Total Liabilities Net Minority Interest": "158,007", "Total Equity Gross Minority Interest": "316,155", "Total Capitalization": "392,944", "Common Stock Equity": "316,155", "Capital Lease Obligations": "20,415", "Net Tangible Assets": "314,743", "Working Capital": "199,499", "Invested Capital": "402,944", "Tangible Book Value": "314,743", "Total Debt": "107,204", "Net Debt": "11,522", "Share Issued": "18,446", "Ordinary Shares Number": "18,446"}, "6/30/2019": {"Duration": "6/30/2019", "Total Assets": "592,151", "Total Liabilities Net Minority Interest": "199,306", "Total Equity Gross Minority Interest": "392,845", "Total Capitalization": "498,787", "Common Stock Equity": "392,845", "Capital Lease Obligations": "11,118", "Net Tangible Assets": "390,675", "Working Capital": "190,889", "Invested Capital": "508,787", "Tangible Book Value": "390,675", "Total Debt": "127,060", "Net Debt": "93,714", "Share Issued": "18,462", "Ordinary Shares Number": "18,462"}, "6/30/2018": {"Duration": "6/30/2018", "Total Assets": "601,807", "Total Liabilities Net Minority Interest": "212,026", "Total Equity Gross Minority Interest": "389,781", "Total Capitalization": "503,334", "Common Stock Equity": "389,781", "Capital Lease Obligations": "6,996", "Net Tangible Assets": "386,791", "Working Capital": "189,291", "Invested Capital": "513,334", "Tangible Book Value": "386,791", "Total Debt": "130,549", "Net Debt": "78,663", "Share Issued": "18,353", "Ordinary Shares Number": "18,353"}}, "cf": {"TTM": {"Duration": "TTM", "Operating Cash Flow": "43,815", "Investing Cash Flow": "42,889", "Financing Cash Flow": "-39,656", "End Cash Position": "84,258", "Capital Expenditure": "-17,297", "Issuance of Debt": "81,100", "Repayment of Debt": "-118,275", "Repurchase of Capital Stock": "-", "Free Cash Flow": "26,518"}, "6/30/2020": {"Duration": "6/30/2020", "Operating Cash Flow": "52,724", "Investing Cash Flow": "41,574", "Financing Cash Flow": "-37,922", "End Cash Position": "75,267", "Capital Expenditure": "-18,509", "Issuance of Debt": "122,200", "Repayment of Debt": "-157,635", "Repurchase of Capital Stock": "-2,516", "Free Cash Flow": "34,215"}, "6/30/2019": {"Duration": "6/30/2019", "Operating Cash Flow": "7,284", "Investing Cash Flow": "-24,936", "Financing Cash Flow": "-4,626", "End Cash Position": "22,228", "Capital Expenditure": "-24,871", "Issuance of Debt": "128,100", "Repayment of Debt": "-131,319", "Repurchase of Capital Stock": "-802", "Free Cash Flow": "-17,587"}, "6/30/2018": {"Duration": "6/30/2018", "Operating Cash Flow": "37,335", "Investing Cash Flow": "-26,875", "Financing Cash Flow": "1,303", "End Cash Position": "44,890", "Capital Expenditure": "-25,029", "Issuance of Debt": "120,500", "Repayment of Debt": "-118,760", "Repurchase of Capital Stock": "-206", "Free Cash Flow": "12,306"}}}}, {"PUGE": {"quote": {"04/25/2021": {"value": "0.0035", "Market Cap": "10.915M", "Beta (5Y Monthly)": "8.49", "PE Ratio (TTM)": "N/A", "EPS (TTM)": "-0.0010", "Earnings Date": "N/A", "Forward Dividend & Yield": "N/A (N/A)", "Ex-Dividend Date": "N/A", "1y Target Est": "N/A"}}, "fin": {"TTM": {"Duration": "TTM", "Total Revenue": "0", "Cost of Revenue": "0", "Gross Profit": "0", "Operating Expense": "639.759", "Operating Income": "-639.759", "Net Non Operating Interest Income Expense": "-1,186", "Other Income Expense": "740.893", "Pretax Income": "-1,825", "Tax Provision": "0", "Net Income Common Stockholders": "-1,825", "Diluted NI Available to Com Stockholders": "-1,825", "Basic EPS": "-", "Diluted EPS": "-", "Basic Average Shares": "-", "Diluted Average Shares": "-", "Total Operating Income as Reported": "930.787", "Total Expenses": "639.759", "Net Income from Continuing & Discontinued Operation": "-1,825", "Normalized Income": "-1,825", "Interest Expense": "1,186", "Net Interest Income": "-1,186", "EBIT": "-639.759", "EBITDA": "-639.759", "Reconciled Cost of Revenue": "0", "Net Income from Continuing Operation Net Minority Interest": "-1,825", "Total Unusual Items Excluding Goodwill": "67.034", "Total Unusual Items": "67.034", "Normalized EBITDA": "-639.759", "Tax Rate for Calcs": "0", "Tax Effect of Unusual Items": "0"}, "10/31/2020": {"Duration": "10/31/2020", "Total Revenue": "0", "Cost of Revenue": "0", "Gross Profit": "0", "Operating Expense": "441.933", "Operating Income": "-441.933", "Net Non Operating Interest Income Expense": "-936.177", "Other Income Expense": "-", "Pretax Income": "-1,378", "Tax Provision": "0", "Net Income Common Stockholders": "-1,378", "Diluted NI Available to Com Stockholders": "-1,378", "Basic EPS": "-0.00", "Diluted EPS": "-0.00", "Basic Average Shares": "1,008,311", "Diluted Average Shares": "1,008,311", "Total Operating Income as Reported": "1,378", "Total Expenses": "441.933", "Net Income from Continuing & Discontinued Operation": "-1,378", "Normalized Income": "-1,378", "Interest Expense": "936.177", "Net Interest Income": "-936.177", "EBIT": "-441.933", "EBITDA": "-", "Reconciled Cost of Revenue": "0", "Net Income from Continuing Operation Net Minority Interest": "-1,378", "Total Unusual Items Excluding Goodwill": "-", "Total Unusual Items": "-", "Normalized EBITDA": "-441.933", "Tax Rate for Calcs": "0", "Tax Effect of Unusual Items": "0"}}, "bs": {"10/31/2020": {"Duration": "10/31/2020", "Total Assets": "0.055", "Total Liabilities Net Minority Interest": "324.147", "Total Equity Gross Minority Interest": "-324.092", "Total Capitalization": "-324.092", "Preferred Stock Equity": "3.5", "Common Stock Equity": "-327.592", "Net Tangible Assets": "-324.092", "Working Capital": "-324.092", "Invested Capital": "-106.954", "Tangible Book Value": "-327.592", "Total Debt": "220.638", "Net Debt": "220.583", "Share Issued": "3,545,540", "Ordinary Shares Number": "3,545,540"}}, "cf": {"TTM": {"Duration": "TTM", "Operating Cash Flow": "-67.037", "Investing Cash Flow": "-100", "Financing Cash Flow": "67.27", "End Cash Position": "0.277", "Income Tax Paid Supplemental Data": "0", "Interest Paid Supplemental Data": "0", "Issuance of Capital Stock": "-", "Repurchase of Capital Stock": "-", "Free Cash Flow": "-67.037"}, "10/31/2020": {"Duration": "10/31/2020", "Operating Cash Flow": "-0.682", "Investing Cash Flow": "-", "Financing Cash Flow": "0.64", "End Cash Position": "0.055", "Income Tax Paid Supplemental Data": "0", "Interest Paid Supplemental Data": "0", "Issuance of Capital Stock": "0.64", "Repurchase of Capital Stock": "-", "Free Cash Flow": "-0.682"}}}}]