[{"ATW": {"quote": {"05/11/2021": {"value": "", "Net Assets": "N/A", "Beta (5Y Monthly)": "N/A", "Yield": "N/A", "5y Average Return": "N/A", "Holdings Turnover": "N/A", "Last Dividend": "N/A", "Average for Category": "N/A", "Inception Date": "N/A"}}, "fin": {}, "bs": {}, "cf": {}}}, {"AR": {"quote": {"05/11/2021": {"value": "11.47", "Market Cap": "3.463B", "Beta (5Y Monthly)": "4.80", "PE Ratio (TTM)": "N/A", "EPS (TTM)": "-3.43", "Earnings Date": "Jul 27, 2021 - Aug 02, 2021", "Forward Dividend & Yield": "N/A (N/A)", "Ex-Dividend Date": "N/A", "1y Target Est": "11.91"}}, "fin": {"TTM": {"Duration": "TTM", "Total Revenue": "3,083,905", "Cost of Revenue": "3,598,348", "Gross Profit": "-514,443", "Operating Expense": "294,804", "Operating Income": "-809,247", "Net Non Operating Interest Income Expense": "-199,872", "Other Income Expense": "-648,774", "Pretax Income": "-1,657,893", "Tax Provision": "-397,482", "Net Income Common Stockholders": "-1,267,897", "Diluted NI Available to Com Stockholders": "-1,267,897", "Basic EPS": "-", "Diluted EPS": "-", "Basic Average Shares": "-", "Diluted Average Shares": "-", "Total Operating Income as Reported": "-953,447", "Total Expenses": "3,893,152", "Interest Expense": "199,872", "Net Interest Income": "-199,872", "Net Income from Continuing & Discontinued Operation": "-1,267,897", "Normalized Income": "-827,956", "EBIT": "-1,458,021", "EBITDA": "-592,730", "Reconciled Cost of Revenue": "3,598,348", "Reconciled Depreciation": "865,291", "Net Income from Continuing Operation Net Minority Interest": "-1,267,897", "Total Unusual Items Excluding Goodwill": "-578,870", "Total Unusual Items": "-578,870", "Normalized EBITDA": "-13,860", "Tax Rate for Calcs": "0", "Tax Effect of Unusual Items": "-138,929"}, "12/31/2020": {"Duration": "12/31/2020", "Total Revenue": "3,083,905", "Cost of Revenue": "3,598,348", "Gross Profit": "-514,443", "Operating Expense": "294,804", "Operating Income": "-809,247", "Net Non Operating Interest Income Expense": "-199,872", "Other Income Expense": "-648,774", "Pretax Income": "-1,657,893", "Tax Provision": "-397,482", "Net Income Common Stockholders": "-1,267,897", "Diluted NI Available to Com Stockholders": "-1,267,897", "Basic EPS": "-", "Diluted EPS": "-", "Basic Average Shares": "-", "Diluted Average Shares": "-", "Total Operating Income as Reported": "-953,447", "Total Expenses": "3,893,152", "Interest Expense": "199,872", "Net Interest Income": "-199,872", "Net Income from Continuing & Discontinued Operation": "-1,267,897", "Normalized Income": "-827,956", "EBIT": "-1,458,021", "EBITDA": "-", "Reconciled Cost of Revenue": "3,598,348", "Reconciled Depreciation": "865,291", "Net Income from Continuing Operation Net Minority Interest": "-1,267,897", "Total Unusual Items Excluding Goodwill": "-578,870", "Total Unusual Items": "-578,870", "Normalized EBITDA": "-13,860", "Tax Rate for Calcs": "0", "Tax Effect of Unusual Items": "-138,929"}, "12/31/2019": {"Duration": "12/31/2019", "Total Revenue": "3,648,351", "Cost of Revenue": "3,332,376", "Gross Profit": "315,975", "Operating Expense": "450,815", "Operating Income": "-134,840", "Net Non Operating Interest Income Expense": "-228,111", "Other Income Expense": "-4,295", "Pretax Income": "-367,246", "Tax Provision": "-74,110", "Net Income Common Stockholders": "-340,129", "Diluted NI Available to Com Stockholders": "-340,129", "Basic EPS": "-1.11", "Diluted EPS": "-1.11", "Basic Average Shares": "306,400", "Diluted Average Shares": "306,400", "Total Operating Income as Reported": "-987,045", "Total Expenses": "3,783,191", "Interest Expense": "228,111", "Net Interest Income": "-228,111", "Net Income from Continuing & Discontinued Operation": "-340,129", "Normalized Income": "-351,241", "EBIT": "-139,135", "EBITDA": "-", "Reconciled Cost of Revenue": "3,332,376", "Reconciled Depreciation": "918,629", "Net Income from Continuing Operation Net Minority Interest": "-340,129", "Total Unusual Items Excluding Goodwill": "13,921", "Total Unusual Items": "13,921", "Normalized EBITDA": "765,573", "Tax Rate for Calcs": "0", "Tax Effect of Unusual Items": "2,809"}, "12/31/2018": {"Duration": "12/31/2018", "Total Revenue": "3,652,894", "Cost of Revenue": "2,574,450", "Gross Profit": "1,078,444", "Operating Expense": "475,275", "Operating Income": "603,169", "Net Non Operating Interest Income Expense": "-286,743", "Other Income Expense": "-490,984", "Pretax Income": "-174,558", "Tax Provision": "-128,857", "Net Income Common Stockholders": "-397,517", "Diluted NI Available to Com Stockholders": "-397,517", "Basic EPS": "-1.26", "Diluted EPS": "-1.26", "Basic Average Shares": "316,036", "Diluted Average Shares": "316,036", "Total Operating Income as Reported": "71,905", "Total Expenses": "3,049,725", "Interest Expense": "286,743", "Net Interest Income": "-286,743", "Net Income from Continuing & Discontinued Operation": "-397,517", "Normalized Income": "-9,694", "EBIT": "112,185", "EBITDA": "-", "Reconciled Cost of Revenue": "2,574,450", "Reconciled Depreciation": "975,284", "Net Income from Continuing Operation Net Minority Interest": "-397,517", "Total Unusual Items Excluding Goodwill": "-531,264", "Total Unusual Items": "-531,264", "Normalized EBITDA": "1,618,733", "Tax Rate for Calcs": "0", "Tax Effect of Unusual Items": "-143,441"}}, "bs": {"12/31/2020": {"Duration": "12/31/2020", "Total Assets": "13,150,845", "Total Liabilities Net Minority Interest": "7,060,574", "Total Equity Gross Minority Interest": "6,090,271", "Total Capitalization": "8,769,298", "Common Stock Equity": "5,767,705", "Capital Lease Obligations": "2,614,809", "Net Tangible Assets": "5,767,705", "Working Capital": "-408,915", "Invested Capital": "8,769,298", "Tangible Book Value": "5,767,705", "Total Debt": "5,616,402", "Net Debt": "3,001,593", "Share Issued": "268,672", "Ordinary Shares Number": "268,672"}, "12/31/2019": {"Duration": "12/31/2019", "Total Assets": "15,197,569", "Total Liabilities Net Minority Interest": "8,226,826", "Total Equity Gross Minority Interest": "6,970,743", "Total Capitalization": "10,729,611", "Common Stock Equity": "6,970,743", "Capital Lease Obligations": "2,888,998", "Net Tangible Assets": "6,970,743", "Working Capital": "-117,254", "Invested Capital": "10,729,611", "Tangible Book Value": "6,970,743", "Total Debt": "6,647,866", "Net Debt": "3,758,868", "Share Issued": "295,941", "Ordinary Shares Number": "295,941"}, "12/31/2018": {"Duration": "12/31/2018", "Total Assets": "15,519,464", "Total Liabilities Net Minority Interest": "7,031,987", "Total Equity Gross Minority Interest": "8,487,477", "Total Capitalization": "13,127,496", "Common Stock Equity": "7,665,808", "Capital Lease Obligations": "-", "Net Tangible Assets": "7,665,808", "Working Capital": "-46,927", "Invested Capital": "13,127,496", "Tangible Book Value": "7,665,808", "Total Debt": "5,461,688", "Net Debt": "5,461,688", "Share Issued": "308,594", "Ordinary Shares Number": "308,594"}}, "cf": {"TTM": {"Duration": "TTM", "Operating Cash Flow": "735,640", "Investing Cash Flow": "-530,061", "Financing Cash Flow": "-205,579", "End Cash Position": "0", "Interest Paid Supplemental Data": "192,302", "Capital Expenditure": "-48,092", "Issuance of Capital Stock": "-", "Issuance of Debt": "752,500", "Repayment of Debt": "-1,219,019", "Repurchase of Capital Stock": "-43,443", "Free Cash Flow": "687,548"}, "12/31/2020": {"Duration": "12/31/2020", "Operating Cash Flow": "735,640", "Investing Cash Flow": "-530,061", "Financing Cash Flow": "-205,579", "End Cash Position": "0", "Interest Paid Supplemental Data": "192,302", "Capital Expenditure": "-48,092", "Issuance of Capital Stock": "-", "Issuance of Debt": "752,500", "Repayment of Debt": "-1,219,019", "Repurchase of Capital Stock": "-43,443", "Free Cash Flow": "687,548"}, "12/31/2019": {"Duration": "12/31/2019", "Operating Cash Flow": "1,103,458", "Investing Cash Flow": "-1,041,490", "Financing Cash Flow": "557,564", "End Cash Position": "0", "Interest Paid Supplemental Data": "224,331", "Capital Expenditure": "-168,037", "Issuance of Capital Stock": "0", "Issuance of Debt": "882,000", "Repayment of Debt": "-191,092", "Repurchase of Capital Stock": "-38,772", "Free Cash Flow": "935,421"}, "12/31/2018": {"Duration": "12/31/2018", "Operating Cash Flow": "2,081,987", "Investing Cash Flow": "-2,350,724", "Financing Cash Flow": "240,296", "End Cash Position": "0", "Interest Paid Supplemental Data": "275,769", "Capital Expenditure": "-722,013", "Issuance of Capital Stock": "0", "Issuance of Debt": "660,379", "Repayment of Debt": "0", "Repurchase of Capital Stock": "-129,084", "Free Cash Flow": "1,359,974"}}}}, {"NOG": {"quote": {"05/11/2021": {"value": "16.09", "Market Cap": "971.884M", "Beta (5Y Monthly)": "2.76", "PE Ratio (TTM)": "N/A", "EPS (TTM)": "-21.55", "Earnings Date": "Aug 05, 2021 - Aug 09, 2021", "Forward Dividend & Yield": "0.12 (0.76%)", "Ex-Dividend Date": "Jun 29, 2021", "1y Target Est": "19.09"}}, "fin": {"TTM": {"Duration": "TTM", "Total Revenue": "324,069", "Cost of Revenue": "308,239", "Gross Profit": "15,830", "Operating Expense": "18,546", "Operating Income": "-2,716", "Net Non Operating Interest Income Expense": "-58,503", "Other Income Expense": "-844,988", "Pretax Income": "-906,207", "Tax Provision": "-166", "Net Income Common Stockholders": "-921,307", "Diluted NI Available to Com Stockholders": "-921,307", "Basic EPS": "-", "Diluted EPS": "-", "Basic Average Shares": "-", "Diluted Average Shares": "-", "Total Operating Income as Reported": "-841,243", "Total Expenses": "326,785", "Interest Expense": "58,503", "Net Interest Income": "-58,503", "Net Income from Continuing & Discontinued Operation": "-906,041", "Normalized Income": "-61,065", "EBIT": "-847,704", "EBITDA": "-685,584", "Reconciled Cost of Revenue": "308,239", "Reconciled Depreciation": "162,120", "Net Income from Continuing Operation Net Minority Interest": "-906,041", "Total Unusual Items Excluding Goodwill": "-844,976", "Total Unusual Items": "-844,976", "Normalized EBITDA": "159,392", "Tax Rate for Calcs": "0", "Tax Effect of Unusual Items": "0"}, "12/31/2020": {"Duration": "12/31/2020", "Total Revenue": "324,069", "Cost of Revenue": "308,239", "Gross Profit": "15,830", "Operating Expense": "18,546", "Operating Income": "-2,716", "Net Non Operating Interest Income Expense": "-58,503", "Other Income Expense": "-844,988", "Pretax Income": "-906,207", "Tax Provision": "-166", "Net Income Common Stockholders": "-921,307", "Diluted NI Available to Com Stockholders": "-921,307", "Basic EPS": "-", "Diluted EPS": "-", "Basic Average Shares": "-", "Diluted Average Shares": "-", "Total Operating Income as Reported": "-841,243", "Total Expenses": "326,785", "Interest Expense": "58,503", "Net Interest Income": "-58,503", "Net Income from Continuing & Discontinued Operation": "-906,041", "Normalized Income": "-61,065", "EBIT": "-847,704", "EBITDA": "-", "Reconciled Cost of Revenue": "308,239", "Reconciled Depreciation": "162,120", "Net Income from Continuing Operation Net Minority Interest": "-906,041", "Total Unusual Items Excluding Goodwill": "-844,976", "Total Unusual Items": "-844,976", "Normalized EBITDA": "159,392", "Tax Rate for Calcs": "0", "Tax Effect of Unusual Items": "0"}, "12/31/2019": {"Duration": "12/31/2019", "Total Revenue": "601,239", "Cost of Revenue": "386,871", "Gross Profit": "214,368", "Operating Expense": "23,624", "Operating Income": "190,744", "Net Non Operating Interest Income Expense": "-80,676", "Other Income Expense": "-186,386", "Pretax Income": "-76,318", "Tax Provision": "0", "Net Income Common Stockholders": "-77,347", "Diluted NI Available to Com Stockholders": "-77,347", "Basic EPS": "-2.00", "Diluted EPS": "-2.00", "Basic Average Shares": "38,708", "Diluted Average Shares": "38,708", "Total Operating Income as Reported": "55,509", "Total Expenses": "410,495", "Interest Expense": "79,229", "Net Interest Income": "-80,676", "Net Income from Continuing & Discontinued Operation": "-76,318", "Normalized Income": "110,226", "EBIT": "2,911", "EBITDA": "-", "Reconciled Cost of Revenue": "386,871", "Reconciled Depreciation": "210,201", "Net Income from Continuing Operation Net Minority Interest": "-76,318", "Total Unusual Items Excluding Goodwill": "-186,544", "Total Unusual Items": "-186,544", "Normalized EBITDA": "399,656", "Tax Rate for Calcs": "0", "Tax Effect of Unusual Items": "0"}, "12/31/2018": {"Duration": "12/31/2018", "Total Revenue": "493,918", "Cost of Revenue": "231,728", "Gross Profit": "262,191", "Operating Expense": "14,568", "Operating Income": "247,622", "Net Non Operating Interest Income Expense": "-86,889", "Other Income Expense": "-17,099", "Pretax Income": "143,634", "Tax Provision": "-55", "Net Income Common Stockholders": "143,689", "Diluted NI Available to Com Stockholders": "143,689", "Basic EPS": "6.10", "Diluted EPS": "6.10", "Basic Average Shares": "23,621", "Diluted Average Shares": "23,677", "Total Operating Income as Reported": "432,628", "Total Expenses": "246,296", "Interest Expense": "86,005", "Net Interest Income": "-86,889", "Net Income from Continuing & Discontinued Operation": "143,689", "Normalized Income": "161,679", "EBIT": "229,639", "EBITDA": "-", "Reconciled Cost of Revenue": "231,728", "Reconciled Depreciation": "119,780", "Net Income from Continuing Operation Net Minority Interest": "143,689", "Total Unusual Items Excluding Goodwill": "-17,990", "Total Unusual Items": "-17,990", "Normalized EBITDA": "367,409", "Tax Rate for Calcs": "0", "Tax Effect of Unusual Items": "0"}}, "bs": {"12/31/2020": {"Duration": "12/31/2020", "Total Assets": "872,089", "Total Liabilities Net Minority Interest": "1,095,393", "Total Equity Gross Minority Interest": "-223,304", "Total Capitalization": "656,539", "Preferred Stock Equity": "2", "Common Stock Equity": "-223,306", "Net Tangible Assets": "-223,304", "Working Capital": "-56,846", "Invested Capital": "721,537", "Tangible Book Value": "-223,306", "Total Debt": "944,843", "Net Debt": "943,415", "Share Issued": "45,909", "Ordinary Shares Number": "45,909"}, "12/31/2019": {"Duration": "12/31/2019", "Total Assets": "1,905,465", "Total Liabilities Net Minority Interest": "1,346,822", "Total Equity Gross Minority Interest": "558,643", "Total Capitalization": "1,676,804", "Preferred Stock Equity": "2", "Common Stock Equity": "558,641", "Net Tangible Assets": "558,643", "Working Capital": "-70,440", "Invested Capital": "1,676,802", "Tangible Book Value": "558,641", "Total Debt": "1,118,161", "Net Debt": "1,102,093", "Share Issued": "40,609", "Ordinary Shares Number": "40,609"}, "12/31/2018": {"Duration": "12/31/2018", "Total Assets": "1,503,645", "Total Liabilities Net Minority Interest": "1,073,780", "Total Equity Gross Minority Interest": "429,865", "Total Capitalization": "1,260,068", "Preferred Stock Equity": "-", "Common Stock Equity": "429,865", "Net Tangible Assets": "429,865", "Working Capital": "-3,112", "Invested Capital": "1,260,068", "Tangible Book Value": "429,865", "Total Debt": "830,203", "Net Debt": "827,845", "Share Issued": "37,833", "Ordinary Shares Number": "37,833"}}, "cf": {"TTM": {"Duration": "TTM", "Operating Cash Flow": "331,685", "Investing Cash Flow": "-283,926", "Financing Cash Flow": "-62,399", "End Cash Position": "1,428", "Interest Paid Supplemental Data": "-", "Capital Expenditure": "-283,926", "Issuance of Capital Stock": "0", "Issuance of Debt": "78,000", "Repayment of Debt": "-139,514", "Repurchase of Capital Stock": "0", "Free Cash Flow": "47,759"}, "12/31/2020": {"Duration": "12/31/2020", "Operating Cash Flow": "331,685", "Investing Cash Flow": "-283,926", "Financing Cash Flow": "-62,399", "End Cash Position": "1,428", "Interest Paid Supplemental Data": "-", "Capital Expenditure": "-283,926", "Issuance of Capital Stock": "0", "Issuance of Debt": "78,000", "Repayment of Debt": "-139,514", "Repurchase of Capital Stock": "0", "Free Cash Flow": "47,759"}, "12/31/2019": {"Duration": "12/31/2019", "Operating Cash Flow": "339,750", "Investing Cash Flow": "-569,128", "Financing Cash Flow": "243,088", "End Cash Position": "16,068", "Interest Paid Supplemental Data": "-", "Capital Expenditure": "-569,128", "Issuance of Capital Stock": "70,868", "Issuance of Debt": "953,000", "Repayment of Debt": "-740,470", "Repurchase of Capital Stock": "-15,108", "Free Cash Flow": "-229,378"}, "12/31/2018": {"Duration": "12/31/2018", "Operating Cash Flow": "244,262", "Investing Cash Flow": "-474,519", "Financing Cash Flow": "130,431", "End Cash Position": "2,358", "Interest Paid Supplemental Data": "-", "Capital Expenditure": "-474,586", "Issuance of Capital Stock": "141,674", "Issuance of Debt": "614,369", "Repayment of Debt": "-574,320", "Repurchase of Capital Stock": "-22,195", "Free Cash Flow": "-230,324"}}}}, {"AAV": {"quote": {"05/11/2021": {"value": "", "Net Assets": "N/A", "Beta (5Y Monthly)": "N/A", "Yield": "N/A", "5y Average Return": "N/A", "Holdings Turnover": "N/A", "Last Dividend": "N/A", "Average for Category": "N/A", "Inception Date": "N/A"}}, "fin": {}, "bs": {}, "cf": {}}}, {"NADL": {"quote": {"05/11/2021": {"value": "", "Net Assets": "N/A", "Beta (5Y Monthly)": "N/A", "Yield": "N/A", "5y Average Return": "N/A", "Holdings Turnover": "N/A", "Last Dividend": "N/A", "Average for Category": "N/A", "Inception Date": "N/A"}}, "fin": {}, "bs": {}, "cf": {}}}, {"AEGG": {"quote": {"05/11/2021": {"value": "0.0150", "Market Cap": "1.079M", "Beta (5Y Monthly)": "0.72", "PE Ratio (TTM)": "N/A", "EPS (TTM)": "-0.0150", "Earnings Date": "May 18, 2020 - May 22, 2020", "Forward Dividend & Yield": "N/A (N/A)", "Ex-Dividend Date": "N/A", "1y Target Est": "N/A"}}, "fin": {"TTM": {"Duration": "TTM", "Total Revenue": "0", "Cost of Revenue": "0.45", "Gross Profit": "-0.45", "Operating Expense": "1,270", "Operating Income": "-1,271", "Net Non Operating Interest Income Expense": "-137.969", "Other Income Expense": "363.222", "Pretax Income": "-1,046", "Tax Provision": "0", "Net Income Common Stockholders": "-1,046", "Diluted NI Available to Com Stockholders": "-1,046", "Basic EPS": "-", "Diluted EPS": "-", "Basic Average Shares": "-", "Diluted Average Shares": "-", "Total Operating Income as Reported": "-1,271", "Total Expenses": "1,271", "Interest Expense": "137.969", "Net Interest Income": "-137.969", "Net Income from Continuing & Discontinued Operation": "-1,046", "Normalized Income": "-1,409", "EBIT": "-907.713", "EBITDA": "-907.263", "Reconciled Cost of Revenue": "0.45", "Reconciled Depreciation": "0.45", "Net Income from Continuing Operation Net Minority Interest": "-1,046", "Total Unusual Items Excluding Goodwill": "363.472", "Total Unusual Items": "363.472", "Normalized EBITDA": "-1,271", "Tax Rate for Calcs": "0", "Tax Effect of Unusual Items": "0"}, "6/30/2018": {"Duration": "6/30/2018", "Total Revenue": "0", "Cost of Revenue": "0.45", "Gross Profit": "-0.45", "Operating Expense": "1,137", "Operating Income": "-1,138", "Net Non Operating Interest Income Expense": "-121.75", "Other Income Expense": "-6.986", "Pretax Income": "-1,267", "Tax Provision": "0", "Net Income Common Stockholders": "-1,267", "Diluted NI Available to Com Stockholders": "-1,267", "Basic EPS": "-0.02", "Diluted EPS": "-0.02", "Basic Average Shares": "71,189", "Diluted Average Shares": "71,189", "Total Operating Income as Reported": "-1,138", "Total Expenses": "1,138", "Interest Expense": "121.75", "Net Interest Income": "-121.75", "Net Income from Continuing & Discontinued Operation": "-1,267", "Normalized Income": "-1,260", "EBIT": "-1,145", "EBITDA": "-", "Reconciled Cost of Revenue": "0.45", "Reconciled Depreciation": "0.45", "Net Income from Continuing Operation Net Minority Interest": "-1,267", "Total Unusual Items Excluding Goodwill": "-6.736", "Total Unusual Items": "-6.736", "Normalized EBITDA": "-1,138", "Tax Rate for Calcs": "0", "Tax Effect of Unusual Items": "0"}}, "bs": {"6/30/2018": {"Duration": "6/30/2018", "Total Assets": "33.946", "Total Liabilities Net Minority Interest": "3,519", "Total Equity Gross Minority Interest": "-3,485", "Total Capitalization": "-1,335", "Common Stock Equity": "-3,485", "Net Tangible Assets": "-3,485", "Working Capital": "-1,336", "Invested Capital": "-1,235", "Tangible Book Value": "-3,485", "Total Debt": "2,251", "Net Debt": "2,218", "Share Issued": "71,904", "Ordinary Shares Number": "71,904"}}, "cf": {"TTM": {"Duration": "TTM", "Operating Cash Flow": "-532.234", "Financing Cash Flow": "537.213", "End Cash Position": "9.432", "Interest Paid Supplemental Data": "-10.56", "Issuance of Capital Stock": "-65", "Issuance of Debt": "615.427", "Repayment of Debt": "-13.214", "Free Cash Flow": "-532.234"}, "6/30/2018": {"Duration": "6/30/2018", "Operating Cash Flow": "-640.499", "Financing Cash Flow": "602.983", "End Cash Position": "32.738", "Interest Paid Supplemental Data": "-7.996", "Issuance of Capital Stock": "125", "Issuance of Debt": "503.816", "Repayment of Debt": "-25.833", "Free Cash Flow": "-640.499"}}}}, {"AOGN": {"quote": {"05/11/2021": {"value": "", "Net Assets": "N/A", "Beta (5Y Monthly)": "N/A", "Yield": "N/A", "5y Average Return": "N/A", "Holdings Turnover": "N/A", "Last Dividend": "N/A", "Average for Category": "N/A", "Inception Date": "N/A"}}, "fin": {}, "bs": {}, "cf": {}}}, {"AMSE": {"quote": {"05/11/2021": {"value": "", "Net Assets": "N/A", "Beta (5Y Monthly)": "N/A", "Yield": "N/A", "5y Average Return": "N/A", "Holdings Turnover": "N/A", "Last Dividend": "N/A", "Average for Category": "N/A", "Inception Date": "N/A"}}, "fin": {}, "bs": {}, "cf": {}}}, {"AKVA": {"quote": {"05/11/2021": {"value": "0.0019", "Market Cap": "135,454", "Beta (5Y Monthly)": "-29.18", "PE Ratio (TTM)": "N/A", "EPS (TTM)": "-0.0740", "Earnings Date": "N/A", "Forward Dividend & Yield": "N/A (N/A)", "Ex-Dividend Date": "N/A", "1y Target Est": "N/A"}}, "fin": {}, "bs": {}, "cf": {}}}, {"BBG": {"quote": {"05/11/2021": {"value": "", "Net Assets": "N/A", "Beta (5Y Monthly)": "N/A", "Yield": "N/A", "5y Average Return": "N/A", "Holdings Turnover": "N/A", "Last Dividend": "N/A", "Average for Category": "N/A", "Inception Date": "N/A"}}, "fin": {}, "bs": {}, "cf": {}}}, {"XBOR": {"quote": {"05/11/2021": {"value": "0.0406", "Market Cap": "5.649M", "Beta (5Y Monthly)": "-0.19", "PE Ratio (TTM)": "N/A", "EPS (TTM)": "-0.2160", "Earnings Date": "Nov 01, 2019 - Nov 11, 2019", "Forward Dividend & Yield": "N/A (N/A)", "Ex-Dividend Date": "N/A", "1y Target Est": "N/A"}}, "fin": {}, "bs": {}, "cf": {}}}, {"PBR-A": {"quote": {"05/11/2021": {"value": "9.56", "Market Cap": "60.985B", "Beta (5Y Monthly)": "1.48", "PE Ratio (TTM)": "45.96", "EPS (TTM)": "0.21", "Earnings Date": "N/A", "Forward Dividend & Yield": "0.29 (3.07%)", "Ex-Dividend Date": "Apr 15, 2021", "1y Target Est": "10.85"}}, "fin": {"TTM": {"Duration": "TTM", "Total Revenue": "53,683,000", "Cost of Revenue": "29,195,000", "Gross Profit": "24,488,000", "Operating Expense": "7,764,000", "Operating Income": "16,724,000", "Net Non Operating Interest Income Expense": "-5,655,000", "Other Income Expense": "-11,295,000", "Pretax Income": "-226,000", "Tax Provision": "-1,174,000", "Net Income Common Stockholders": "1,141,000", "Diluted NI Available to Com Stockholders": "1,141,000", "Basic EPS": "-", "Diluted EPS": "-", "Basic Average Shares": "-", "Diluted Average Shares": "-", "Total Operating Income as Reported": "-", "Total Expenses": "36,959,000", "Interest Income": "79,000", "Interest Expense": "5,771,000", "Net Interest Income": "-5,655,000", "Net Income from Continuing & Discontinued Operation": "1,141,000", "Normalized Income": "8,897,320", "EBIT": "5,545,000", "EBITDA": "16,990,000", "Reconciled Cost of Revenue": "17,839,000", "Reconciled Depreciation": "11,445,000", "Net Income from Continuing Operation Net Minority Interest": "1,141,000", "Total Unusual Items Excluding Goodwill": "-11,752,000", "Total Unusual Items": "-11,752,000", "Normalized EBITDA": "28,742,000", "Tax Rate for Calcs": "0", "Tax Effect of Unusual Items": "-3,995,680"}, "12/31/2020": {"Duration": "12/31/2020", "Total Revenue": "53,683,000", "Cost of Revenue": "29,195,000", "Gross Profit": "24,488,000", "Operating Expense": "7,764,000", "Operating Income": "16,724,000", "Net Non Operating Interest Income Expense": "-5,655,000", "Other Income Expense": "-11,295,000", "Pretax Income": "-226,000", "Tax Provision": "-1,174,000", "Net Income Common Stockholders": "1,141,000", "Diluted NI Available to Com Stockholders": "1,141,000", "Basic EPS": "-", "Diluted EPS": "-", "Basic Average Shares": "-", "Diluted Average Shares": "-", "Total Operating Income as Reported": "-", "Total Expenses": "36,959,000", "Interest Income": "79,000", "Interest Expense": "5,771,000", "Net Interest Income": "-5,655,000", "Net Income from Continuing & Discontinued Operation": "1,141,000", "Normalized Income": "8,897,320", "EBIT": "5,545,000", "EBITDA": "-", "Reconciled Cost of Revenue": "17,839,000", "Reconciled Depreciation": "11,445,000", "Net Income from Continuing Operation Net Minority Interest": "1,141,000", "Total Unusual Items Excluding Goodwill": "-11,752,000", "Total Unusual Items": "-11,752,000", "Normalized EBITDA": "28,742,000", "Tax Rate for Calcs": "0", "Tax Effect of Unusual Items": "-3,995,680"}, "12/31/2019": {"Duration": "12/31/2019", "Total Revenue": "76,589,000", "Cost of Revenue": "45,732,000", "Gross Profit": "30,857,000", "Operating Expense": "12,355,000", "Operating Income": "18,502,000", "Net Non Operating Interest Income Expense": "-6,314,000", "Other Income Expense": "-185,000", "Pretax Income": "12,003,000", "Tax Provision": "4,200,000", "Net Income Common Stockholders": "10,151,000", "Diluted NI Available to Com Stockholders": "10,151,000", "Basic EPS": "1.56", "Diluted EPS": "1.56", "Basic Average Shares": "6,522,248", "Diluted Average Shares": "6,522,248", "Total Operating Income as Reported": "20,614,000", "Total Expenses": "58,087,000", "Interest Income": "5,000", "Interest Expense": "6,684,000", "Net Interest Income": "-6,314,000", "Net Income from Continuing & Discontinued Operation": "10,151,000", "Normalized Income": "7,345,300", "EBIT": "18,687,000", "EBITDA": "-", "Reconciled Cost of Revenue": "31,054,000", "Reconciled Depreciation": "14,836,000", "Net Income from Continuing Operation Net Minority Interest": "7,591,000", "Total Unusual Items Excluding Goodwill": "378,000", "Total Unusual Items": "378,000", "Normalized EBITDA": "33,145,000", "Tax Rate for Calcs": "0", "Tax Effect of Unusual Items": "132,300"}, "12/31/2018": {"Duration": "12/31/2018", "Total Revenue": "95,584,000", "Cost of Revenue": "61,517,000", "Gross Profit": "34,067,000", "Operating Expense": "12,998,000", "Operating Income": "21,069,000", "Net Non Operating Interest Income Expense": "-2,636,000", "Other Income Expense": "-6,335,000", "Pretax Income": "12,098,000", "Tax Provision": "4,684,000", "Net Income Common Stockholders": "7,173,000", "Diluted NI Available to Com Stockholders": "7,173,000", "Basic EPS": "1.10", "Diluted EPS": "1.10", "Basic Average Shares": "6,522,248", "Diluted Average Shares": "6,522,248", "Total Operating Income as Reported": "-", "Total Expenses": "74,515,000", "Interest Income": "563,000", "Interest Expense": "4,206,000", "Net Interest Income": "-2,636,000", "Net Income from Continuing & Discontinued Operation": "7,173,000", "Normalized Income": "11,376,954", "EBIT": "16,304,000", "EBITDA": "-", "Reconciled Cost of Revenue": "61,517,000", "Reconciled Depreciation": "12,028,000", "Net Income from Continuing Operation Net Minority Interest": "7,173,000", "Total Unusual Items Excluding Goodwill": "-6,858,000", "Total Unusual Items": "-6,858,000", "Normalized EBITDA": "35,190,000", "Tax Rate for Calcs": "0", "Tax Effect of Unusual Items": "-2,654,046"}}, "bs": {"12/31/2020": {"Duration": "12/31/2020", "Total Assets": "190,010,000", "Total Liabilities Net Minority Interest": "130,134,000", "Total Equity Gross Minority Interest": "59,876,000", "Total Capitalization": "109,050,000", "Common Stock Equity": "59,348,000", "Capital Lease Obligations": "21,650,000", "Net Tangible Assets": "44,400,000", "Working Capital": "1,163,000", "Invested Capital": "113,236,000", "Tangible Book Value": "44,400,000", "Total Debt": "75,538,000", "Net Debt": "42,177,000", "Share Issued": "13,044,497", "Ordinary Shares Number": "13,044,201", "Treasury Shares Number": "295.669"}, "12/31/2019": {"Duration": "12/31/2019", "Total Assets": "229,740,000", "Total Liabilities Net Minority Interest": "155,525,000", "Total Equity Gross Minority Interest": "74,215,000", "Total Capitalization": "132,114,000", "Common Stock Equity": "73,323,000", "Capital Lease Obligations": "23,861,000", "Net Tangible Assets": "53,850,000", "Working Capital": "-1,004,000", "Invested Capital": "136,583,000", "Tangible Book Value": "53,850,000", "Total Debt": "87,121,000", "Net Debt": "55,888,000", "Share Issued": "13,044,497", "Ordinary Shares Number": "13,044,201", "Treasury Shares Number": "295.669"}, "12/31/2018": {"Duration": "12/31/2018", "Total Assets": "222,068,000", "Total Liabilities Net Minority Interest": "148,893,000", "Total Equity Gross Minority Interest": "73,175,000", "Total Capitalization": "152,052,000", "Common Stock Equity": "71,544,000", "Capital Lease Obligations": "185,000", "Net Tangible Assets": "68,739,000", "Working Capital": "12,011,000", "Invested Capital": "155,719,000", "Tangible Book Value": "68,739,000", "Total Debt": "84,360,000", "Net Debt": "70,276,000", "Share Issued": "13,044,497", "Ordinary Shares Number": "13,044,201", "Treasury Shares Number": "295.669"}}, "cf": {"TTM": {"Duration": "TTM", "Operating Cash Flow": "28,890,000", "Investing Cash Flow": "-4,510,000", "Financing Cash Flow": "-19,259,000", "End Cash Position": "11,725,000", "Capital Expenditure": "-5,874,000", "Issuance of Debt": "17,023,000", "Repayment of Debt": "-31,607,000", "Free Cash Flow": "23,016,000"}, "12/31/2020": {"Duration": "12/31/2020", "Operating Cash Flow": "28,890,000", "Investing Cash Flow": "-4,510,000", "Financing Cash Flow": "-19,259,000", "End Cash Position": "11,725,000", "Capital Expenditure": "-5,874,000", "Issuance of Debt": "17,023,000", "Repayment of Debt": "-31,607,000", "Free Cash Flow": "23,016,000"}, "12/31/2019": {"Duration": "12/31/2019", "Operating Cash Flow": "25,600,000", "Investing Cash Flow": "-1,684,000", "Financing Cash Flow": "-32,069,000", "End Cash Position": "7,377,000", "Capital Expenditure": "-23,897,000", "Issuance of Debt": "7,464,000", "Repayment of Debt": "-32,480,000", "Free Cash Flow": "1,703,000"}, "12/31/2018": {"Duration": "12/31/2018", "Operating Cash Flow": "26,353,000", "Investing Cash Flow": "-4,762,000", "Financing Cash Flow": "-29,593,000", "End Cash Position": "13,899,000", "Capital Expenditure": "-12,021,000", "Issuance of Debt": "10,950,000", "Repayment of Debt": "-34,063,000", "Free Cash Flow": "14,332,000"}}}}, {"WLL": {"quote": {"05/11/2021": {"value": "38.95", "Market Cap": "1.521B", "Beta (5Y Monthly)": "N/A", "PE Ratio (TTM)": "N/A", "EPS (TTM)": "-12.01", "Earnings Date": "Aug 04, 2021 - Aug 09, 2021", "Forward Dividend & Yield": "N/A (N/A)", "Ex-Dividend Date": "N/A", "1y Target Est": "338.00"}}, "fin": {"TTM": {"Duration": "TTM", "Total Revenue": "1,092,938", "Cost of Revenue": "1,106,763", "Gross Profit": "-13,825", "Operating Expense": "169,188", "Operating Income": "-183,013", "Net Non Operating Interest Income Expense": "-155,179", "Other Income Expense": "-3,958,683", "Pretax Income": "-4,296,875", "Tax Provision": "72,565", "Net Income Common Stockholders": "-4,369,440", "Diluted NI Available to Com Stockholders": "-4,369,440", "Basic EPS": "-", "Diluted EPS": "-", "Basic Average Shares": "-", "Diluted Average Shares": "-", "Total Operating Income as Reported": "-4,133,596", "Rent Expense Supplemental": "282,945", "Total Expenses": "1,275,951", "Interest Income": "716", "Interest Expense": "127,555", "Net Interest Income": "-155,179", "Net Income from Continuing & Discontinued Operation": "-4,369,440", "Normalized Income": "-1,479,601", "EBIT": "-4,169,320", "EBITDA": "-3,486,456", "Reconciled Cost of Revenue": "1,106,763", "Reconciled Depreciation": "682,864", "Net Income from Continuing Operation Net Minority Interest": "-4,369,440", "Total Unusual Items Excluding Goodwill": "-3,958,683", "Total Unusual Items": "-3,958,683", "Normalized EBITDA": "472,227", "Tax Rate for Calcs": "0", "Tax Effect of Unusual Items": "-1,068,844"}, "12/31/2019": {"Duration": "12/31/2019", "Total Revenue": "1,572,245", "Cost of Revenue": "1,325,565", "Gross Profit": "246,680", "Operating Expense": "160,412", "Operating Income": "86,268", "Net Non Operating Interest Income Expense": "-189,445", "Other Income Expense": "-65,769", "Pretax Income": "-168,946", "Tax Provision": "72,220", "Net Income Common Stockholders": "-241,166", "Diluted NI Available to Com Stockholders": "-241,166", "Basic EPS": "-2.64", "Diluted EPS": "-2.64", "Basic Average Shares": "91,285", "Diluted Average Shares": "91,285", "Total Operating Income as Reported": "12,669", "Rent Expense Supplemental": "328,427", "Total Expenses": "1,485,977", "Interest Income": "1,602", "Interest Expense": "162,707", "Net Interest Income": "-189,445", "Net Income from Continuing & Discontinued Operation": "-241,166", "Normalized Income": "-193,155", "EBIT": "-6,239", "EBITDA": "-", "Reconciled Cost of Revenue": "1,325,565", "Reconciled Depreciation": "816,488", "Net Income from Continuing Operation Net Minority Interest": "-241,166", "Total Unusual Items Excluding Goodwill": "-65,769", "Total Unusual Items": "-65,769", "Normalized EBITDA": "876,018", "Tax Rate for Calcs": "0", "Tax Effect of Unusual Items": "-17,758"}, "12/31/2018": {"Duration": "12/31/2018", "Total Revenue": "2,081,414", "Cost of Revenue": "1,313,152", "Gross Profit": "768,262", "Operating Expense": "179,264", "Operating Income": "588,998", "Net Non Operating Interest Income Expense": "-194,044", "Other Income Expense": "-51,087", "Pretax Income": "343,867", "Tax Provision": "1,373", "Net Income Common Stockholders": "342,494", "Diluted NI Available to Com Stockholders": "342,494", "Basic EPS": "3.77", "Diluted EPS": "3.73", "Basic Average Shares": "90,953", "Diluted Average Shares": "91,869", "Total Operating Income as Reported": "569,879", "Rent Expense Supplemental": "311,895", "Total Expenses": "1,492,416", "Interest Income": "3,430", "Interest Expense": "166,774", "Net Interest Income": "-194,044", "Net Income from Continuing & Discontinued Operation": "342,494", "Normalized Income": "393,377", "EBIT": "510,641", "EBITDA": "-", "Reconciled Cost of Revenue": "1,313,152", "Reconciled Depreciation": "781,329", "Net Income from Continuing Operation Net Minority Interest": "342,494", "Total Unusual Items Excluding Goodwill": "-51,087", "Total Unusual Items": "-51,087", "Normalized EBITDA": "1,343,057", "Tax Rate for Calcs": "0", "Tax Effect of Unusual Items": "-204.348"}}, "bs": {"12/31/2020": {"Duration": "12/31/2020", "Total Assets": "2,043,940", "Total Liabilities Net Minority Interest": "815,136", "Total Equity Gross Minority Interest": "1,228,804", "Total Capitalization": "1,588,804", "Common Stock Equity": "1,228,804", "Capital Lease Obligations": "40,872", "Net Tangible Assets": "1,228,804", "Working Capital": "-131,573", "Invested Capital": "1,588,804", "Tangible Book Value": "1,228,804", "Total Debt": "400,872", "Net Debt": "334,393", "Share Issued": "38,051", "Ordinary Shares Number": "38,051", "Treasury Shares Number": "-"}, "12/31/2019": {"Duration": "12/31/2019", "Total Assets": "7,636,721", "Total Liabilities Net Minority Interest": "3,611,750", "Total Equity Gross Minority Interest": "4,024,971", "Total Capitalization": "6,824,856", "Common Stock Equity": "4,024,971", "Capital Lease Obligations": "69,984", "Net Tangible Assets": "4,024,971", "Working Capital": "-219,431", "Invested Capital": "6,824,856", "Tangible Book Value": "4,024,971", "Total Debt": "2,869,869", "Net Debt": "2,791,233", "Share Issued": "91,744", "Ordinary Shares Number": "91,326", "Treasury Shares Number": "417.102"}, "12/31/2018": {"Duration": "12/31/2018", "Total Assets": "7,759,573", "Total Liabilities Net Minority Interest": "3,489,257", "Total Equity Gross Minority Interest": "4,270,316", "Total Capitalization": "7,062,637", "Common Stock Equity": "4,270,316", "Capital Lease Obligations": "37,499", "Net Tangible Assets": "4,270,316", "Working Capital": "-138,505", "Invested Capital": "7,062,637", "Tangible Book Value": "4,270,316", "Total Debt": "2,829,820", "Net Debt": "2,778,714", "Share Issued": "92,067", "Ordinary Shares Number": "91,019", "Treasury Shares Number": "1,049"}}, "cf": {"TTM": {"Duration": "TTM", "Operating Cash Flow": "441,289", "Investing Cash Flow": "-507,638", "Financing Cash Flow": "578,544", "End Cash Position": "518,875", "Income Tax Paid Supplemental Data": "-", "Interest Paid Supplemental Data": "156,717", "Capital Expenditure": "-592,437", "Issuance of Capital Stock": "-", "Issuance of Debt": "2,675,000", "Repayment of Debt": "-2,095,196", "Repurchase of Capital Stock": "-", "Free Cash Flow": "-151,148"}, "12/31/2019": {"Duration": "12/31/2019", "Operating Cash Flow": "755,960", "Investing Cash Flow": "-733,847", "Financing Cash Flow": "-27,068", "End Cash Position": "8,652", "Income Tax Paid Supplemental Data": "-", "Interest Paid Supplemental Data": "163,859", "Capital Expenditure": "-805,847", "Issuance of Capital Stock": "-", "Issuance of Debt": "2,650,000", "Repayment of Debt": "-2,672,419", "Repurchase of Capital Stock": "-", "Free Cash Flow": "-49,887"}, "12/31/2018": {"Duration": "12/31/2018", "Operating Cash Flow": "1,092,003", "Investing Cash Flow": "-953,054", "Financing Cash Flow": "-1,004,721", "End Cash Position": "13,607", "Income Tax Paid Supplemental Data": "-", "Interest Paid Supplemental Data": "152,665", "Capital Expenditure": "-957,800", "Issuance of Capital Stock": "-", "Issuance of Debt": "2,214,265", "Repayment of Debt": "-3,204,288", "Repurchase of Capital Stock": "-4,744", "Free Cash Flow": "134,203"}}}}, {"CEO": {"quote": {"05/11/2021": {"value": "121.76", "Market Cap": "53.213B", "Beta (5Y Monthly)": "N/A", "PE Ratio (TTM)": "10.59", "EPS (TTM)": "N/A", "Earnings Date": "N/A", "Forward Dividend & Yield": "N/A (N/A)", "Ex-Dividend Date": "N/A", "1y Target Est": "162.40"}}, "fin": {"TTM": {"Duration": "TTM", "Total Revenue": "158,097,000", "Cost of Revenue": "66,781,000", "Gross Profit": "91,316,000", "Operating Expense": "49,728,000", "Operating Income": "41,588,000", "Net Non Operating Interest Income Expense": "-4,717,000", "Other Income Expense": "-1,964,000", "Pretax Income": "34,907,000", "Tax Provision": "9,951,000", "Net Income Common Stockholders": "24,956,000", "Diluted NI Available to Com Stockholders": "24,956,000", "Basic EPS": "-", "Diluted EPS": "-", "Basic Average Shares": "-", "Diluted Average Shares": "-", "Total Operating Income as Reported": "36,389,000", "Total Expenses": "116,509,000", "Interest Income": "1,473,000", "Interest Expense": "6,190,000", "Net Interest Income": "-4,717,000", "Net Income from Continuing & Discontinued Operation": "24,956,000", "Normalized Income": "26,225,840", "EBIT": "41,097,000", "EBITDA": "41,097,000", "Reconciled Cost of Revenue": "66,781,000", "Reconciled Depreciation": "-", "Net Income from Continuing Operation Net Minority Interest": "24,956,000", "Total Unusual Items Excluding Goodwill": "-1,776,000", "Total Unusual Items": "-1,776,000", "Normalized EBITDA": "42,873,000", "Tax Rate for Calcs": "0", "Tax Effect of Unusual Items": "-506,160"}, "12/31/2020": {"Duration": "12/31/2020", "Total Revenue": "158,097,000", "Cost of Revenue": "66,781,000", "Gross Profit": "91,316,000", "Operating Expense": "49,728,000", "Operating Income": "41,588,000", "Net Non Operating Interest Income Expense": "-4,717,000", "Other Income Expense": "-1,964,000", "Pretax Income": "34,907,000", "Tax Provision": "9,951,000", "Net Income Common Stockholders": "24,956,000", "Diluted NI Available to Com Stockholders": "24,956,000", "Basic EPS": "-", "Diluted EPS": "-", "Basic Average Shares": "-", "Diluted Average Shares": "-", "Total Operating Income as Reported": "36,389,000", "Total Expenses": "116,509,000", "Interest Income": "1,473,000", "Interest Expense": "6,190,000", "Net Interest Income": "-4,717,000", "Net Income from Continuing & Discontinued Operation": "24,956,000", "Normalized Income": "26,225,840", "EBIT": "41,097,000", "EBITDA": "-", "Reconciled Cost of Revenue": "66,781,000", "Reconciled Depreciation": "-", "Net Income from Continuing Operation Net Minority Interest": "24,956,000", "Total Unusual Items Excluding Goodwill": "-1,776,000", "Total Unusual Items": "-1,776,000", "Normalized EBITDA": "42,873,000", "Tax Rate for Calcs": "0", "Tax Effect of Unusual Items": "-506,160"}, "12/31/2019": {"Duration": "12/31/2019", "Total Revenue": "237,631,000", "Cost of Revenue": "92,065,000", "Gross Profit": "145,566,000", "Operating Expense": "59,277,000", "Operating Income": "86,289,000", "Net Non Operating Interest Income Expense": "-4,798,000", "Other Income Expense": "4,158,000", "Pretax Income": "85,649,000", "Tax Provision": "24,604,000", "Net Income Common Stockholders": "61,045,000", "Diluted NI Available to Com Stockholders": "61,045,000", "Basic EPS": "137.00", "Diluted EPS": "137.00", "Basic Average Shares": "446,475", "Diluted Average Shares": "446,511", "Total Operating Income as Reported": "84,195,000", "Total Expenses": "151,342,000", "Interest Income": "1,067,000", "Interest Expense": "5,865,000", "Net Interest Income": "-4,798,000", "Net Income from Continuing & Discontinued Operation": "61,045,000", "Normalized Income": "59,387,275", "EBIT": "91,514,000", "EBITDA": "-", "Reconciled Cost of Revenue": "92,065,000", "Reconciled Depreciation": "57,699,000", "Net Income from Continuing Operation Net Minority Interest": "61,045,000", "Total Unusual Items Excluding Goodwill": "2,325,000", "Total Unusual Items": "2,325,000", "Normalized EBITDA": "146,888,000", "Tax Rate for Calcs": "0", "Tax Effect of Unusual Items": "667,275"}, "12/31/2018": {"Duration": "12/31/2018", "Total Revenue": "231,178,000", "Cost of Revenue": "91,012,000", "Gross Profit": "140,166,000", "Operating Expense": "59,360,000", "Operating Income": "80,806,000", "Net Non Operating Interest Income Expense": "-4,241,000", "Other Income Expense": "-1,388,000", "Pretax Income": "75,177,000", "Tax Provision": "22,489,000", "Net Income Common Stockholders": "52,688,000", "Diluted NI Available to Com Stockholders": "52,688,000", "Basic EPS": "118.00", "Diluted EPS": "118.00", "Basic Average Shares": "446,475", "Diluted Average Shares": "446,560", "Total Operating Income as Reported": "80,239,000", "Total Expenses": "150,372,000", "Interest Income": "796,000", "Interest Expense": "5,037,000", "Net Interest Income": "-4,241,000", "Net Income from Continuing & Discontinued Operation": "52,688,000", "Normalized Income": "50,601,123", "EBIT": "80,214,000", "EBITDA": "-", "Reconciled Cost of Revenue": "91,012,000", "Reconciled Depreciation": "50,640,000", "Net Income from Continuing Operation Net Minority Interest": "52,688,000", "Total Unusual Items Excluding Goodwill": "2,977,000", "Total Unusual Items": "2,977,000", "Normalized EBITDA": "127,877,000", "Tax Rate for Calcs": "0", "Tax Effect of Unusual Items": "890,123"}}, "bs": {"12/31/2020": {"Duration": "12/31/2020", "Total Assets": "721,275,000", "Total Liabilities Net Minority Interest": "287,345,000", "Total Equity Gross Minority Interest": "433,930,000", "Total Capitalization": "558,721,000", "Common Stock Equity": "433,708,000", "Capital Lease Obligations": "7,319,000", "Net Tangible Assets": "418,579,000", "Working Capital": "88,539,000", "Invested Capital": "569,938,000", "Tangible Book Value": "418,579,000", "Total Debt": "143,549,000", "Net Debt": "112,211,000", "Share Issued": "44,647,456", "Ordinary Shares Number": "44,647,456"}, "12/31/2019": {"Duration": "12/31/2019", "Total Assets": "757,731,000", "Total Liabilities Net Minority Interest": "309,505,000", "Total Equity Gross Minority Interest": "448,226,000", "Total Capitalization": "584,339,000", "Common Stock Equity": "448,187,000", "Capital Lease Obligations": "8,487,000", "Net Tangible Assets": "432,539,000", "Working Capital": "114,696,000", "Invested Capital": "596,703,000", "Tangible Book Value": "432,539,000", "Total Debt": "157,229,000", "Net Debt": "114,837,000", "Share Issued": "44,647,456", "Ordinary Shares Number": "44,647,456"}, "12/31/2018": {"Duration": "12/31/2018", "Total Assets": "678,779,000", "Total Liabilities Net Minority Interest": "261,414,000", "Total Equity Gross Minority Interest": "417,365,000", "Total Capitalization": "549,844,000", "Common Stock Equity": "417,365,000", "Capital Lease Obligations": "-", "Net Tangible Assets": "402,071,000", "Working Capital": "119,840,000", "Invested Capital": "556,663,000", "Tangible Book Value": "402,071,000", "Total Debt": "139,521,000", "Net Debt": "124,866,000", "Share Issued": "44,647,456", "Ordinary Shares Number": "44,647,456"}}, "cf": {"TTM": {"Duration": "TTM", "Operating Cash Flow": "-", "Investing Cash Flow": "-", "Financing Cash Flow": "-", "End Cash Position": "-", "Capital Expenditure": "-", "Issuance of Debt": "-", "Repayment of Debt": "-", "Free Cash Flow": "-"}, "12/31/2019": {"Duration": "12/31/2019", "Operating Cash Flow": "123,521,000", "Investing Cash Flow": "-67,457,000", "Financing Cash Flow": "-37,691,000", "End Cash Position": "33,679,000", "Capital Expenditure": "-72,014,000", "Issuance of Debt": "14,310,000", "Repayment of Debt": "-11,724,000", "Free Cash Flow": "51,507,000"}, "12/31/2018": {"Duration": "12/31/2018", "Operating Cash Flow": "123,883,000", "Investing Cash Flow": "-94,861,000", "Financing Cash Flow": "-27,370,000", "End Cash Position": "14,432,000", "Capital Expenditure": "-50,675,000", "Issuance of Debt": "12,164,000", "Repayment of Debt": "-10,864,000", "Free Cash Flow": "73,208,000"}}}}, {"ERF": {"quote": {"05/11/2021": {"value": "6.12", "Market Cap": "1.573B", "Beta (5Y Monthly)": "3.50", "PE Ratio (TTM)": "N/A", "EPS (TTM)": "-3.30", "Earnings Date": "Aug 05, 2021 - Aug 09, 2021", "Forward Dividend & Yield": "0.10 (1.57%)", "Ex-Dividend Date": "Apr 29, 2021", "1y Target Est": "13.74"}}, "fin": {"TTM": {"Duration": "TTM", "Total Revenue": "923,546", "Cost of Revenue": "925,358", "Gross Profit": "-1,812", "Operating Expense": "57,583", "Operating Income": "-59,395", "Net Non Operating Interest Income Expense": "-28,362", "Other Income Expense": "-1,096,365", "Pretax Income": "-1,184,122", "Tax Provision": "-260,755", "Net Income Common Stockholders": "-923,367", "Diluted NI Available to Com Stockholders": "-923,367", "Basic EPS": "-", "Diluted EPS": "-", "Basic Average Shares": "-", "Diluted Average Shares": "-", "Total Expenses": "982,941", "Interest Expense": "28,362", "Net Interest Income": "-28,362", "Net Income from Continuing & Discontinued Operation": "-923,367", "Normalized Income": "-73,347", "EBIT": "-1,155,760", "EBITDA": "-862,604", "Reconciled Cost of Revenue": "925,358", "Reconciled Depreciation": "293,156", "Net Income from Continuing Operation Net Minority Interest": "-923,367", "Total Unusual Items Excluding Goodwill": "-1,090,062", "Total Unusual Items": "-1,090,062", "Normalized EBITDA": "227,458", "Tax Rate for Calcs": "0", "Tax Effect of Unusual Items": "-240,042"}, "12/31/2020": {"Duration": "12/31/2020", "Total Revenue": "923,546", "Cost of Revenue": "925,358", "Gross Profit": "-1,812", "Operating Expense": "57,583", "Operating Income": "-59,395", "Net Non Operating Interest Income Expense": "-28,362", "Other Income Expense": "-1,096,365", "Pretax Income": "-1,184,122", "Tax Provision": "-260,755", "Net Income Common Stockholders": "-923,367", "Diluted NI Available to Com Stockholders": "-923,367", "Basic EPS": "-4.15", "Diluted EPS": "-4.15", "Basic Average Shares": "222,503", "Diluted Average Shares": "222,503", "Total Expenses": "982,941", "Interest Expense": "28,362", "Net Interest Income": "-28,362", "Net Income from Continuing & Discontinued Operation": "-923,367", "Normalized Income": "-73,347", "EBIT": "-1,155,760", "EBITDA": "-", "Reconciled Cost of Revenue": "925,358", "Reconciled Depreciation": "293,156", "Net Income from Continuing Operation Net Minority Interest": "-923,367", "Total Unusual Items Excluding Goodwill": "-1,090,062", "Total Unusual Items": "-1,090,062", "Normalized EBITDA": "227,458", "Tax Rate for Calcs": "0", "Tax Effect of Unusual Items": "-240,042"}, "12/31/2019": {"Duration": "12/31/2019", "Total Revenue": "1,572,955", "Cost of Revenue": "1,193,757", "Gross Profit": "379,198", "Operating Expense": "72,853", "Operating Income": "306,345", "Net Non Operating Interest Income Expense": "-33,919", "Other Income Expense": "-484,285", "Pretax Income": "-211,859", "Tax Provision": "47,861", "Net Income Common Stockholders": "-259,720", "Diluted NI Available to Com Stockholders": "-259,720", "Basic EPS": "-1.12", "Diluted EPS": "-1.12", "Basic Average Shares": "231,334", "Diluted Average Shares": "231,334", "Total Expenses": "1,266,610", "Interest Expense": "33,919", "Net Interest Income": "-33,919", "Net Income from Continuing & Discontinued Operation": "-259,720", "Normalized Income": "101,763", "EBIT": "-177,940", "EBITDA": "-", "Reconciled Cost of Revenue": "1,193,757", "Reconciled Depreciation": "356,830", "Net Income from Continuing Operation Net Minority Interest": "-259,720", "Total Unusual Items Excluding Goodwill": "-491,814", "Total Unusual Items": "-491,814", "Normalized EBITDA": "670,704", "Tax Rate for Calcs": "0", "Tax Effect of Unusual Items": "-130,331"}, "12/31/2018": {"Duration": "12/31/2018", "Total Revenue": "1,610,899", "Cost of Revenue": "1,071,447", "Gross Profit": "539,452", "Operating Expense": "75,783", "Operating Income": "463,669", "Net Non Operating Interest Income Expense": "-36,799", "Other Income Expense": "54,620", "Pretax Income": "481,490", "Tax Provision": "103,211", "Net Income Common Stockholders": "378,279", "Diluted NI Available to Com Stockholders": "378,279", "Basic EPS": "1.55", "Diluted EPS": "1.53", "Basic Average Shares": "244,076", "Diluted Average Shares": "247,261", "Total Expenses": "1,147,230", "Interest Expense": "36,799", "Net Interest Income": "-36,799", "Net Income from Continuing & Discontinued Operation": "378,279", "Normalized Income": "340,010", "EBIT": "518,289", "EBITDA": "-", "Reconciled Cost of Revenue": "1,071,447", "Reconciled Depreciation": "304,274", "Net Income from Continuing Operation Net Minority Interest": "378,279", "Total Unusual Items Excluding Goodwill": "48,711", "Total Unusual Items": "48,711", "Normalized EBITDA": "773,852", "Tax Rate for Calcs": "0", "Tax Effect of Unusual Items": "10,442"}}, "bs": {"12/31/2020": {"Duration": "12/31/2020", "Total Assets": "1,466,455", "Total Liabilities Net Minority Interest": "930,775", "Total Equity Gross Minority Interest": "535,680", "Total Capitalization": "922,266", "Common Stock Equity": "535,680", "Capital Lease Obligations": "36,837", "Net Tangible Assets": "535,680", "Working Capital": "-159,017", "Invested Capital": "1,026,102", "Tangible Book Value": "535,680", "Total Debt": "527,259", "Net Debt": "375,967", "Share Issued": "222,548", "Ordinary Shares Number": "222,548"}, "12/31/2019": {"Duration": "12/31/2019", "Total Assets": "2,565,802", "Total Liabilities Net Minority Interest": "1,094,244", "Total Equity Gross Minority Interest": "1,471,558", "Total Capitalization": "1,972,193", "Common Stock Equity": "1,471,558", "Capital Lease Obligations": "53,071", "Net Tangible Assets": "1,277,543", "Working Capital": "-50,932", "Invested Capital": "2,078,191", "Tangible Book Value": "1,277,543", "Total Debt": "659,704", "Net Debt": "454,984", "Share Issued": "221,744", "Ordinary Shares Number": "221,744"}, "12/31/2018": {"Duration": "12/31/2018", "Total Assets": "3,118,300", "Total Liabilities Net Minority Interest": "1,117,311", "Total Equity Gross Minority Interest": "2,000,989", "Total Capitalization": "2,637,838", "Common Stock Equity": "2,000,989", "Capital Lease Obligations": "-", "Net Tangible Assets": "1,346,190", "Working Capital": "277,541", "Invested Capital": "2,697,839", "Tangible Book Value": "1,346,190", "Total Debt": "696,850", "Net Debt": "333,523", "Share Issued": "239,411", "Ordinary Shares Number": "239,411"}}, "cf": {"TTM": {"Duration": "TTM", "Operating Cash Flow": "446,365", "Investing Cash Flow": "-337,255", "Financing Cash Flow": "-150,468", "End Cash Position": "114,455", "Income Tax Paid Supplemental Data": "-", "Interest Paid Supplemental Data": "-", "Capital Expenditure": "-343,400", "Issuance of Capital Stock": "0", "Repayment of Debt": "-114,010", "Repurchase of Capital Stock": "-2,536", "Free Cash Flow": "102,965"}, "12/31/2020": {"Duration": "12/31/2020", "Operating Cash Flow": "446,365", "Investing Cash Flow": "-337,255", "Financing Cash Flow": "-150,468", "End Cash Position": "114,455", "Income Tax Paid Supplemental Data": "-", "Interest Paid Supplemental Data": "-", "Capital Expenditure": "-343,400", "Issuance of Capital Stock": "0", "Repayment of Debt": "-114,010", "Repurchase of Capital Stock": "-2,536", "Free Cash Flow": "102,965"}, "12/31/2019": {"Duration": "12/31/2019", "Operating Cash Flow": "694,240", "Investing Cash Flow": "-621,789", "Financing Cash Flow": "-271,040", "End Cash Position": "151,649", "Income Tax Paid Supplemental Data": "-", "Interest Paid Supplemental Data": "-", "Capital Expenditure": "-631,328", "Issuance of Capital Stock": "0", "Repayment of Debt": "-", "Repurchase of Capital Stock": "-178,793", "Free Cash Flow": "62,912"}, "12/31/2018": {"Duration": "12/31/2018", "Operating Cash Flow": "738,784", "Investing Cash Flow": "-623,038", "Financing Cash Flow": "-128,215", "End Cash Position": "363,327", "Income Tax Paid Supplemental Data": "-", "Interest Paid Supplemental Data": "36,161", "Capital Expenditure": "-623,038", "Issuance of Capital Stock": "9,138", "Repayment of Debt": "-29,044", "Repurchase of Capital Stock": "-79,027", "Free Cash Flow": "115,746"}}}}, {"PGH": {"quote": {"05/11/2021": {"value": "", "Net Assets": "N/A", "Beta (5Y Monthly)": "N/A", "Yield": "N/A", "5y Average Return": "N/A", "Holdings Turnover": "N/A", "Last Dividend": "N/A", "Average for Category": "N/A", "Inception Date": "N/A"}}, "fin": {}, "bs": {}, "cf": {}}}, {"REXX": {"quote": {"04/03/2021": {"value": "", "Net Assets": "N/A", "Beta (5Y Monthly)": "N/A", "Yield": "N/A", "5y Average Return": "N/A", "Holdings Turnover": "N/A", "Last Dividend": "N/A", "Average for Category": "N/A", "Inception Date": "N/A"}}, "fin": {}, "bs": {}, "cf": {}}}, {"CRT": {"quote": {"04/03/2021": {"value": "8.59", "Market Cap": "51.54M", "Beta (5Y Monthly)": "1.01", "PE Ratio (TTM)": "10.60", "EPS (TTM)": "0.81", "Earnings Date": "N/A", "Forward Dividend & Yield": "0.65 (7.58%)", "Ex-Dividend Date": "Mar 30, 2021", "1y Target Est": "N/A"}}, "fin": {"TTM": {"Duration": "TTM", "Total Revenue": "5,576", "Operating Expense": "726.126", "Operating Income": "4,850", "Net Non Operating Interest Income Expense": "10.881", "Pretax Income": "4,861", "Net Income Common Stockholders": "4,861", "Diluted NI Available to Com Stockholders": "4,861", "Basic EPS": "-", "Diluted EPS": "-", "Basic Average Shares": "-", "Diluted Average Shares": "-", "Total Operating Income as Reported": "-", "Total Expenses": "726.126", "Interest Income": "10.881", "Net Interest Income": "10.881", "Net Income from Continuing & Discontinued Operation": "4,861", "Normalized Income": "4,861", "EBIT": "4,850", "EBITDA": "4,850", "Reconciled Depreciation": "-", "Net Income from Continuing Operation Net Minority Interest": "4,861", "Normalized EBITDA": "4,850", "Tax Rate for Calcs": "0", "Tax Effect of Unusual Items": "0"}, "12/31/2019": {"Duration": "12/31/2019", "Total Revenue": "5,935", "Operating Expense": "702.643", "Operating Income": "5,232", "Net Non Operating Interest Income Expense": "25.069", "Pretax Income": "5,257", "Net Income Common Stockholders": "5,257", "Diluted NI Available to Com Stockholders": "5,257", "Basic EPS": "0.88", "Diluted EPS": "0.88", "Basic Average Shares": "6,000", "Diluted Average Shares": "6,000", "Total Operating Income as Reported": "-", "Total Expenses": "702.643", "Interest Income": "25.069", "Net Interest Income": "25.069", "Net Income from Continuing & Discontinued Operation": "5,257", "Normalized Income": "5,257", "EBIT": "5,232", "EBITDA": "-", "Reconciled Depreciation": "-", "Net Income from Continuing Operation Net Minority Interest": "5,257", "Normalized EBITDA": "5,232", "Tax Rate for Calcs": "0", "Tax Effect of Unusual Items": "0"}, "12/31/2018": {"Duration": "12/31/2018", "Total Revenue": "9,134", "Operating Expense": "595.606", "Operating Income": "8,538", "Net Non Operating Interest Income Expense": "20.173", "Pretax Income": "8,559", "Net Income Common Stockholders": "8,559", "Diluted NI Available to Com Stockholders": "8,559", "Basic EPS": "1.43", "Diluted EPS": "1.43", "Basic Average Shares": "6,000", "Diluted Average Shares": "6,000", "Total Operating Income as Reported": "-", "Total Expenses": "595.606", "Interest Income": "20.173", "Net Interest Income": "20.173", "Net Income from Continuing & Discontinued Operation": "8,559", "Normalized Income": "8,559", "EBIT": "8,538", "EBITDA": "-", "Reconciled Depreciation": "-", "Net Income from Continuing Operation Net Minority Interest": "8,559", "Normalized EBITDA": "8,538", "Tax Rate for Calcs": "0", "Tax Effect of Unusual Items": "0"}}, "bs": {"12/31/2019": {"Duration": "12/31/2019", "Total Assets": "9,665", "Total Liabilities Net Minority Interest": "1,503", "Total Equity Gross Minority Interest": "8,162", "Total Capitalization": "8,162", "Common Stock Equity": "8,162", "Net Tangible Assets": "8,162", "Working Capital": "1,000", "Tangible Book Value": "8,162", "Share Issued": "6,000", "Ordinary Shares Number": "6,000"}, "12/31/2018": {"Duration": "12/31/2018", "Total Assets": "10,130", "Total Liabilities Net Minority Interest": "1,603", "Total Equity Gross Minority Interest": "8,527", "Total Capitalization": "8,527", "Common Stock Equity": "8,527", "Net Tangible Assets": "8,527", "Working Capital": "1,000", "Tangible Book Value": "8,527", "Share Issued": "6,000", "Ordinary Shares Number": "6,000"}}, "cf": {"TTM": {"Duration": "TTM", "Operating Cash Flow": "-", "Financing Cash Flow": "-", "End Cash Position": "-", "Free Cash Flow": "-"}}}}, {"CVE": {"quote": {"04/03/2021": {"value": "7.87", "Market Cap": "15.828B", "Beta (5Y Monthly)": "3.83", "PE Ratio (TTM)": "N/A", "EPS (TTM)": "-1.54", "Earnings Date": "N/A", "Forward Dividend & Yield": "0.06 (0.74%)", "Ex-Dividend Date": "Mar 12, 2021", "1y Target Est": "10.85"}}, "fin": {"TTM": {"Duration": "TTM", "Total Revenue": "13,591,000", "Cost of Revenue": "13,391,000", "Gross Profit": "200,000", "Operating Expense": "2,313,000", "Operating Income": "-2,113,000", "Net Non Operating Interest Income Expense": "-556,000", "Other Income Expense": "-561,000", "Pretax Income": "-3,230,000", "Tax Provision": "-851,000", "Net Income Common Stockholders": "-2,379,000", "Diluted NI Available to Com Stockholders": "-2,379,000", "Basic EPS": "-", "Diluted EPS": "-", "Basic Average Shares": "-", "Diluted Average Shares": "-", "Total Expenses": "15,704,000", "Net Income from Continuing & Discontinued Operation": "-2,379,000", "Normalized Income": "-1,995,023", "Interest Income": "9,000", "Interest Expense": "536,000", "Net Interest Income": "-556,000", "EBIT": "-2,694,000", "EBITDA": "770,000", "Reconciled Cost of Revenue": "13,391,000", "Reconciled Depreciation": "3,464,000", "Net Income from Continuing Operation Net Minority Interest": "-2,379,000", "Total Unusual Items Excluding Goodwill": "-521,000", "Total Unusual Items": "-521,000", "Normalized EBITDA": "1,291,000", "Tax Rate for Calcs": "0", "Tax Effect of Unusual Items": "-137,023"}, "12/31/2020": {"Duration": "12/31/2020", "Total Revenue": "13,591,000", "Cost of Revenue": "13,391,000", "Gross Profit": "200,000", "Operating Expense": "2,313,000", "Operating Income": "-2,113,000", "Net Non Operating Interest Income Expense": "-556,000", "Other Income Expense": "-561,000", "Pretax Income": "-3,230,000", "Tax Provision": "-851,000", "Net Income Common Stockholders": "-2,379,000", "Diluted NI Available to Com Stockholders": "-2,379,000", "Basic EPS": "-", "Diluted EPS": "-", "Basic Average Shares": "-", "Diluted Average Shares": "-", "Total Expenses": "15,704,000", "Net Income from Continuing & Discontinued Operation": "-2,379,000", "Normalized Income": "-1,995,023", "Interest Income": "9,000", "Interest Expense": "536,000", "Net Interest Income": "-556,000", "EBIT": "-2,694,000", "EBITDA": "-", "Reconciled Cost of Revenue": "13,391,000", "Reconciled Depreciation": "3,464,000", "Net Income from Continuing Operation Net Minority Interest": "-2,379,000", "Total Unusual Items Excluding Goodwill": "-521,000", "Total Unusual Items": "-521,000", "Normalized EBITDA": "1,291,000", "Tax Rate for Calcs": "0", "Tax Effect of Unusual Items": "-137,023"}, "12/31/2019": {"Duration": "12/31/2019", "Total Revenue": "21,353,000", "Cost of Revenue": "17,032,000", "Gross Profit": "4,321,000", "Operating Expense": "2,522,000", "Operating Income": "1,799,000", "Net Non Operating Interest Income Expense": "-499,000", "Other Income Expense": "97,000", "Pretax Income": "1,397,000", "Tax Provision": "-797,000", "Net Income Common Stockholders": "2,194,000", "Diluted NI Available to Com Stockholders": "2,194,000", "Basic EPS": "1.78", "Diluted EPS": "1.78", "Basic Average Shares": "1,228,800", "Diluted Average Shares": "1,229,400", "Total Expenses": "19,554,000", "Net Income from Continuing & Discontinued Operation": "2,194,000", "Normalized Income": "2,130,790", "Interest Income": "12,000", "Interest Expense": "547,000", "Net Interest Income": "-499,000", "EBIT": "1,944,000", "EBITDA": "-", "Reconciled Cost of Revenue": "17,032,000", "Reconciled Depreciation": "2,249,000", "Net Income from Continuing Operation Net Minority Interest": "2,194,000", "Total Unusual Items Excluding Goodwill": "86,000", "Total Unusual Items": "86,000", "Normalized EBITDA": "4,107,000", "Tax Rate for Calcs": "0", "Tax Effect of Unusual Items": "22,790"}, "12/31/2018": {"Duration": "12/31/2018", "Total Revenue": "21,389,000", "Cost of Revenue": "17,362,000", "Gross Profit": "4,027,000", "Operating Expense": "5,353,000", "Operating Income": "-1,326,000", "Net Non Operating Interest Income Expense": "-608,000", "Other Income Expense": "-1,992,000", "Pretax Income": "-3,926,000", "Tax Provision": "-1,010,000", "Net Income Common Stockholders": "-2,669,000", "Diluted NI Available to Com Stockholders": "-2,669,000", "Basic EPS": "-2.17", "Diluted EPS": "-2.17", "Basic Average Shares": "1,228,800", "Diluted Average Shares": "1,229,200", "Total Expenses": "22,715,000", "Net Income from Continuing & Discontinued Operation": "-2,669,000", "Normalized Income": "-1,427,028", "Interest Income": "19,000", "Interest Expense": "578,000", "Net Interest Income": "-608,000", "EBIT": "-3,348,000", "EBITDA": "-", "Reconciled Cost of Revenue": "17,362,000", "Reconciled Depreciation": "2,131,000", "Net Income from Continuing Operation Net Minority Interest": "-2,916,000", "Total Unusual Items Excluding Goodwill": "-2,004,000", "Total Unusual Items": "-2,004,000", "Normalized EBITDA": "787,000", "Tax Rate for Calcs": "0", "Tax Effect of Unusual Items": "-515,028"}}, "bs": {"12/31/2020": {"Duration": "12/31/2020", "Total Assets": "32,770,000", "Total Liabilities Net Minority Interest": "16,063,000", "Total Equity Gross Minority Interest": "16,707,000", "Total Capitalization": "24,148,000", "Common Stock Equity": "16,707,000", "Capital Lease Obligations": "1,757,000", "Net Tangible Assets": "14,346,000", "Working Capital": "617,000", "Invested Capital": "24,269,000", "Tangible Book Value": "14,346,000", "Total Debt": "9,319,000", "Net Debt": "7,184,000", "Share Issued": "1,228,870", "Ordinary Shares Number": "1,228,870"}, "12/31/2019": {"Duration": "12/31/2019", "Total Assets": "35,713,000", "Total Liabilities Net Minority Interest": "16,512,000", "Total Equity Gross Minority Interest": "19,201,000", "Total Capitalization": "25,900,000", "Common Stock Equity": "19,201,000", "Capital Lease Obligations": "1,916,000", "Net Tangible Assets": "16,828,000", "Working Capital": "763,000", "Invested Capital": "25,900,000", "Tangible Book Value": "16,828,000", "Total Debt": "8,615,000", "Net Debt": "6,513,000", "Share Issued": "1,228,828", "Ordinary Shares Number": "1,228,828"}, "12/31/2018": {"Duration": "12/31/2018", "Total Assets": "35,174,000", "Total Liabilities Net Minority Interest": "17,706,000", "Total Equity Gross Minority Interest": "17,468,000", "Total Capitalization": "25,950,000", "Common Stock Equity": "17,468,000", "Capital Lease Obligations": "-", "Net Tangible Assets": "15,196,000", "Working Capital": "595,000", "Invested Capital": "26,632,000", "Tangible Book Value": "15,196,000", "Total Debt": "9,164,000", "Net Debt": "8,383,000", "Share Issued": "1,228,790", "Ordinary Shares Number": "1,228,790"}}, "cf": {"TTM": {"Duration": "TTM", "Operating Cash Flow": "273,000", "Investing Cash Flow": "-863,000", "Financing Cash Flow": "837,000", "End Cash Position": "378,000", "Capital Expenditure": "-859,000", "Issuance of Capital Stock": "-", "Issuance of Debt": "1,326,000", "Repayment of Debt": "-529,000", "Free Cash Flow": "-586,000"}, "12/31/2020": {"Duration": "12/31/2020", "Operating Cash Flow": "273,000", "Investing Cash Flow": "-863,000", "Financing Cash Flow": "837,000", "End Cash Position": "378,000", "Capital Expenditure": "-859,000", "Issuance of Capital Stock": "-", "Issuance of Debt": "1,326,000", "Repayment of Debt": "-529,000", "Free Cash Flow": "-586,000"}, "12/31/2019": {"Duration": "12/31/2019", "Operating Cash Flow": "3,285,000", "Investing Cash Flow": "-1,432,000", "Financing Cash Flow": "-2,413,000", "End Cash Position": "186,000", "Capital Expenditure": "-1,183,000", "Issuance of Capital Stock": "0", "Issuance of Debt": "276,000", "Repayment of Debt": "-2,429,000", "Free Cash Flow": "2,102,000"}, "12/31/2018": {"Duration": "12/31/2018", "Operating Cash Flow": "2,154,000", "Investing Cash Flow": "-613,000", "Financing Cash Flow": "-1,410,000", "End Cash Position": "781,000", "Capital Expenditure": "-1,377,000", "Issuance of Capital Stock": "0", "Issuance of Debt": "0", "Repayment of Debt": "-1,164,000", "Free Cash Flow": "777,000"}}}}, {"ICD": {"quote": {"05/11/2021": {"value": "3.3900", "Market Cap": "22.097M", "Beta (5Y Monthly)": "6.91", "PE Ratio (TTM)": "N/A", "EPS (TTM)": "-19.6940", "Earnings Date": "Aug 02, 2021 - Aug 06, 2021", "Forward Dividend & Yield": "N/A (N/A)", "Ex-Dividend Date": "N/A", "1y Target Est": "3.50"}}, "fin": {"TTM": {"Duration": "TTM", "Total Revenue": "83,418", "Cost of Revenue": "109,286", "Gross Profit": "-25,868", "Operating Expense": "13,484", "Operating Income": "-39,352", "Net Non Operating Interest Income Expense": "-14,627", "Other Income Expense": "-42,806", "Pretax Income": "-96,785", "Tax Provision": "-147", "Net Income Common Stockholders": "-96,638", "Diluted NI Available to Com Stockholders": "-96,638", "Basic EPS": "-", "Diluted EPS": "-", "Basic Average Shares": "-", "Diluted Average Shares": "-", "Total Operating Income as Reported": "-82,158", "Total Expenses": "122,770", "Net Income from Continuing & Discontinued Operation": "-96,638", "Normalized Income": "-53,897", "Interest Expense": "14,627", "Net Interest Income": "-14,627", "EBIT": "-82,158", "EBITDA": "-38,239", "Reconciled Cost of Revenue": "109,286", "Reconciled Depreciation": "43,919", "Net Income from Continuing Operation Net Minority Interest": "-96,638", "Total Unusual Items Excluding Goodwill": "-42,806", "Total Unusual Items": "-42,806", "Normalized EBITDA": "4,567", "Tax Rate for Calcs": "0", "Tax Effect of Unusual Items": "-65.0151"}, "12/31/2020": {"Duration": "12/31/2020", "Total Revenue": "83,418", "Cost of Revenue": "109,286", "Gross Profit": "-25,868", "Operating Expense": "13,484", "Operating Income": "-39,352", "Net Non Operating Interest Income Expense": "-14,627", "Other Income Expense": "-42,806", "Pretax Income": "-96,785", "Tax Provision": "-147", "Net Income Common Stockholders": "-96,638", "Diluted NI Available to Com Stockholders": "-96,638", "Basic EPS": "-", "Diluted EPS": "-", "Basic Average Shares": "-", "Diluted Average Shares": "-", "Total Operating Income as Reported": "-82,158", "Total Expenses": "122,770", "Net Income from Continuing & Discontinued Operation": "-96,638", "Normalized Income": "-53,918", "Interest Expense": "14,627", "Net Interest Income": "-14,627", "EBIT": "-82,158", "EBITDA": "-", "Reconciled Cost of Revenue": "109,286", "Reconciled Depreciation": "43,919", "Net Income from Continuing Operation Net Minority Interest": "-96,638", "Total Unusual Items Excluding Goodwill": "-42,806", "Total Unusual Items": "-42,806", "Normalized EBITDA": "4,567", "Tax Rate for Calcs": "0", "Tax Effect of Unusual Items": "-85.612"}, "12/31/2019": {"Duration": "12/31/2019", "Total Revenue": "203,602", "Cost of Revenue": "190,280", "Gross Profit": "13,322", "Operating Expense": "16,428", "Operating Income": "-3,106", "Net Non Operating Interest Income Expense": "-14,415", "Other Income Expense": "-43,389", "Pretax Income": "-60,910", "Tax Provision": "-122", "Net Income Common Stockholders": "-60,788", "Diluted NI Available to Com Stockholders": "-60,788", "Basic EPS": "-16.20", "Diluted EPS": "-16.20", "Basic Average Shares": "3,774", "Diluted Average Shares": "3,774", "Total Operating Income as Reported": "-46,495", "Total Expenses": "206,708", "Net Income from Continuing & Discontinued Operation": "-60,788", "Normalized Income": "-17,486", "Interest Expense": "14,415", "Net Interest Income": "-14,415", "EBIT": "-46,495", "EBITDA": "-", "Reconciled Cost of Revenue": "190,280", "Reconciled Depreciation": "45,367", "Net Income from Continuing Operation Net Minority Interest": "-60,788", "Total Unusual Items Excluding Goodwill": "-43,389", "Total Unusual Items": "-43,389", "Normalized EBITDA": "42,261", "Tax Rate for Calcs": "0", "Tax Effect of Unusual Items": "-86.778"}, "12/31/2018": {"Duration": "12/31/2018", "Total Revenue": "142,609", "Cost of Revenue": "126,111", "Gross Profit": "16,498", "Operating Expense": "15,907", "Operating Income": "591", "Net Non Operating Interest Income Expense": "-7,562", "Other Income Expense": "-12,931", "Pretax Income": "-19,902", "Tax Provision": "91", "Net Income Common Stockholders": "-19,993", "Diluted NI Available to Com Stockholders": "-19,993", "Basic EPS": "-8.40", "Diluted EPS": "-8.40", "Basic Average Shares": "2,379", "Diluted Average Shares": "2,379", "Total Operating Income as Reported": "-12,340", "Total Expenses": "142,018", "Net Income from Continuing & Discontinued Operation": "-19,993", "Normalized Income": "-10,553", "Interest Expense": "7,562", "Net Interest Income": "-7,562", "EBIT": "-12,340", "EBITDA": "-", "Reconciled Cost of Revenue": "126,111", "Reconciled Depreciation": "30,891", "Net Income from Continuing Operation Net Minority Interest": "-19,993", "Total Unusual Items Excluding Goodwill": "-12,931", "Total Unusual Items": "-12,931", "Normalized EBITDA": "31,482", "Tax Rate for Calcs": "0", "Tax Effect of Unusual Items": "-3,491"}}, "bs": {"12/31/2020": {"Duration": "12/31/2020", "Total Assets": "413,209", "Total Liabilities Net Minority Interest": "166,176", "Total Equity Gross Minority Interest": "247,033", "Total Capitalization": "380,096", "Common Stock Equity": "247,033", "Capital Lease Obligations": "8,885", "Net Tangible Assets": "247,033", "Working Capital": "5,010", "Invested Capital": "384,382", "Tangible Book Value": "247,033", "Total Debt": "146,234", "Net Debt": "125,070", "Share Issued": "6,254", "Ordinary Shares Number": "6,176", "Treasury Shares Number": "78.578"}, "12/31/2019": {"Duration": "12/31/2019", "Total Assets": "517,001", "Total Liabilities Net Minority Interest": "185,405", "Total Equity Gross Minority Interest": "331,596", "Total Capitalization": "466,537", "Common Stock Equity": "331,596", "Capital Lease Obligations": "475", "Net Tangible Assets": "331,596", "Working Capital": "8,182", "Invested Capital": "470,222", "Tangible Book Value": "331,596", "Total Debt": "139,101", "Net Debt": "133,420", "Share Issued": "3,876", "Ordinary Shares Number": "3,812", "Treasury Shares Number": "64.146"}, "12/31/2018": {"Duration": "12/31/2018", "Total Assets": "584,862", "Total Liabilities Net Minority Interest": "193,329", "Total Equity Gross Minority Interest": "391,533", "Total Capitalization": "521,545", "Common Stock Equity": "391,533", "Capital Lease Obligations": "-", "Net Tangible Assets": "389,906", "Working Capital": "39,450", "Invested Capital": "522,132", "Tangible Book Value": "389,906", "Total Debt": "130,599", "Net Debt": "118,352", "Share Issued": "3,880", "Ordinary Shares Number": "3,854", "Treasury Shares Number": "26.027"}}, "cf": {"TTM": {"Duration": "TTM", "Operating Cash Flow": "287", "Investing Cash Flow": "-8,977", "Financing Cash Flow": "15,763", "End Cash Position": "12,279", "Income Tax Paid Supplemental Data": "-", "Interest Paid Supplemental Data": "13,309", "Capital Expenditure": "-14,229", "Issuance of Capital Stock": "10,978", "Issuance of Debt": "21,045", "Repayment of Debt": "-15,378", "Repurchase of Capital Stock": "-66", "Free Cash Flow": "-13,942"}, "12/31/2020": {"Duration": "12/31/2020", "Operating Cash Flow": "287", "Investing Cash Flow": "-8,977", "Financing Cash Flow": "15,763", "End Cash Position": "12,279", "Income Tax Paid Supplemental Data": "-", "Interest Paid Supplemental Data": "-13,309", "Capital Expenditure": "-14,229", "Issuance of Capital Stock": "10,978", "Issuance of Debt": "21,045", "Repayment of Debt": "-15,378", "Repurchase of Capital Stock": "-66", "Free Cash Flow": "-13,942"}, "12/31/2019": {"Duration": "12/31/2019", "Operating Cash Flow": "27,921", "Investing Cash Flow": "-28,369", "Financing Cash Flow": "-6,593", "End Cash Position": "5,206", "Income Tax Paid Supplemental Data": "-", "Interest Paid Supplemental Data": "13,974", "Capital Expenditure": "-38,320", "Issuance of Capital Stock": "-", "Issuance of Debt": "4,511", "Repayment of Debt": "-10,057", "Repurchase of Capital Stock": "-809", "Free Cash Flow": "-10,399"}, "12/31/2018": {"Duration": "12/31/2018", "Operating Cash Flow": "16,135", "Investing Cash Flow": "-25,247", "Financing Cash Flow": "18,826", "End Cash Position": "12,247", "Income Tax Paid Supplemental Data": "-", "Interest Paid Supplemental Data": "3,202", "Capital Expenditure": "-37,550", "Issuance of Capital Stock": "0", "Issuance of Debt": "185,732", "Repayment of Debt": "-160,855", "Repurchase of Capital Stock": "-1,180", "Free Cash Flow": "-21,415"}}}}, {"EVEP": {"quote": {"05/11/2021": {"value": "", "Net Assets": "N/A", "Beta (5Y Monthly)": "N/A", "Yield": "N/A", "5y Average Return": "N/A", "Holdings Turnover": "N/A", "Last Dividend": "N/A", "Average for Category": "N/A", "Inception Date": "N/A"}}, "fin": {}, "bs": {}, "cf": {}}}, {"PTEN": {"quote": {"05/11/2021": {"value": "8.24", "Market Cap": "1.553B", "Beta (5Y Monthly)": "3.22", "PE Ratio (TTM)": "N/A", "EPS (TTM)": "-2.54", "Earnings Date": "Jul 21, 2021 - Jul 26, 2021", "Forward Dividend & Yield": "0.08 (0.96%)", "Ex-Dividend Date": "Jun 02, 2021", "1y Target Est": "7.44"}}, "fin": {"TTM": {"Duration": "TTM", "Total Revenue": "1,124,249", "Cost of Revenue": "1,472,833", "Gross Profit": "-348,584", "Operating Expense": "110,276", "Operating Income": "-458,860", "Net Non Operating Interest Income Expense": "-39,516", "Other Income Expense": "-432,642", "Pretax Income": "-931,018", "Tax Provision": "-127,326", "Net Income Common Stockholders": "-803,692", "Diluted NI Available to Com Stockholders": "-803,692", "Basic EPS": "-", "Diluted EPS": "-", "Basic Average Shares": "-", "Diluted Average Shares": "-", "Total Operating Income as Reported": "-892,258", "Total Expenses": "1,583,109", "Net Income from Continuing & Discontinued Operation": "-803,692", "Normalized Income": "-429,670", "Interest Income": "1,254", "Interest Expense": "40,770", "Net Interest Income": "-39,516", "EBIT": "-890,248", "EBITDA": "-219,338", "Reconciled Cost of Revenue": "1,472,833", "Reconciled Depreciation": "670,910", "Net Income from Continuing Operation Net Minority Interest": "-803,692", "Total Unusual Items Excluding Goodwill": "-433,398", "Total Unusual Items": "-433,398", "Normalized EBITDA": "214,060", "Tax Rate for Calcs": "0", "Tax Effect of Unusual Items": "-59,376"}, "12/31/2020": {"Duration": "12/31/2020", "Total Revenue": "1,124,249", "Cost of Revenue": "1,472,833", "Gross Profit": "-348,584", "Operating Expense": "110,276", "Operating Income": "-458,860", "Net Non Operating Interest Income Expense": "-39,516", "Other Income Expense": "-432,642", "Pretax Income": "-931,018", "Tax Provision": "-127,326", "Net Income Common Stockholders": "-803,692", "Diluted NI Available to Com Stockholders": "-803,692", "Basic EPS": "-", "Diluted EPS": "-", "Basic Average Shares": "-", "Diluted Average Shares": "-", "Total Operating Income as Reported": "-892,258", "Total Expenses": "1,583,109", "Net Income from Continuing & Discontinued Operation": "-803,692", "Normalized Income": "-429,670", "Interest Income": "1,254", "Interest Expense": "40,770", "Net Interest Income": "-39,516", "EBIT": "-890,248", "EBITDA": "-", "Reconciled Cost of Revenue": "1,472,833", "Reconciled Depreciation": "670,910", "Net Income from Continuing Operation Net Minority Interest": "-803,692", "Total Unusual Items Excluding Goodwill": "-433,398", "Total Unusual Items": "-433,398", "Normalized EBITDA": "214,060", "Tax Rate for Calcs": "0", "Tax Effect of Unusual Items": "-59,376"}, "12/31/2019": {"Duration": "12/31/2019", "Total Revenue": "2,470,685", "Cost of Revenue": "2,777,570", "Gross Profit": "-306,885", "Operating Expense": "150,795", "Operating Income": "-457,680", "Net Non Operating Interest Income Expense": "-69,191", "Other Income Expense": "-3,507", "Pretax Income": "-530,378", "Tax Provision": "-104,675", "Net Income Common Stockholders": "-425,703", "Diluted NI Available to Com Stockholders": "-425,703", "Basic EPS": "-2.10", "Diluted EPS": "-2.10", "Basic Average Shares": "203,039", "Diluted Average Shares": "203,039", "Total Operating Income as Reported": "-461,576", "Total Expenses": "2,928,365", "Net Income from Continuing & Discontinued Operation": "-425,703", "Normalized Income": "-422,575", "Interest Income": "6,013", "Interest Expense": "75,204", "Net Interest Income": "-69,191", "EBIT": "-455,174", "EBITDA": "-", "Reconciled Cost of Revenue": "2,777,570", "Reconciled Depreciation": "1,003,873", "Net Income from Continuing Operation Net Minority Interest": "-425,703", "Total Unusual Items Excluding Goodwill": "-3,896", "Total Unusual Items": "-3,896", "Normalized EBITDA": "552,595", "Tax Rate for Calcs": "0", "Tax Effect of Unusual Items": "-767.512"}, "12/31/2018": {"Duration": "12/31/2018", "Total Revenue": "3,326,997", "Cost of Revenue": "3,318,805", "Gross Profit": "8,192", "Operating Expense": "145,460", "Operating Income": "-137,268", "Net Non Operating Interest Income Expense": "-45,981", "Other Income Expense": "-184,159", "Pretax Income": "-367,408", "Tax Provision": "-45,987", "Net Income Common Stockholders": "-321,421", "Diluted NI Available to Com Stockholders": "-321,421", "Basic EPS": "-1.47", "Diluted EPS": "-1.47", "Basic Average Shares": "218,643", "Diluted Average Shares": "218,643", "Total Operating Income as Reported": "-322,177", "Total Expenses": "3,464,265", "Net Income from Continuing & Discontinued Operation": "-321,421", "Normalized Income": "-159,626", "Interest Income": "5,597", "Interest Expense": "51,578", "Net Interest Income": "-45,981", "EBIT": "-315,830", "EBITDA": "-", "Reconciled Cost of Revenue": "3,318,805", "Reconciled Depreciation": "916,318", "Net Income from Continuing Operation Net Minority Interest": "-321,421", "Total Unusual Items Excluding Goodwill": "-184,909", "Total Unusual Items": "-184,909", "Normalized EBITDA": "785,397", "Tax Rate for Calcs": "0", "Tax Effect of Unusual Items": "-23,114"}}, "bs": {"12/31/2020": {"Duration": "12/31/2020", "Total Assets": "3,299,069", "Total Liabilities Net Minority Interest": "1,283,010", "Total Equity Gross Minority Interest": "2,016,059", "Total Capitalization": "2,917,543", "Common Stock Equity": "2,016,059", "Capital Lease Obligations": "26,214", "Net Tangible Assets": "1,985,972", "Working Capital": "204,234", "Invested Capital": "2,917,543", "Tangible Book Value": "1,985,972", "Total Debt": "927,698", "Net Debt": "676,569", "Share Issued": "271,029", "Ordinary Shares Number": "187,626", "Treasury Shares Number": "83,402"}, "12/31/2019": {"Duration": "12/31/2019", "Total Assets": "4,439,615", "Total Liabilities Net Minority Interest": "1,605,995", "Total Equity Gross Minority Interest": "2,833,620", "Total Capitalization": "3,800,160", "Common Stock Equity": "2,833,620", "Capital Lease Obligations": "36,579", "Net Tangible Assets": "2,389,616", "Working Capital": "231,213", "Invested Capital": "3,800,160", "Tangible Book Value": "2,389,616", "Total Debt": "1,003,119", "Net Debt": "792,355", "Share Issued": "269,372", "Ordinary Shares Number": "192,036", "Treasury Shares Number": "77,336"}, "12/31/2018": {"Duration": "12/31/2018", "Total Assets": "5,469,866", "Total Liabilities Net Minority Interest": "1,964,443", "Total Equity Gross Minority Interest": "3,505,423", "Total Capitalization": "4,624,628", "Common Stock Equity": "3,505,423", "Capital Lease Obligations": "-", "Net Tangible Assets": "3,027,783", "Working Capital": "423,881", "Invested Capital": "4,624,628", "Tangible Book Value": "3,027,783", "Total Debt": "1,119,205", "Net Debt": "874,176", "Share Issued": "267,316", "Ordinary Shares Number": "213,614", "Treasury Shares Number": "53,701"}}, "cf": {"TTM": {"Duration": "TTM", "Operating Cash Flow": "278,858", "Investing Cash Flow": "-124,976", "Financing Cash Flow": "-103,150", "End Cash Position": "224,915", "Income Tax Paid Supplemental Data": "-", "Interest Paid Supplemental Data": "43,368", "Capital Expenditure": "-145,481", "Issuance of Capital Stock": "-", "Issuance of Debt": "0", "Repayment of Debt": "-62,525", "Repurchase of Capital Stock": "-21,179", "Free Cash Flow": "133,377"}, "12/31/2020": {"Duration": "12/31/2020", "Operating Cash Flow": "278,858", "Investing Cash Flow": "-124,976", "Financing Cash Flow": "-103,150", "End Cash Position": "224,915", "Income Tax Paid Supplemental Data": "-", "Interest Paid Supplemental Data": "43,368", "Capital Expenditure": "-145,481", "Issuance of Capital Stock": "-", "Issuance of Debt": "0", "Repayment of Debt": "-62,525", "Repurchase of Capital Stock": "-21,179", "Free Cash Flow": "133,377"}, "12/31/2019": {"Duration": "12/31/2019", "Operating Cash Flow": "696,203", "Investing Cash Flow": "-301,764", "Financing Cash Flow": "-465,221", "End Cash Position": "174,185", "Income Tax Paid Supplemental Data": "1,452", "Interest Paid Supplemental Data": "76,870", "Capital Expenditure": "-347,512", "Issuance of Capital Stock": "0", "Issuance of Debt": "496,969", "Repayment of Debt": "-673,443", "Repurchase of Capital Stock": "-255,467", "Free Cash Flow": "348,691"}, "12/31/2018": {"Duration": "12/31/2018", "Operating Cash Flow": "730,670", "Investing Cash Flow": "-584,552", "Financing Cash Flow": "56,864", "End Cash Position": "245,029", "Income Tax Paid Supplemental Data": "-", "Interest Paid Supplemental Data": "41,184", "Capital Expenditure": "-641,458", "Issuance of Capital Stock": "0", "Issuance of Debt": "600,194", "Repayment of Debt": "-347,000", "Repurchase of Capital Stock": "-161,737", "Free Cash Flow": "89,212"}}}}, {"VET": {"quote": {"05/11/2021": {"value": "7.61", "Market Cap": "1.211B", "Beta (5Y Monthly)": "3.79", "PE Ratio (TTM)": "4.87", "EPS (TTM)": "1.56", "Earnings Date": "Mar 08, 2021", "Forward Dividend & Yield": "N/A (N/A)", "Ex-Dividend Date": "Mar 30, 2020", "1y Target Est": "42.50"}}, "fin": {"TTM": {"Duration": "TTM", "Total Revenue": "1,247,398", "Cost of Revenue": "814,868", "Gross Profit": "432,530", "Operating Expense": "624,026", "Operating Income": "-191,496", "Net Non Operating Interest Income Expense": "-75,077", "Other Income Expense": "-1,610,826", "Pretax Income": "-1,877,399", "Tax Provision": "-359,972", "Net Income Common Stockholders": "-1,517,427", "Diluted NI Available to Com Stockholders": "-1,517,427", "Basic EPS": "-", "Diluted EPS": "-", "Basic Average Shares": "-", "Diluted Average Shares": "-", "Total Expenses": "1,438,894", "Net Income from Continuing & Discontinued Operation": "-1,517,427", "Normalized Income": "-212,827", "Interest Expense": "75,077", "Net Interest Income": "-75,077", "EBIT": "-1,802,322", "EBITDA": "-1,221,861", "Reconciled Cost of Revenue": "814,868", "Reconciled Depreciation": "580,461", "Net Income from Continuing Operation Net Minority Interest": "-1,517,427", "Total Unusual Items Excluding Goodwill": "-1,614,084", "Total Unusual Items": "-1,614,084", "Normalized EBITDA": "392,223", "Tax Rate for Calcs": "0", "Tax Effect of Unusual Items": "-309,484"}, "12/31/2020": {"Duration": "12/31/2020", "Total Revenue": "1,247,398", "Cost of Revenue": "814,868", "Gross Profit": "432,530", "Operating Expense": "624,026", "Operating Income": "-191,496", "Net Non Operating Interest Income Expense": "-75,077", "Other Income Expense": "-1,610,826", "Pretax Income": "-1,877,399", "Tax Provision": "-359,972", "Net Income Common Stockholders": "-1,517,427", "Diluted NI Available to Com Stockholders": "-1,517,427", "Basic EPS": "-", "Diluted EPS": "-", "Basic Average Shares": "-", "Diluted Average Shares": "-", "Total Expenses": "1,438,894", "Net Income from Continuing & Discontinued Operation": "-1,517,427", "Normalized Income": "-212,827", "Interest Expense": "75,077", "Net Interest Income": "-75,077", "EBIT": "-1,802,322", "EBITDA": "-", "Reconciled Cost of Revenue": "814,868", "Reconciled Depreciation": "580,461", "Net Income from Continuing Operation Net Minority Interest": "-1,517,427", "Total Unusual Items Excluding Goodwill": "-1,614,084", "Total Unusual Items": "-1,614,084", "Normalized EBITDA": "392,223", "Tax Rate for Calcs": "0", "Tax Effect of Unusual Items": "-309,484"}, "12/31/2019": {"Duration": "12/31/2019", "Total Revenue": "1,911,137", "Cost of Revenue": "1,060,117", "Gross Profit": "851,020", "Operating Expense": "668,400", "Operating Income": "182,620", "Net Non Operating Interest Income Expense": "-81,377", "Other Income Expense": "39,882", "Pretax Income": "141,125", "Tax Provision": "108,326", "Net Income Common Stockholders": "32,799", "Diluted NI Available to Com Stockholders": "32,799", "Basic EPS": "0.21", "Diluted EPS": "0.21", "Basic Average Shares": "154,736", "Diluted Average Shares": "156,095", "Total Expenses": "1,728,517", "Net Income from Continuing & Discontinued Operation": "32,799", "Normalized Income": "8,539", "Interest Expense": "81,377", "Net Interest Income": "-81,377", "EBIT": "222,502", "EBITDA": "-", "Reconciled Cost of Revenue": "1,060,117", "Reconciled Depreciation": "675,177", "Net Income from Continuing Operation Net Minority Interest": "32,799", "Total Unusual Items Excluding Goodwill": "33,007", "Total Unusual Items": "33,007", "Normalized EBITDA": "864,672", "Tax Rate for Calcs": "0", "Tax Effect of Unusual Items": "8,747"}, "12/31/2018": {"Duration": "12/31/2018", "Total Revenue": "1,678,117", "Cost of Revenue": "761,223", "Gross Profit": "916,894", "Operating Expense": "552,795", "Operating Income": "364,099", "Net Non Operating Interest Income Expense": "-72,759", "Other Income Expense": "63,358", "Pretax Income": "354,698", "Tax Provision": "83,048", "Net Income Common Stockholders": "271,650", "Diluted NI Available to Com Stockholders": "271,650", "Basic EPS": "1.93", "Diluted EPS": "1.91", "Basic Average Shares": "140,619", "Diluted Average Shares": "142,335", "Total Expenses": "1,314,018", "Net Income from Continuing & Discontinued Operation": "271,650", "Normalized Income": "223,189", "Interest Expense": "72,759", "Net Interest Income": "-72,759", "EBIT": "427,457", "EBITDA": "-", "Reconciled Cost of Revenue": "761,223", "Reconciled Depreciation": "609,056", "Net Income from Continuing Operation Net Minority Interest": "271,650", "Total Unusual Items Excluding Goodwill": "63,276", "Total Unusual Items": "63,276", "Normalized EBITDA": "973,237", "Tax Rate for Calcs": "0", "Tax Effect of Unusual Items": "14,815"}}, "bs": {"12/31/2020": {"Duration": "12/31/2020", "Total Assets": "4,109,139", "Total Liabilities Net Minority Interest": "3,183,737", "Total Equity Gross Minority Interest": "925,402", "Total Capitalization": "2,859,250", "Common Stock Equity": "925,402", "Capital Lease Obligations": "76,524", "Net Tangible Assets": "925,402", "Working Capital": "-172,135", "Invested Capital": "2,859,250", "Tangible Book Value": "925,402", "Total Debt": "2,010,372", "Net Debt": "1,926,944", "Share Issued": "158,724", "Ordinary Shares Number": "158,724"}, "12/31/2019": {"Duration": "12/31/2019", "Total Assets": "5,866,120", "Total Liabilities Net Minority Interest": "3,412,815", "Total Equity Gross Minority Interest": "2,453,305", "Total Capitalization": "4,377,970", "Common Stock Equity": "2,453,305", "Capital Lease Obligations": "93,072", "Net Tangible Assets": "2,453,305", "Working Capital": "-68,529", "Invested Capital": "4,377,970", "Tangible Book Value": "2,453,305", "Total Debt": "2,017,737", "Net Debt": "1,895,637", "Share Issued": "156,290", "Ordinary Shares Number": "156,290"}, "12/31/2018": {"Duration": "12/31/2018", "Total Assets": "6,270,671", "Total Liabilities Net Minority Interest": "3,453,420", "Total Equity Gross Minority Interest": "2,817,251", "Total Capitalization": "4,613,458", "Common Stock Equity": "2,817,251", "Capital Lease Obligations": "108,189", "Net Tangible Assets": "2,817,251", "Working Capital": "-133,322", "Invested Capital": "4,613,458", "Tangible Book Value": "2,817,251", "Total Debt": "1,904,396", "Net Debt": "1,769,398", "Share Issued": "152,704", "Ordinary Shares Number": "152,704"}}, "cf": {"TTM": {"Duration": "TTM", "Operating Cash Flow": "500,152", "Investing Cash Flow": "-401,434", "Financing Cash Flow": "-120,602", "End Cash Position": "6,904", "Income Tax Paid Supplemental Data": "15,218", "Interest Paid Supplemental Data": "74,125", "Capital Expenditure": "-367,202", "Issuance of Debt": "22,183", "Repayment of Debt": "-25,048", "Free Cash Flow": "132,950"}, "12/31/2020": {"Duration": "12/31/2020", "Operating Cash Flow": "500,152", "Investing Cash Flow": "-401,434", "Financing Cash Flow": "-120,602", "End Cash Position": "6,904", "Income Tax Paid Supplemental Data": "15,218", "Interest Paid Supplemental Data": "74,125", "Capital Expenditure": "-367,202", "Issuance of Debt": "22,183", "Repayment of Debt": "-25,048", "Free Cash Flow": "132,950"}, "12/31/2019": {"Duration": "12/31/2019", "Operating Cash Flow": "823,465", "Investing Cash Flow": "-618,708", "Financing Cash Flow": "-203,008", "End Cash Position": "29,028", "Income Tax Paid Supplemental Data": "84,224", "Interest Paid Supplemental Data": "73,783", "Capital Expenditure": "-523,164", "Issuance of Debt": "214,895", "Repayment of Debt": "-26,354", "Free Cash Flow": "300,301"}, "12/31/2018": {"Duration": "12/31/2018", "Operating Cash Flow": "816,011", "Investing Cash Flow": "-739,031", "Financing Cash Flow": "-97,923", "End Cash Position": "26,809", "Income Tax Paid Supplemental Data": "45,228", "Interest Paid Supplemental Data": "70,049", "Capital Expenditure": "-794,522", "Issuance of Debt": "251,155", "Repayment of Debt": "-18,884", "Free Cash Flow": "21,489"}}}}, {"REI": {"quote": {"05/11/2021": {"value": "2.2500", "Market Cap": "223.159M", "Beta (5Y Monthly)": "2.47", "PE Ratio (TTM)": "N/A", "EPS (TTM)": "-3.4800", "Earnings Date": "May 10, 2021", "Forward Dividend & Yield": "N/A (N/A)", "Ex-Dividend Date": "N/A", "1y Target Est": "3.24"}}, "fin": {"TTM": {"Duration": "TTM", "Total Revenue": "113,025", "Cost of Revenue": "86,404", "Gross Profit": "26,621", "Operating Expense": "17,781", "Operating Income": "8,840", "Net Non Operating Interest Income Expense": "-17,618", "Other Income Expense": "-250,636", "Pretax Income": "-259,413", "Tax Provision": "-6,001", "Net Income Common Stockholders": "-253,412", "Diluted NI Available to Com Stockholders": "-253,412", "Basic EPS": "-", "Diluted EPS": "-", "Basic Average Shares": "-", "Diluted Average Shares": "-", "Total Operating Income as Reported": "-268,661", "Total Expenses": "104,185", "Interest Income": "0.008", "Interest Expense": "17,618", "Net Interest Income": "-17,618", "Net Income from Continuing & Discontinued Operation": "-253,412", "Normalized Income": "-8,574", "EBIT": "-241,795", "EBITDA": "-198,785", "Reconciled Cost of Revenue": "86,404", "Reconciled Depreciation": "43,011", "Net Income from Continuing Operation Net Minority Interest": "-253,412", "Total Unusual Items Excluding Goodwill": "-250,636", "Total Unusual Items": "-250,636", "Normalized EBITDA": "51,851", "Tax Rate for Calcs": "0", "Tax Effect of Unusual Items": "-5,798"}, "12/31/2020": {"Duration": "12/31/2020", "Total Revenue": "113,025", "Cost of Revenue": "86,404", "Gross Profit": "26,621", "Operating Expense": "17,781", "Operating Income": "8,840", "Net Non Operating Interest Income Expense": "-17,618", "Other Income Expense": "-250,636", "Pretax Income": "-259,413", "Tax Provision": "-6,001", "Net Income Common Stockholders": "-253,412", "Diluted NI Available to Com Stockholders": "-253,412", "Basic EPS": "-3.48", "Diluted EPS": "-3.48", "Basic Average Shares": "72,891", "Diluted Average Shares": "72,891", "Total Operating Income as Reported": "-268,661", "Total Expenses": "104,185", "Interest Income": "0.008", "Interest Expense": "17,618", "Net Interest Income": "-17,618", "Net Income from Continuing & Discontinued Operation": "-253,412", "Normalized Income": "-8,574", "EBIT": "-241,795", "EBITDA": "-", "Reconciled Cost of Revenue": "86,404", "Reconciled Depreciation": "43,011", "Net Income from Continuing Operation Net Minority Interest": "-253,412", "Total Unusual Items Excluding Goodwill": "-250,636", "Total Unusual Items": "-250,636", "Normalized EBITDA": "51,851", "Tax Rate for Calcs": "0", "Tax Effect of Unusual Items": "-5,798"}, "12/31/2019": {"Duration": "12/31/2019", "Total Revenue": "195,703", "Cost of Revenue": "114,756", "Gross Profit": "80,947", "Operating Expense": "20,810", "Operating Income": "60,136", "Net Non Operating Interest Income Expense": "-13,852", "Other Income Expense": "-3,000", "Pretax Income": "43,284", "Tax Provision": "13,788", "Net Income Common Stockholders": "29,497", "Diluted NI Available to Com Stockholders": "29,497", "Basic EPS": "0.44", "Diluted EPS": "0.44", "Basic Average Shares": "66,572", "Diluted Average Shares": "66,757", "Total Operating Income as Reported": "60,136", "Total Expenses": "135,567", "Interest Income": "13.511", "Interest Expense": "13,866", "Net Interest Income": "-13,852", "Net Income from Continuing & Discontinued Operation": "29,497", "Normalized Income": "31,541", "EBIT": "57,150", "EBITDA": "-", "Reconciled Cost of Revenue": "114,756", "Reconciled Depreciation": "56,204", "Net Income from Continuing Operation Net Minority Interest": "29,497", "Total Unusual Items Excluding Goodwill": "-3,000", "Total Unusual Items": "-3,000", "Normalized EBITDA": "116,354", "Tax Rate for Calcs": "0", "Tax Effect of Unusual Items": "-955.6381"}, "12/31/2018": {"Duration": "12/31/2018", "Total Revenue": "120,065", "Cost of Revenue": "72,458", "Gross Profit": "47,607", "Operating Expense": "13,474", "Operating Income": "34,133", "Net Non Operating Interest Income Expense": "-330.043", "Other Income Expense": "-21,358", "Pretax Income": "12,445", "Tax Provision": "3,446", "Net Income Common Stockholders": "9,000", "Diluted NI Available to Com Stockholders": "9,000", "Basic EPS": "0.15", "Diluted EPS": "0.15", "Basic Average Shares": "59,531", "Diluted Average Shares": "60,848", "Total Operating Income as Reported": "19,961", "Total Expenses": "85,932", "Interest Income": "97.855", "Interest Expense": "427.898", "Net Interest Income": "-330.043", "Net Income from Continuing & Discontinued Operation": "9,000", "Normalized Income": "24,444", "EBIT": "12,873", "EBITDA": "-", "Reconciled Cost of Revenue": "72,458", "Reconciled Depreciation": "39,025", "Net Income from Continuing Operation Net Minority Interest": "9,000", "Total Unusual Items Excluding Goodwill": "-21,358", "Total Unusual Items": "-21,358", "Normalized EBITDA": "73,256", "Tax Rate for Calcs": "0", "Tax Effect of Unusual Items": "-5,913"}}, "bs": {"12/31/2020": {"Duration": "12/31/2020", "Total Assets": "663,456", "Total Liabilities Net Minority Interest": "368,690", "Total Equity Gross Minority Interest": "294,766", "Total Capitalization": "607,766", "Common Stock Equity": "294,766", "Capital Lease Obligations": "1,917", "Net Tangible Assets": "294,766", "Working Capital": "-16,142", "Invested Capital": "607,766", "Tangible Book Value": "294,766", "Total Debt": "314,917", "Net Debt": "309,421", "Share Issued": "85,568", "Ordinary Shares Number": "85,568"}, "12/31/2019": {"Duration": "12/31/2019", "Total Assets": "973,006", "Total Liabilities Net Minority Interest": "449,496", "Total Equity Gross Minority Interest": "523,510", "Total Capitalization": "890,010", "Common Stock Equity": "523,510", "Capital Lease Obligations": "2,572", "Net Tangible Assets": "523,510", "Working Capital": "-20,384", "Invested Capital": "890,010", "Tangible Book Value": "523,510", "Total Debt": "369,072", "Net Debt": "356,495", "Share Issued": "67,994", "Ordinary Shares Number": "67,994"}, "12/31/2018": {"Duration": "12/31/2018", "Total Assets": "567,066", "Total Liabilities Net Minority Interest": "104,466", "Total Equity Gross Minority Interest": "462,599", "Total Capitalization": "502,099", "Common Stock Equity": "462,599", "Capital Lease Obligations": "-", "Net Tangible Assets": "462,599", "Working Capital": "-35,066", "Invested Capital": "502,099", "Tangible Book Value": "462,599", "Total Debt": "39,500", "Net Debt": "36,136", "Share Issued": "63,230", "Ordinary Shares Number": "63,230"}}, "cf": {"TTM": {"Duration": "TTM", "Operating Cash Flow": "72,159", "Investing Cash Flow": "-43,830", "Financing Cash Flow": "-34,755", "End Cash Position": "3,579", "Interest Paid Supplemental Data": "16,911", "Capital Expenditure": "-43,830", "Issuance of Capital Stock": "19,383", "Issuance of Debt": "26,500", "Repayment of Debt": "-80,283", "Free Cash Flow": "28,329"}, "12/31/2020": {"Duration": "12/31/2020", "Operating Cash Flow": "72,159", "Investing Cash Flow": "-43,830", "Financing Cash Flow": "-34,755", "End Cash Position": "3,579", "Interest Paid Supplemental Data": "16,911", "Capital Expenditure": "-43,830", "Issuance of Capital Stock": "19,383", "Issuance of Debt": "26,500", "Repayment of Debt": "-80,283", "Free Cash Flow": "28,329"}, "12/31/2019": {"Duration": "12/31/2019", "Operating Cash Flow": "106,616", "Investing Cash Flow": "-423,040", "Financing Cash Flow": "323,065", "End Cash Position": "10,005", "Interest Paid Supplemental Data": "10,364", "Capital Expenditure": "-155,526", "Issuance of Capital Stock": "0", "Issuance of Debt": "327,000", "Repayment of Debt": "-153.417", "Free Cash Flow": "-48,910"}, "12/31/2018": {"Duration": "12/31/2018", "Operating Cash Flow": "70,357", "Investing Cash Flow": "-203,421", "Financing Cash Flow": "121,421", "End Cash Position": "3,364", "Interest Paid Supplemental Data": "323.916", "Capital Expenditure": "-203,527", "Issuance of Capital Stock": "81,821", "Issuance of Debt": "39,500", "Repayment of Debt": "0", "Free Cash Flow": "-133,170"}}}}, {"EGYH": {"quote": {"05/11/2021": {"value": "", "Net Assets": "N/A", "Beta (5Y Monthly)": "N/A", "Yield": "N/A", "5y Average Return": "N/A", "Holdings Turnover": "N/A", "Last Dividend": "N/A", "Average for Category": "N/A", "Inception Date": "N/A"}}, "fin": {}, "bs": {}, "cf": {}}}, {"COIL": {"quote": {"05/11/2021": {"value": "0.0300", "Market Cap": "1.469M", "Beta (5Y Monthly)": "0.33", "PE Ratio (TTM)": "N/A", "EPS (TTM)": "-0.0910", "Earnings Date": "N/A", "Forward Dividend & Yield": "N/A (N/A)", "Ex-Dividend Date": "N/A", "1y Target Est": "N/A"}}, "fin": {"TTM": {"Duration": "TTM", "Total Revenue": "417.71", "Cost of Revenue": "782.001", "Gross Profit": "-364.291", "Operating Expense": "1,467", "Operating Income": "-1,832", "Net Non Operating Interest Income Expense": "-534.554", "Other Income Expense": "-", "Pretax Income": "-3,538", "Tax Provision": "0", "Net Income Common Stockholders": "-4,335", "Diluted NI Available to Com Stockholders": "-4,335", "Basic EPS": "-", "Diluted EPS": "-", "Basic Average Shares": "-", "Diluted Average Shares": "-", "Rent Expense Supplemental": "-", "Total Expenses": "2,249", "Net Income from Continuing & Discontinued Operation": "-3,538", "Normalized Income": "-2,366", "Interest Expense": "534.554", "Net Interest Income": "-534.554", "EBIT": "-3,004", "EBITDA": "-2,705", "Reconciled Cost of Revenue": "782.001", "Reconciled Depreciation": "298.32", "Net Income from Continuing Operation Net Minority Interest": "-3,538", "Total Unusual Items Excluding Goodwill": "-1,172", "Total Unusual Items": "-1,172", "Normalized EBITDA": "-1,533", "Tax Rate for Calcs": "0", "Tax Effect of Unusual Items": "0"}, "12/31/2018": {"Duration": "12/31/2018", "Total Revenue": "1,066", "Cost of Revenue": "1,394", "Gross Profit": "-327.661", "Operating Expense": "1,792", "Operating Income": "-2,120", "Net Non Operating Interest Income Expense": "-411.92", "Other Income Expense": "-", "Pretax Income": "-2,532", "Tax Provision": "0", "Net Income Common Stockholders": "-3,323", "Diluted NI Available to Com Stockholders": "-3,323", "Basic EPS": "-0.07", "Diluted EPS": "-0.07", "Basic Average Shares": "44,726", "Diluted Average Shares": "44,726", "Rent Expense Supplemental": "-", "Total Expenses": "3,186", "Net Income from Continuing & Discontinued Operation": "-2,532", "Normalized Income": "-2,532", "Interest Expense": "411.92", "Net Interest Income": "-411.92", "EBIT": "-2,120", "EBITDA": "-", "Reconciled Cost of Revenue": "1,394", "Reconciled Depreciation": "571.302", "Net Income from Continuing Operation Net Minority Interest": "-2,532", "Total Unusual Items Excluding Goodwill": "0", "Total Unusual Items": "0", "Normalized EBITDA": "-1,549", "Tax Rate for Calcs": "0", "Tax Effect of Unusual Items": "0"}}, "bs": {"12/31/2018": {"Duration": "12/31/2018", "Total Assets": "7,415", "Total Liabilities Net Minority Interest": "6,627", "Total Equity Gross Minority Interest": "787.658", "Total Capitalization": "787.658", "Preferred Stock Equity": "7,912", "Common Stock Equity": "-7,125", "Net Tangible Assets": "787.658", "Working Capital": "-6,122", "Invested Capital": "-4,772", "Tangible Book Value": "-7,125", "Total Debt": "2,353", "Net Debt": "2,267", "Share Issued": "45,000", "Ordinary Shares Number": "45,000"}}, "cf": {"TTM": {"Duration": "TTM", "Operating Cash Flow": "-114.528", "Investing Cash Flow": "-377.32", "Financing Cash Flow": "190.208", "End Cash Position": "205.741", "Income Tax Paid Supplemental Data": "0", "Interest Paid Supplemental Data": "-", "Capital Expenditure": "-246.08", "Issuance of Capital Stock": "100", "Issuance of Debt": "219", "Repayment of Debt": "-63.204", "Free Cash Flow": "-360.608"}, "12/31/2018": {"Duration": "12/31/2018", "Operating Cash Flow": "-436.135", "Investing Cash Flow": "-1,609", "Financing Cash Flow": "1,360", "End Cash Position": "286.441", "Income Tax Paid Supplemental Data": "0", "Interest Paid Supplemental Data": "-", "Capital Expenditure": "-1,609", "Issuance of Capital Stock": "25", "Issuance of Debt": "1,521", "Repayment of Debt": "-78.05", "Free Cash Flow": "-2,045"}}}}, {"HENC": {"quote": {"05/11/2021": {"value": "0.0720", "Market Cap": "863,942", "Beta (5Y Monthly)": "-0.33", "PE Ratio (TTM)": "N/A", "EPS (TTM)": "-0.0170", "Earnings Date": "N/A", "Forward Dividend & Yield": "N/A (N/A)", "Ex-Dividend Date": "N/A", "1y Target Est": "N/A"}}, "fin": {}, "bs": {}, "cf": {}}}, {"TEGY": {"quote": {"05/11/2021": {"value": "0.0750", "Market Cap": "4.622M", "Beta (5Y Monthly)": "N/A", "PE Ratio (TTM)": "N/A", "EPS (TTM)": "-0.0300", "Earnings Date": "N/A", "Forward Dividend & Yield": "N/A (N/A)", "Ex-Dividend Date": "N/A", "1y Target Est": "N/A"}}, "fin": {"TTM": {"Duration": "TTM", "Total Revenue": "0", "Operating Expense": "284.056", "Operating Income": "-284.056", "Net Non Operating Interest Income Expense": "-1,571", "Pretax Income": "-1,855", "Tax Provision": "0", "Net Income Common Stockholders": "-1,855", "Diluted NI Available to Com Stockholders": "-1,855", "Basic EPS": "-", "Diluted EPS": "-", "Basic Average Shares": "-", "Diluted Average Shares": "-", "Total Operating Income as Reported": "-", "Rent Expense Supplemental": "0", "Total Expenses": "284.056", "Net Income from Continuing & Discontinued Operation": "-1,855", "Normalized Income": "-1,855", "Interest Income": "0", "Interest Expense": "1,571", "Net Interest Income": "-1,571", "EBIT": "-284.056", "EBITDA": "-283.915", "Reconciled Depreciation": "0.141", "Net Income from Continuing Operation Net Minority Interest": "-1,855", "Total Unusual Items Excluding Goodwill": "0", "Total Unusual Items": "0", "Normalized EBITDA": "-283.915", "Tax Rate for Calcs": "0", "Tax Effect of Unusual Items": "0"}, "12/31/2020": {"Duration": "12/31/2020", "Total Revenue": "0", "Operating Expense": "284.056", "Operating Income": "-284.056", "Net Non Operating Interest Income Expense": "-1,571", "Pretax Income": "-1,855", "Tax Provision": "0", "Net Income Common Stockholders": "-1,855", "Diluted NI Available to Com Stockholders": "-1,855", "Basic EPS": "-", "Diluted EPS": "-", "Basic Average Shares": "-", "Diluted Average Shares": "-", "Total Operating Income as Reported": "-", "Rent Expense Supplemental": "0", "Total Expenses": "284.056", "Net Income from Continuing & Discontinued Operation": "-1,855", "Normalized Income": "-1,855", "Interest Income": "0", "Interest Expense": "1,571", "Net Interest Income": "-1,571", "EBIT": "-284.056", "EBITDA": "-", "Reconciled Depreciation": "0.141", "Net Income from Continuing Operation Net Minority Interest": "-1,855", "Total Unusual Items Excluding Goodwill": "0", "Total Unusual Items": "0", "Normalized EBITDA": "-283.915", "Tax Rate for Calcs": "0", "Tax Effect of Unusual Items": "0"}, "12/31/2019": {"Duration": "12/31/2019", "Total Revenue": "0", "Operating Expense": "690.277", "Operating Income": "-690.277", "Net Non Operating Interest Income Expense": "-1,515", "Pretax Income": "-2,205", "Tax Provision": "0", "Net Income Common Stockholders": "-2,205", "Diluted NI Available to Com Stockholders": "-2,205", "Basic EPS": "-0.04", "Diluted EPS": "-0.04", "Basic Average Shares": "58,965", "Diluted Average Shares": "58,965", "Total Operating Income as Reported": "-", "Rent Expense Supplemental": "0", "Total Expenses": "690.277", "Net Income from Continuing & Discontinued Operation": "-2,205", "Normalized Income": "-2,205", "Interest Income": "0", "Interest Expense": "1,515", "Net Interest Income": "-1,515", "EBIT": "-690.277", "EBITDA": "-", "Reconciled Depreciation": "0.281", "Net Income from Continuing Operation Net Minority Interest": "-2,205", "Total Unusual Items Excluding Goodwill": "0", "Total Unusual Items": "0", "Normalized EBITDA": "-689.996", "Tax Rate for Calcs": "0", "Tax Effect of Unusual Items": "0"}, "12/31/2018": {"Duration": "12/31/2018", "Total Revenue": "0", "Operating Expense": "787.285", "Operating Income": "-787.285", "Net Non Operating Interest Income Expense": "-979.622", "Pretax Income": "-1,767", "Tax Provision": "0", "Net Income Common Stockholders": "-1,767", "Diluted NI Available to Com Stockholders": "-1,767", "Basic EPS": "-0.03", "Diluted EPS": "-0.03", "Basic Average Shares": "56,773", "Diluted Average Shares": "56,773", "Total Operating Income as Reported": "-", "Rent Expense Supplemental": "0", "Total Expenses": "787.285", "Net Income from Continuing & Discontinued Operation": "-1,767", "Normalized Income": "-1,767", "Interest Income": "0", "Interest Expense": "979.622", "Net Interest Income": "-979.622", "EBIT": "-787.285", "EBITDA": "-", "Reconciled Depreciation": "0", "Net Income from Continuing Operation Net Minority Interest": "-1,767", "Total Unusual Items Excluding Goodwill": "0", "Total Unusual Items": "0", "Normalized EBITDA": "-787.285", "Tax Rate for Calcs": "0", "Tax Effect of Unusual Items": "0"}}, "bs": {"12/31/2020": {"Duration": "12/31/2020", "Total Assets": "544.859", "Total Liabilities Net Minority Interest": "10,007", "Total Equity Gross Minority Interest": "-9,462", "Total Capitalization": "-9,462", "Common Stock Equity": "-9,462", "Net Tangible Assets": "-9,593", "Working Capital": "-9,605", "Invested Capital": "-9,074", "Tangible Book Value": "-9,593", "Total Debt": "388.61", "Net Debt": "387.387", "Share Issued": "60,729", "Ordinary Shares Number": "60,729"}, "12/31/2019": {"Duration": "12/31/2019", "Total Assets": "545.411", "Total Liabilities Net Minority Interest": "8,228", "Total Equity Gross Minority Interest": "-7,683", "Total Capitalization": "-7,683", "Common Stock Equity": "-7,683", "Net Tangible Assets": "-7,813", "Working Capital": "-7,825", "Invested Capital": "-7,306", "Tangible Book Value": "-7,813", "Total Debt": "377.13", "Net Debt": "376.496", "Share Issued": "59,333", "Ordinary Shares Number": "59,333"}, "12/31/2018": {"Duration": "12/31/2018", "Total Assets": "537.397", "Total Liabilities Net Minority Interest": "6,052", "Total Equity Gross Minority Interest": "-5,515", "Total Capitalization": "-5,515", "Common Stock Equity": "-5,515", "Net Tangible Assets": "-5,645", "Working Capital": "-5,657", "Invested Capital": "-5,180", "Tangible Book Value": "-5,645", "Total Debt": "334.42", "Net Debt": "334.293", "Share Issued": "58,604", "Ordinary Shares Number": "58,604"}}, "cf": {"TTM": {"Duration": "TTM", "Operating Cash Flow": "-86.539", "Investing Cash Flow": "0", "Financing Cash Flow": "82.128", "End Cash Position": "-3.777", "Income Tax Paid Supplemental Data": "0", "Interest Paid Supplemental Data": "0", "Capital Expenditure": "-", "Issuance of Capital Stock": "75.648", "Issuance of Debt": "26.48", "Repayment of Debt": "-20", "Free Cash Flow": "-86.539"}, "12/31/2020": {"Duration": "12/31/2020", "Operating Cash Flow": "-86.539", "Investing Cash Flow": "0", "Financing Cash Flow": "82.128", "End Cash Position": "-3.777", "Income Tax Paid Supplemental Data": "0", "Interest Paid Supplemental Data": "0", "Capital Expenditure": "-", "Issuance of Capital Stock": "75.648", "Issuance of Debt": "26.48", "Repayment of Debt": "-20", "Free Cash Flow": "-86.539"}, "12/31/2019": {"Duration": "12/31/2019", "Operating Cash Flow": "-78.863", "Investing Cash Flow": "-0.614", "Financing Cash Flow": "79.984", "End Cash Position": "0.634", "Income Tax Paid Supplemental Data": "0", "Interest Paid Supplemental Data": "0", "Capital Expenditure": "-0.614", "Issuance of Capital Stock": "37.274", "Issuance of Debt": "79.985", "Repayment of Debt": "-37.275", "Free Cash Flow": "-79.477"}, "12/31/2018": {"Duration": "12/31/2018", "Operating Cash Flow": "-297.175", "Investing Cash Flow": "0", "Financing Cash Flow": "297.16", "End Cash Position": "0.127", "Income Tax Paid Supplemental Data": "-", "Interest Paid Supplemental Data": "-", "Capital Expenditure": "-", "Issuance of Capital Stock": "234.665", "Issuance of Debt": "91.175", "Repayment of Debt": "-28.68", "Free Cash Flow": "-297.175"}}}}, {"MGUY": {"quote": {"05/11/2021": {"value": "0.0515", "Market Cap": "221,052", "Beta (5Y Monthly)": "1.57", "PE Ratio (TTM)": "N/A", "EPS (TTM)": "-0.0650", "Earnings Date": "N/A", "Forward Dividend & Yield": "N/A (N/A)", "Ex-Dividend Date": "N/A", "1y Target Est": "N/A"}}, "fin": {}, "bs": {}, "cf": {}}}, {"GPRK": {"quote": {"05/11/2021": {"value": "15.06", "Market Cap": "919.142M", "Beta (5Y Monthly)": "N/A", "PE Ratio (TTM)": "N/A", "EPS (TTM)": "-2.52", "Earnings Date": "Aug 03, 2021 - Aug 09, 2021", "Forward Dividend & Yield": "0.08 (0.50%)", "Ex-Dividend Date": "May 14, 2021", "1y Target Est": "20.95"}}, "fin": {"TTM": {"Duration": "TTM", "Total Revenue": "393,692", "Cost of Revenue": "243,145", "Gross Profit": "150,547", "Operating Expense": "82,775", "Operating Income": "67,772", "Net Non Operating Interest Income Expense": "-61,416", "Other Income Expense": "-191,443", "Pretax Income": "-185,087", "Tax Provision": "47,863", "Net Income Common Stockholders": "-232,950", "Diluted NI Available to Com Stockholders": "-232,950", "Basic EPS": "-", "Diluted EPS": "-", "Basic Average Shares": "-", "Diluted Average Shares": "-", "Total Operating Income as Reported": "-110,663", "Rent Expense Supplemental": "8,570", "Total Expenses": "325,920", "Net Income from Continuing & Discontinued Operation": "-232,950", "Normalized Income": "-102,769", "Interest Income": "3,166", "Interest Expense": "54,673", "Net Interest Income": "-61,416", "EBIT": "-130,414", "EBITDA": "-12,341", "Reconciled Cost of Revenue": "243,145", "Reconciled Depreciation": "118,073", "Net Income from Continuing Operation Net Minority Interest": "-232,950", "Total Unusual Items Excluding Goodwill": "-191,443", "Total Unusual Items": "-191,443", "Normalized EBITDA": "179,102", "Tax Rate for Calcs": "0", "Tax Effect of Unusual Items": "-61,262"}, "12/31/2020": {"Duration": "12/31/2020", "Total Revenue": "393,692", "Cost of Revenue": "243,145", "Gross Profit": "150,547", "Operating Expense": "82,775", "Operating Income": "67,772", "Net Non Operating Interest Income Expense": "-61,416", "Other Income Expense": "-191,443", "Pretax Income": "-185,087", "Tax Provision": "47,863", "Net Income Common Stockholders": "-232,950", "Diluted NI Available to Com Stockholders": "-232,950", "Basic EPS": "-3.84", "Diluted EPS": "-3.84", "Basic Average Shares": "60,668", "Diluted Average Shares": "60,668", "Total Operating Income as Reported": "-110,663", "Rent Expense Supplemental": "8,570", "Total Expenses": "325,920", "Net Income from Continuing & Discontinued Operation": "-232,950", "Normalized Income": "-102,769", "Interest Income": "3,166", "Interest Expense": "54,673", "Net Interest Income": "-61,416", "EBIT": "-130,414", "EBITDA": "-", "Reconciled Cost of Revenue": "243,145", "Reconciled Depreciation": "118,073", "Net Income from Continuing Operation Net Minority Interest": "-232,950", "Total Unusual Items Excluding Goodwill": "-191,443", "Total Unusual Items": "-191,443", "Normalized EBITDA": "179,102", "Tax Rate for Calcs": "0", "Tax Effect of Unusual Items": "-61,262"}, "12/31/2019": {"Duration": "12/31/2019", "Total Revenue": "628,907", "Cost of Revenue": "274,496", "Gross Profit": "354,411", "Operating Expense": "95,364", "Operating Income": "259,047", "Net Non Operating Interest Income Expense": "-38,710", "Other Income Expense": "-50,818", "Pretax Income": "169,519", "Tax Provision": "111,762", "Net Income Common Stockholders": "57,757", "Diluted NI Available to Com Stockholders": "57,757", "Basic EPS": "0.97", "Diluted EPS": "0.97", "Basic Average Shares": "59,404", "Diluted Average Shares": "59,404", "Total Operating Income as Reported": "210,675", "Rent Expense Supplemental": "10,476", "Total Expenses": "369,860", "Net Income from Continuing & Discontinued Operation": "57,757", "Normalized Income": "91,805", "Interest Income": "2,360", "Interest Expense": "34,170", "Net Interest Income": "-38,710", "EBIT": "203,689", "EBITDA": "-", "Reconciled Cost of Revenue": "274,496", "Reconciled Depreciation": "105,532", "Net Income from Continuing Operation Net Minority Interest": "57,757", "Total Unusual Items Excluding Goodwill": "-50,818", "Total Unusual Items": "-50,818", "Normalized EBITDA": "360,039", "Tax Rate for Calcs": "0", "Tax Effect of Unusual Items": "-16,770"}, "12/31/2018": {"Duration": "12/31/2018", "Total Revenue": "601,161", "Cost of Revenue": "266,500", "Gross Profit": "334,661", "Operating Expense": "72,935", "Operating Income": "261,726", "Net Non Operating Interest Income Expense": "-36,262", "Other Income Expense": "-16,557", "Pretax Income": "208,907", "Tax Provision": "106,240", "Net Income Common Stockholders": "72,415", "Diluted NI Available to Com Stockholders": "72,415", "Basic EPS": "1.19", "Diluted EPS": "1.19", "Basic Average Shares": "61,084", "Diluted Average Shares": "61,084", "Total Operating Income as Reported": "256,492", "Rent Expense Supplemental": "9,317", "Total Expenses": "339,435", "Net Income from Continuing & Discontinued Operation": "72,415", "Normalized Income": "83,508", "Interest Income": "3,059", "Interest Expense": "33,808", "Net Interest Income": "-36,262", "EBIT": "242,715", "EBITDA": "-", "Reconciled Cost of Revenue": "266,500", "Reconciled Depreciation": "92,240", "Net Income from Continuing Operation Net Minority Interest": "72,415", "Total Unusual Items Excluding Goodwill": "-16,557", "Total Unusual Items": "-16,557", "Normalized EBITDA": "351,512", "Tax Rate for Calcs": "0", "Tax Effect of Unusual Items": "-5,464"}}, "bs": {"12/31/2020": {"Duration": "12/31/2020", "Total Assets": "960,266", "Total Liabilities Net Minority Interest": "1,069,456", "Total Equity Gross Minority Interest": "-109,190", "Total Capitalization": "657,707", "Common Stock Equity": "-109,190", "Capital Lease Obligations": "22,347", "Net Tangible Assets": "-109,190", "Working Capital": "94,951", "Invested Capital": "675,396", "Tangible Book Value": "-109,190", "Total Debt": "806,933", "Net Debt": "582,679", "Share Issued": "61,000", "Ordinary Shares Number": "61,000"}, "12/31/2019": {"Duration": "12/31/2019", "Total Assets": "852,132", "Total Liabilities Net Minority Interest": "719,247", "Total Equity Gross Minority Interest": "132,885", "Total Capitalization": "553,023", "Common Stock Equity": "132,885", "Capital Lease Obligations": "13,243", "Net Tangible Assets": "132,885", "Working Capital": "11,011", "Invested Capital": "570,304", "Tangible Book Value": "132,885", "Total Debt": "450,662", "Net Debt": "326,239", "Share Issued": "59,404", "Ordinary Shares Number": "59,404"}, "12/31/2018": {"Duration": "12/31/2018", "Total Assets": "862,660", "Total Liabilities Net Minority Interest": "719,639", "Total Equity Gross Minority Interest": "143,021", "Total Capitalization": "572,048", "Common Stock Equity": "143,021", "Capital Lease Obligations": "-", "Net Tangible Assets": "143,021", "Working Capital": "41,188", "Invested Capital": "590,023", "Tangible Book Value": "143,021", "Total Debt": "447,002", "Net Debt": "319,275", "Share Issued": "60,725", "Ordinary Shares Number": "60,725"}}, "cf": {"TTM": {"Duration": "TTM", "Operating Cash Flow": "168,699", "Investing Cash Flow": "-347,633", "Financing Cash Flow": "271,145", "End Cash Position": "201,907", "Capital Expenditure": "-75,298", "Issuance of Debt": "350,000", "Repayment of Debt": "-12,955", "Repurchase of Capital Stock": "-4,009", "Free Cash Flow": "93,401"}, "12/31/2020": {"Duration": "12/31/2020", "Operating Cash Flow": "168,699", "Investing Cash Flow": "-347,633", "Financing Cash Flow": "271,145", "End Cash Position": "201,907", "Capital Expenditure": "-75,298", "Issuance of Debt": "350,000", "Repayment of Debt": "-12,955", "Repurchase of Capital Stock": "-4,009", "Free Cash Flow": "93,401"}, "12/31/2019": {"Duration": "12/31/2019", "Operating Cash Flow": "235,429", "Investing Cash Flow": "-119,250", "Financing Cash Flow": "-132,460", "End Cash Position": "111,180", "Capital Expenditure": "-126,316", "Issuance of Debt": "0", "Repayment of Debt": "-14,645", "Repurchase of Capital Stock": "-71,272", "Free Cash Flow": "109,113"}, "12/31/2018": {"Duration": "12/31/2018", "Operating Cash Flow": "256,206", "Investing Cash Flow": "-164,594", "Financing Cash Flow": "-97,641", "End Cash Position": "127,727", "Capital Expenditure": "-124,744", "Issuance of Debt": "36,017", "Repayment of Debt": "-15,073", "Repurchase of Capital Stock": "-1,801", "Free Cash Flow": "131,462"}}}}, {"SSN": {"quote": {"05/11/2021": {"value": "", "Net Assets": "N/A", "Beta (5Y Monthly)": "N/A", "Yield": "N/A", "5y Average Return": "N/A", "Holdings Turnover": "N/A", "Last Dividend": "N/A", "Average for Category": "N/A", "Inception Date": "N/A"}}, "fin": {}, "bs": {}, "cf": {}}}, {"GMET": {"quote": {"05/11/2021": {"value": "", "Net Assets": "N/A", "Beta (5Y Monthly)": "N/A", "Yield": "N/A", "5y Average Return": "N/A", "Holdings Turnover": "N/A", "Last Dividend": "N/A", "Average for Category": "N/A", "Inception Date": "N/A"}}, "fin": {}, "bs": {}, "cf": {}}}, {"HP": {"quote": {"05/11/2021": {"value": "28.83", "Market Cap": "3.111B", "Beta (5Y Monthly)": "2.24", "PE Ratio (TTM)": "N/A", "EPS (TTM)": "-2.76", "Earnings Date": "Jul 26, 2021 - Jul 30, 2021", "Forward Dividend & Yield": "1.00 (3.31%)", "Ex-Dividend Date": "May 14, 2021", "1y Target Est": "25.91"}}, "fin": {"TTM": {"Duration": "TTM", "Total Revenue": "1,405,647", "Cost of Revenue": "1,448,480", "Gross Profit": "-42,833", "Operating Expense": "177,358", "Operating Income": "-220,191", "Net Non Operating Interest Income Expense": "-17,544", "Other Income Expense": "-539,669", "Pretax Income": "-777,404", "Tax Provision": "-172,359", "Net Income Common Stockholders": "-597,550", "Average Dilution Earnings": "0", "Diluted NI Available to Com Stockholders": "-597,550", "Basic EPS": "-", "Diluted EPS": "-", "Basic Average Shares": "-", "Diluted Average Shares": "-", "Total Operating Income as Reported": "-", "Total Expenses": "1,625,838", "Net Income from Continuing & Discontinued Operation": "-595,533", "Normalized Income": "-190,058", "Interest Income": "6,969", "Interest Expense": "24,513", "Net Interest Income": "-17,544", "EBIT": "-752,891", "EBITDA": "-294,276", "Reconciled Cost of Revenue": "1,448,480", "Reconciled Depreciation": "458,615", "Net Income from Continuing Operation Net Minority Interest": "-605,045", "Total Unusual Items Excluding Goodwill": "-533,204", "Total Unusual Items": "-533,204", "Normalized EBITDA": "238,928", "Tax Rate for Calcs": "0", "Tax Effect of Unusual Items": "-118,217"}, "9/30/2020": {"Duration": "9/30/2020", "Total Revenue": "1,773,927", "Cost of Revenue": "1,672,450", "Gross Profit": "101,477", "Operating Expense": "189,158", "Operating Income": "-87,681", "Net Non Operating Interest Income Expense": "-17,170", "Other Income Expense": "-531,647", "Pretax Income": "-636,498", "Tax Provision": "-140,106", "Net Income Common Stockholders": "-497,144", "Average Dilution Earnings": "0", "Diluted NI Available to Com Stockholders": "-497,144", "Basic EPS": "-4.60", "Diluted EPS": "-4.60", "Basic Average Shares": "108,009", "Diluted Average Shares": "108,009", "Total Operating Income as Reported": "-620,187", "Total Expenses": "1,861,608", "Net Income from Continuing & Discontinued Operation": "-494,497", "Normalized Income": "-85,907", "Interest Income": "7,304", "Interest Expense": "24,474", "Net Interest Income": "-17,170", "EBIT": "-612,024", "EBITDA": "-", "Reconciled Cost of Revenue": "1,672,450", "Reconciled Depreciation": "481,885", "Net Income from Continuing Operation Net Minority Interest": "-496,392", "Total Unusual Items Excluding Goodwill": "-526,263", "Total Unusual Items": "-526,263", "Normalized EBITDA": "396,124", "Tax Rate for Calcs": "0", "Tax Effect of Unusual Items": "-115,778"}, "9/30/2019": {"Duration": "9/30/2019", "Total Revenue": "2,798,490", "Cost of Revenue": "2,371,389", "Gross Profit": "427,101", "Operating Expense": "221,883", "Operating Income": "205,218", "Net Non Operating Interest Income Expense": "-15,720", "Other Income Expense": "-240,720", "Pretax Income": "-51,222", "Tax Provision": "-18,712", "Net Income Common Stockholders": "-36,758", "Average Dilution Earnings": "0", "Diluted NI Available to Com Stockholders": "-36,758", "Basic EPS": "-0.34", "Diluted EPS": "-0.34", "Basic Average Shares": "109,216", "Diluted Average Shares": "109,216", "Total Operating Income as Reported": "20,582", "Total Expenses": "2,593,272", "Net Income from Continuing & Discontinued Operation": "-33,656", "Normalized Income": "119,334", "Interest Income": "9,468", "Interest Expense": "25,188", "Net Interest Income": "-15,720", "EBIT": "-26,034", "EBITDA": "-", "Reconciled Cost of Revenue": "2,371,389", "Reconciled Depreciation": "562,803", "Net Income from Continuing Operation Net Minority Interest": "-32,510", "Total Unusual Items Excluding Goodwill": "-239,124", "Total Unusual Items": "-239,124", "Normalized EBITDA": "775,893", "Tax Rate for Calcs": "0", "Tax Effect of Unusual Items": "-87,280"}, "9/30/2018": {"Duration": "9/30/2018", "Total Revenue": "2,487,268", "Cost of Revenue": "2,236,412", "Gross Profit": "250,856", "Operating Expense": "218,786", "Operating Income": "32,070", "Net Non Operating Interest Income Expense": "-16,248", "Other Income Expense": "19", "Pretax Income": "15,841", "Tax Provision": "-477,169", "Net Income Common Stockholders": "478,326", "Average Dilution Earnings": "7", "Diluted NI Available to Com Stockholders": "478,333", "Basic EPS": "4.39", "Diluted EPS": "4.37", "Basic Average Shares": "108,851", "Diluted Average Shares": "109,387", "Total Operating Income as Reported": "31,602", "Total Expenses": "2,455,198", "Net Income from Continuing & Discontinued Operation": "482,672", "Normalized Income": "493,351", "Interest Income": "8,017", "Interest Expense": "24,265", "Net Interest Income": "-16,248", "EBIT": "40,106", "EBITDA": "-", "Reconciled Cost of Revenue": "2,236,412", "Reconciled Depreciation": "583,802", "Net Income from Continuing Operation Net Minority Interest": "493,010", "Total Unusual Items Excluding Goodwill": "-467", "Total Unusual Items": "-467", "Normalized EBITDA": "624,375", "Tax Rate for Calcs": "0", "Tax Effect of Unusual Items": "-126.09"}}, "bs": {"9/30/2020": {"Duration": "9/30/2020", "Total Assets": "4,829,621", "Total Liabilities Net Minority Interest": "1,511,107", "Total Equity Gross Minority Interest": "3,318,514", "Total Capitalization": "3,799,241", "Common Stock Equity": "3,318,514", "Capital Lease Obligations": "45,250", "Net Tangible Assets": "3,191,834", "Working Capital": "744,191", "Invested Capital": "3,799,241", "Tangible Book Value": "3,191,834", "Total Debt": "525,977", "Net Debt": "-", "Share Issued": "112,152", "Ordinary Shares Number": "107,488", "Treasury Shares Number": "4,663"}, "9/30/2019": {"Duration": "9/30/2019", "Total Assets": "5,839,515", "Total Liabilities Net Minority Interest": "1,827,292", "Total Equity Gross Minority Interest": "4,012,223", "Total Capitalization": "4,491,579", "Common Stock Equity": "4,012,223", "Capital Lease Obligations": "-", "Net Tangible Assets": "3,842,721", "Working Capital": "704,848", "Invested Capital": "4,491,579", "Tangible Book Value": "3,842,721", "Total Debt": "479,356", "Net Debt": "131,413", "Share Issued": "112,080", "Ordinary Shares Number": "108,438", "Treasury Shares Number": "3,642"}, "9/30/2018": {"Duration": "9/30/2018", "Total Assets": "6,214,867", "Total Liabilities Net Minority Interest": "1,832,132", "Total Equity Gross Minority Interest": "4,382,735", "Total Capitalization": "4,876,703", "Common Stock Equity": "4,382,735", "Capital Lease Obligations": "-", "Net Tangible Assets": "4,244,751", "Working Capital": "738,382", "Invested Capital": "4,876,703", "Tangible Book Value": "4,244,751", "Total Debt": "493,968", "Net Debt": "209,613", "Share Issued": "112,009", "Ordinary Shares Number": "108,994", "Treasury Shares Number": "3,015"}}, "cf": {"TTM": {"Duration": "TTM", "Operating Cash Flow": "407,496", "Investing Cash Flow": "-130,053", "Financing Cash Flow": "-249,105", "End Cash Position": "422,653", "Income Tax Paid Supplemental Data": "1,124", "Interest Paid Supplemental Data": "31", "Capital Expenditure": "-108,759", "Issuance of Debt": "-", "Repayment of Debt": "-", "Repurchase of Capital Stock": "-", "Free Cash Flow": "298,737"}, "9/30/2020": {"Duration": "9/30/2020", "Operating Cash Flow": "538,881", "Investing Cash Flow": "-87,885", "Financing Cash Flow": "-297,220", "End Cash Position": "536,747", "Income Tax Paid Supplemental Data": "0", "Interest Paid Supplemental Data": "0", "Capital Expenditure": "-140,795", "Issuance of Debt": "-", "Repayment of Debt": "-", "Repurchase of Capital Stock": "-28,505", "Free Cash Flow": "398,086"}, "9/30/2019": {"Duration": "9/30/2019", "Operating Cash Flow": "855,751", "Investing Cash Flow": "-422,636", "Financing Cash Flow": "-376,329", "End Cash Position": "382,971", "Income Tax Paid Supplemental Data": "16,218", "Interest Paid Supplemental Data": "26,739", "Capital Expenditure": "-458,402", "Issuance of Debt": "-", "Repayment of Debt": "-", "Repurchase of Capital Stock": "-42,779", "Free Cash Flow": "397,349"}, "9/30/2018": {"Duration": "9/30/2018", "Operating Cash Flow": "544,531", "Investing Cash Flow": "-472,362", "Financing Cash Flow": "-309,189", "End Cash Position": "284,355", "Income Tax Paid Supplemental Data": "-", "Interest Paid Supplemental Data": "20,502", "Capital Expenditure": "-466,584", "Issuance of Debt": "-", "Repayment of Debt": "0", "Repurchase of Capital Stock": "-", "Free Cash Flow": "77,947"}}}}, {"HGT": {"quote": {"05/11/2021": {"value": "", "Net Assets": "N/A", "Beta (5Y Monthly)": "N/A", "Yield": "N/A", "5y Average Return": "N/A", "Holdings Turnover": "N/A", "Last Dividend": "N/A", "Average for Category": "N/A", "Inception Date": "N/A"}}, "fin": {}, "bs": {}, "cf": {}}}, {"TXHG": {"quote": {"05/11/2021": {"value": "0.0113", "Market Cap": "540,596", "Beta (5Y Monthly)": "-0.76", "PE Ratio (TTM)": "", "EPS (TTM)": "0.0000", "Earnings Date": "Feb 03, 2021", "Forward Dividend & Yield": "N/A (N/A)", "Ex-Dividend Date": "N/A", "1y Target Est": "N/A"}}, "fin": {"TTM": {"Duration": "TTM", "Total Revenue": "2,336", "Cost of Revenue": "1,884", "Gross Profit": "451.855", "Operating Expense": "503.283", "Operating Income": "-51.428", "Net Non Operating Interest Income Expense": "-21.14", "Other Income Expense": "76.696", "Pretax Income": "4.128", "Net Income Common Stockholders": "4.128", "Diluted NI Available to Com Stockholders": "4.128", "Basic EPS": "-", "Diluted EPS": "-", "Basic Average Shares": "-", "Diluted Average Shares": "-", "Total Operating Income as Reported": "-53.938", "Total Expenses": "2,387", "Interest Expense": "21.14", "Net Interest Income": "-21.14", "Net Income from Continuing & Discontinued Operation": "4.128", "Normalized Income": "5.9603", "EBIT": "25.268", "EBITDA": "33.982", "Reconciled Cost of Revenue": "1,884", "Reconciled Depreciation": "8.714", "Net Income from Continuing Operation Net Minority Interest": "4.128", "Total Unusual Items Excluding Goodwill": "-2.51", "Total Unusual Items": "-2.51", "Normalized EBITDA": "36.492", "Tax Rate for Calcs": "0", "Tax Effect of Unusual Items": "-0.6777"}, "9/30/2020": {"Duration": "9/30/2020", "Total Revenue": "2,336", "Cost of Revenue": "1,884", "Gross Profit": "451.855", "Operating Expense": "503.283", "Operating Income": "-51.428", "Net Non Operating Interest Income Expense": "-21.14", "Other Income Expense": "76.696", "Pretax Income": "4.128", "Net Income Common Stockholders": "4.128", "Diluted NI Available to Com Stockholders": "4.128", "Basic EPS": "-", "Diluted EPS": "-", "Basic Average Shares": "-", "Diluted Average Shares": "48,053", "Total Operating Income as Reported": "-53.938", "Total Expenses": "2,387", "Interest Expense": "21.14", "Net Interest Income": "-21.14", "Net Income from Continuing & Discontinued Operation": "4.128", "Normalized Income": "5.9603", "EBIT": "25.268", "EBITDA": "-", "Reconciled Cost of Revenue": "1,884", "Reconciled Depreciation": "8.714", "Net Income from Continuing Operation Net Minority Interest": "4.128", "Total Unusual Items Excluding Goodwill": "-2.51", "Total Unusual Items": "-2.51", "Normalized EBITDA": "36.492", "Tax Rate for Calcs": "0", "Tax Effect of Unusual Items": "-0.6777"}, "9/30/2019": {"Duration": "9/30/2019", "Total Revenue": "3,935", "Cost of Revenue": "3,314", "Gross Profit": "621.08", "Operating Expense": "537.686", "Operating Income": "83.394", "Net Non Operating Interest Income Expense": "-131.372", "Other Income Expense": "90.422", "Pretax Income": "42.444", "Net Income Common Stockholders": "42.444", "Diluted NI Available to Com Stockholders": "42.444", "Basic EPS": "0.00", "Diluted EPS": "0.00", "Basic Average Shares": "48,053", "Diluted Average Shares": "48,053", "Total Operating Income as Reported": "68.773", "Total Expenses": "3,851", "Interest Expense": "131.372", "Net Interest Income": "-131.372", "Net Income from Continuing & Discontinued Operation": "42.444", "Normalized Income": "58.2273", "EBIT": "173.816", "EBITDA": "-", "Reconciled Cost of Revenue": "3,314", "Reconciled Depreciation": "7.168", "Net Income from Continuing Operation Net Minority Interest": "42.444", "Total Unusual Items Excluding Goodwill": "-21.621", "Total Unusual Items": "-21.621", "Normalized EBITDA": "202.605", "Tax Rate for Calcs": "0", "Tax Effect of Unusual Items": "-5.8377"}, "9/30/2018": {"Duration": "9/30/2018", "Total Revenue": "3,840", "Cost of Revenue": "3,185", "Gross Profit": "655.195", "Operating Expense": "559.791", "Operating Income": "95.404", "Net Non Operating Interest Income Expense": "-129.056", "Other Income Expense": "-21.548", "Pretax Income": "-55.2", "Net Income Common Stockholders": "-55.2", "Diluted NI Available to Com Stockholders": "-55.2", "Basic EPS": "-0.00", "Diluted EPS": "-0.00", "Basic Average Shares": "48,053", "Diluted Average Shares": "48,053", "Total Operating Income as Reported": "57.732", "Total Expenses": "3,745", "Interest Expense": "129.056", "Net Interest Income": "-129.056", "Net Income from Continuing & Discontinued Operation": "-55.2", "Normalized Income": "-17.528", "EBIT": "73.856", "EBITDA": "-", "Reconciled Cost of Revenue": "3,185", "Reconciled Depreciation": "7.168", "Net Income from Continuing Operation Net Minority Interest": "-55.2", "Total Unusual Items Excluding Goodwill": "-37.672", "Total Unusual Items": "-37.672", "Normalized EBITDA": "118.696", "Tax Rate for Calcs": "0", "Tax Effect of Unusual Items": "0"}}, "bs": {"9/30/2020": {"Duration": "9/30/2020", "Total Assets": "2,207", "Total Liabilities Net Minority Interest": "4,156", "Total Equity Gross Minority Interest": "-1,949", "Total Capitalization": "50.575", "Common Stock Equity": "-1,949", "Net Tangible Assets": "-1,949", "Working Capital": "22.5", "Invested Capital": "50.575", "Tangible Book Value": "-1,949", "Total Debt": "2,430", "Net Debt": "1,976", "Share Issued": "48,053", "Ordinary Shares Number": "48,053"}, "9/30/2019": {"Duration": "9/30/2019", "Total Assets": "2,141", "Total Liabilities Net Minority Interest": "4,095", "Total Equity Gross Minority Interest": "-1,954", "Total Capitalization": "471.806", "Common Stock Equity": "-1,954", "Net Tangible Assets": "-1,954", "Working Capital": "106.662", "Invested Capital": "471.806", "Tangible Book Value": "-1,954", "Total Debt": "2,494", "Net Debt": "2,408", "Share Issued": "48,053", "Ordinary Shares Number": "48,053"}, "9/30/2018": {"Duration": "9/30/2018", "Total Assets": "2,136", "Total Liabilities Net Minority Interest": "4,132", "Total Equity Gross Minority Interest": "-1,996", "Total Capitalization": "493.634", "Common Stock Equity": "-1,996", "Net Tangible Assets": "-1,996", "Working Capital": "453.822", "Invested Capital": "493.634", "Tangible Book Value": "-1,996", "Total Debt": "2,549", "Net Debt": "2,453", "Share Issued": "48,053", "Ordinary Shares Number": "48,053"}}, "cf": {"TTM": {"Duration": "TTM", "Operating Cash Flow": "-113.667", "Investing Cash Flow": "-21.645", "Financing Cash Flow": "142.296", "End Cash Position": "24.082", "Income Tax Paid Supplemental Data": "-", "Interest Paid Supplemental Data": "19.273", "Capital Expenditure": "-21.645", "Repayment of Debt": "-64.504", "Free Cash Flow": "-135.312"}, "9/30/2020": {"Duration": "9/30/2020", "Operating Cash Flow": "-113.667", "Investing Cash Flow": "-21.645", "Financing Cash Flow": "142.296", "End Cash Position": "24.082", "Income Tax Paid Supplemental Data": "-", "Interest Paid Supplemental Data": "19.273", "Capital Expenditure": "-21.645", "Repayment of Debt": "-64.504", "Free Cash Flow": "-135.312"}, "9/30/2019": {"Duration": "9/30/2019", "Operating Cash Flow": "-64.331", "Investing Cash Flow": "10.5", "Financing Cash Flow": "34.32", "End Cash Position": "17.098", "Income Tax Paid Supplemental Data": "0", "Interest Paid Supplemental Data": "28.928", "Capital Expenditure": "-", "Repayment of Debt": "-54.68", "Free Cash Flow": "-64.331"}, "9/30/2018": {"Duration": "9/30/2018", "Operating Cash Flow": "-5.281", "Investing Cash Flow": "0", "Financing Cash Flow": "1.545", "End Cash Position": "36.609", "Income Tax Paid Supplemental Data": "-", "Interest Paid Supplemental Data": "27.262", "Capital Expenditure": "-", "Repayment of Debt": "-56.955", "Free Cash Flow": "-5.281"}}}}, {"NBR": {"quote": {"05/11/2021": {"value": "95.86", "Market Cap": "710.566M", "Beta (5Y Monthly)": "3.63", "PE Ratio (TTM)": "N/A", "EPS (TTM)": "-82.15", "Earnings Date": "Jul 26, 2021 - Jul 30, 2021", "Forward Dividend & Yield": "N/A (N/A)", "Ex-Dividend Date": "Mar 11, 2020", "1y Target Est": "80.40"}}, "fin": {"TTM": {"Duration": "TTM", "Total Revenue": "2,134,043", "Cost of Revenue": "2,186,771", "Gross Profit": "-52,728", "Operating Expense": "237,079", "Operating Income": "-289,807", "Net Non Operating Interest Income Expense": "-201,569", "Other Income Expense": "-214,191", "Pretax Income": "-705,567", "Tax Provision": "57,286", "Net Income Common Stockholders": "-820,252", "Diluted NI Available to Com Stockholders": "-820,252", "Basic EPS": "-", "Diluted EPS": "-", "Basic Average Shares": "-", "Diluted Average Shares": "-", "Total Expenses": "2,423,850", "Net Income from Continuing & Discontinued Operation": "-805,641", "Normalized Income": "-649,164", "Interest Income": "4,705", "Interest Expense": "206,274", "Net Interest Income": "-201,569", "EBIT": "-499,293", "EBITDA": "354,404", "Reconciled Cost of Revenue": "2,186,771", "Reconciled Depreciation": "853,697", "Net Income from Continuing Operation Net Minority Interest": "-805,648", "Total Unusual Items Excluding Goodwill": "-214,361", "Total Unusual Items": "-214,361", "Normalized EBITDA": "568,765", "Tax Rate for Calcs": "0", "Tax Effect of Unusual Items": "-57,877"}, "12/31/2020": {"Duration": "12/31/2020", "Total Revenue": "2,134,043", "Cost of Revenue": "2,186,771", "Gross Profit": "-52,728", "Operating Expense": "237,079", "Operating Income": "-289,807", "Net Non Operating Interest Income Expense": "-201,569", "Other Income Expense": "-214,191", "Pretax Income": "-705,567", "Tax Provision": "57,286", "Net Income Common Stockholders": "-820,252", "Diluted NI Available to Com Stockholders": "-820,252", "Basic EPS": "-", "Diluted EPS": "-", "Basic Average Shares": "-", "Diluted Average Shares": "-", "Total Expenses": "2,423,850", "Net Income from Continuing & Discontinued Operation": "-805,641", "Normalized Income": "-649,164", "Interest Income": "4,705", "Interest Expense": "206,274", "Net Interest Income": "-201,569", "EBIT": "-499,293", "EBITDA": "-", "Reconciled Cost of Revenue": "2,186,771", "Reconciled Depreciation": "853,697", "Net Income from Continuing Operation Net Minority Interest": "-805,648", "Total Unusual Items Excluding Goodwill": "-214,361", "Total Unusual Items": "-214,361", "Normalized EBITDA": "568,765", "Tax Rate for Calcs": "0", "Tax Effect of Unusual Items": "-57,877"}, "12/31/2019": {"Duration": "12/31/2019", "Total Revenue": "3,043,383", "Cost of Revenue": "2,805,422", "Gross Profit": "237,961", "Operating Expense": "385,515", "Operating Income": "-147,554", "Net Non Operating Interest Income Expense": "-195,887", "Other Income Expense": "-245,481", "Pretax Income": "-588,922", "Tax Provision": "91,576", "Net Income Common Stockholders": "-720,129", "Diluted NI Available to Com Stockholders": "-720,129", "Basic EPS": "-105.50", "Diluted EPS": "-105.50", "Basic Average Shares": "7,032", "Diluted Average Shares": "7,032", "Total Expenses": "3,190,937", "Net Income from Continuing & Discontinued Operation": "-702,885", "Normalized Income": "-523,623", "Interest Income": "8,424", "Interest Expense": "204,311", "Net Interest Income": "-195,887", "EBIT": "-384,611", "EBITDA": "-", "Reconciled Cost of Revenue": "2,805,422", "Reconciled Depreciation": "876,103", "Net Income from Continuing Operation Net Minority Interest": "-702,873", "Total Unusual Items Excluding Goodwill": "-245,548", "Total Unusual Items": "-245,548", "Normalized EBITDA": "737,040", "Tax Rate for Calcs": "0", "Tax Effect of Unusual Items": "-66,298"}, "12/31/2018": {"Duration": "12/31/2018", "Total Revenue": "3,057,619", "Cost of Revenue": "2,843,844", "Gross Profit": "213,775", "Operating Expense": "336,586", "Operating Income": "-122,811", "Net Non Operating Interest Income Expense": "-222,167", "Other Income Expense": "-173,816", "Pretax Income": "-518,794", "Tax Provision": "79,269", "Net Income Common Stockholders": "-666,170", "Diluted NI Available to Com Stockholders": "-666,170", "Basic EPS": "-99.50", "Diluted EPS": "-99.50", "Basic Average Shares": "6,688", "Diluted Average Shares": "6,688", "Total Expenses": "3,180,430", "Net Income from Continuing & Discontinued Operation": "-640,948", "Normalized Income": "-502,062", "Interest Income": "4,957", "Interest Expense": "227,124", "Net Interest Income": "-222,167", "EBIT": "-291,670", "EBITDA": "-", "Reconciled Cost of Revenue": "2,843,844", "Reconciled Depreciation": "868,509", "Net Income from Continuing Operation Net Minority Interest": "-626,285", "Total Unusual Items Excluding Goodwill": "-170,169", "Total Unusual Items": "-170,169", "Normalized EBITDA": "747,008", "Tax Rate for Calcs": "0", "Tax Effect of Unusual Items": "-45,946"}}, "bs": {"12/31/2020": {"Duration": "12/31/2020", "Total Assets": "5,503,428", "Total Liabilities Net Minority Interest": "4,246,620", "Total Equity Gross Minority Interest": "1,256,808", "Total Capitalization": "4,120,085", "Preferred Stock Equity": "5", "Common Stock Equity": "1,151,379", "Capital Lease Obligations": "8,305", "Net Tangible Assets": "1,151,384", "Working Capital": "615,996", "Invested Capital": "4,120,080", "Tangible Book Value": "1,151,379", "Total Debt": "2,977,006", "Net Debt": "2,496,455", "Share Issued": "8,383", "Ordinary Shares Number": "7,293", "Preferred Shares Number": "4,870", "Treasury Shares Number": "1,090"}, "12/31/2019": {"Duration": "12/31/2019", "Total Assets": "6,760,658", "Total Liabilities Net Minority Interest": "4,710,493", "Total Equity Gross Minority Interest": "2,050,165", "Total Capitalization": "5,316,031", "Preferred Stock Equity": "6", "Common Stock Equity": "1,982,805", "Capital Lease Obligations": "13,479", "Net Tangible Assets": "1,954,431", "Working Capital": "592,118", "Invested Capital": "5,316,025", "Tangible Book Value": "1,954,425", "Total Debt": "3,346,699", "Net Debt": "2,897,230", "Share Issued": "8,324", "Ordinary Shares Number": "7,268", "Preferred Shares Number": "5,613", "Treasury Shares Number": "1,056"}, "12/31/2018": {"Duration": "12/31/2018", "Total Assets": "7,853,944", "Total Liabilities Net Minority Interest": "5,103,618", "Total Equity Gross Minority Interest": "2,750,326", "Total Capitalization": "6,286,734", "Preferred Stock Equity": "6", "Common Stock Equity": "2,700,844", "Capital Lease Obligations": "-", "Net Tangible Assets": "2,516,936", "Working Capital": "761,486", "Invested Capital": "6,287,289", "Tangible Book Value": "2,516,930", "Total Debt": "3,586,445", "Net Debt": "3,138,679", "Share Issued": "8,193", "Ordinary Shares Number": "7,137", "Preferred Shares Number": "5,750", "Treasury Shares Number": "1,056"}}, "cf": {"TTM": {"Duration": "TTM", "Operating Cash Flow": "349,761", "Investing Cash Flow": "-165,457", "Financing Cash Flow": "-148,001", "End Cash Position": "475,280", "Income Tax Paid Supplemental Data": "-", "Interest Paid Supplemental Data": "-", "Capital Expenditure": "-195,523", "Issuance of Capital Stock": "0", "Issuance of Debt": "2,552,500", "Repayment of Debt": "-2,629,043", "Repurchase of Capital Stock": "-1,731", "Free Cash Flow": "154,238"}, "12/31/2020": {"Duration": "12/31/2020", "Operating Cash Flow": "349,761", "Investing Cash Flow": "-165,457", "Financing Cash Flow": "-148,001", "End Cash Position": "475,280", "Income Tax Paid Supplemental Data": "-", "Interest Paid Supplemental Data": "-", "Capital Expenditure": "-195,523", "Issuance of Capital Stock": "0", "Issuance of Debt": "2,552,500", "Repayment of Debt": "-2,629,043", "Repurchase of Capital Stock": "-1,731", "Free Cash Flow": "154,238"}, "12/31/2019": {"Duration": "12/31/2019", "Operating Cash Flow": "684,558", "Investing Cash Flow": "-355,856", "Financing Cash Flow": "-331,573", "End Cash Position": "442,038", "Income Tax Paid Supplemental Data": "-", "Interest Paid Supplemental Data": "-", "Capital Expenditure": "-427,741", "Issuance of Capital Stock": "0", "Issuance of Debt": "1,050,000", "Repayment of Debt": "-1,320,360", "Repurchase of Capital Stock": "0", "Free Cash Flow": "256,817"}, "12/31/2018": {"Duration": "12/31/2018", "Operating Cash Flow": "325,773", "Investing Cash Flow": "-367,088", "Financing Cash Flow": "155,629", "End Cash Position": "451,080", "Income Tax Paid Supplemental Data": "11,383", "Interest Paid Supplemental Data": "202,803", "Capital Expenditure": "-458,938", "Issuance of Capital Stock": "579,331", "Issuance of Debt": "1,935,000", "Repayment of Debt": "-2,393,278", "Repurchase of Capital Stock": "0", "Free Cash Flow": "-133,165"}}}}, {"ORIG": {"quote": {"05/11/2021": {"value": "", "Net Assets": "N/A", "Beta (5Y Monthly)": "N/A", "Yield": "N/A", "5y Average Return": "N/A", "Holdings Turnover": "N/A", "Last Dividend": "N/A", "Average for Category": "N/A", "Inception Date": "N/A"}}, "fin": {}, "bs": {}, "cf": {}}}, {"WTI": {"quote": {"05/11/2021": {"value": "3.4800", "Market Cap": "495.221M", "Beta (5Y Monthly)": "3.24", "PE Ratio (TTM)": "N/A", "EPS (TTM)": "-0.2070", "Earnings Date": "Aug 03, 2021 - Aug 09, 2021", "Forward Dividend & Yield": "N/A (N/A)", "Ex-Dividend Date": "Nov 14, 2014", "1y Target Est": "4.63"}}, "fin": {"TTM": {"Duration": "TTM", "Total Revenue": "346,634", "Cost of Revenue": "281,567", "Gross Profit": "65,067", "Operating Expense": "64,266", "Operating Income": "801", "Net Non Operating Interest Income Expense": "-61,463", "Other Income Expense": "68,299", "Pretax Income": "7,637", "Tax Provision": "-30,153", "Net Income Common Stockholders": "37,353", "Diluted NI Available to Com Stockholders": "37,353", "Basic EPS": "-", "Diluted EPS": "-", "Basic Average Shares": "-", "Diluted Average Shares": "-", "Total Operating Income as Reported": "24,609", "Rent Expense Supplemental": "-", "Total Expenses": "345,833", "Interest Expense": "61,463", "Net Interest Income": "-61,463", "Net Income from Continuing & Discontinued Operation": "37,790", "Normalized Income": "-14,242", "EBIT": "69,100", "EBITDA": "189,384", "Reconciled Cost of Revenue": "281,567", "Reconciled Depreciation": "120,284", "Net Income from Continuing Operation Net Minority Interest": "37,790", "Total Unusual Items Excluding Goodwill": "71,277", "Total Unusual Items": "71,277", "Normalized EBITDA": "118,107", "Tax Rate for Calcs": "0", "Tax Effect of Unusual Items": "19,245"}, "12/31/2020": {"Duration": "12/31/2020", "Total Revenue": "346,634", "Cost of Revenue": "281,567", "Gross Profit": "65,067", "Operating Expense": "64,266", "Operating Income": "801", "Net Non Operating Interest Income Expense": "-61,463", "Other Income Expense": "68,299", "Pretax Income": "7,637", "Tax Provision": "-30,153", "Net Income Common Stockholders": "37,353", "Diluted NI Available to Com Stockholders": "37,353", "Basic EPS": "-", "Diluted EPS": "-", "Basic Average Shares": "-", "Diluted Average Shares": "-", "Total Operating Income as Reported": "24,609", "Rent Expense Supplemental": "-", "Total Expenses": "345,833", "Interest Expense": "61,463", "Net Interest Income": "-61,463", "Net Income from Continuing & Discontinued Operation": "37,790", "Normalized Income": "-14,242", "EBIT": "69,100", "EBITDA": "-", "Reconciled Cost of Revenue": "281,567", "Reconciled Depreciation": "120,284", "Net Income from Continuing Operation Net Minority Interest": "37,790", "Total Unusual Items Excluding Goodwill": "71,277", "Total Unusual Items": "71,277", "Normalized EBITDA": "118,107", "Tax Rate for Calcs": "0", "Tax Effect of Unusual Items": "19,245"}, "12/31/2019": {"Duration": "12/31/2019", "Total Revenue": "534,896", "Cost of Revenue": "341,793", "Gross Profit": "193,103", "Operating Expense": "74,567", "Operating Income": "118,536", "Net Non Operating Interest Income Expense": "-59,569", "Other Income Expense": "-60,075", "Pretax Income": "-1,108", "Tax Provision": "-75,194", "Net Income Common Stockholders": "72,715", "Diluted NI Available to Com Stockholders": "72,715", "Basic EPS": "0.52", "Diluted EPS": "0.52", "Basic Average Shares": "140,583", "Diluted Average Shares": "140,583", "Total Operating Income as Reported": "58,649", "Rent Expense Supplemental": "184,281", "Total Expenses": "416,360", "Interest Expense": "59,569", "Net Interest Income": "-59,569", "Net Income from Continuing & Discontinued Operation": "74,086", "Normalized Income": "117,804", "EBIT": "58,461", "EBITDA": "-", "Reconciled Cost of Revenue": "341,793", "Reconciled Depreciation": "148,498", "Net Income from Continuing Operation Net Minority Interest": "74,086", "Total Unusual Items Excluding Goodwill": "-59,887", "Total Unusual Items": "-59,887", "Normalized EBITDA": "266,846", "Tax Rate for Calcs": "0", "Tax Effect of Unusual Items": "-16,169"}, "12/31/2018": {"Duration": "12/31/2018", "Total Revenue": "580,706", "Cost of Revenue": "308,899", "Gross Profit": "271,807", "Operating Expense": "78,578", "Operating Income": "193,229", "Net Non Operating Interest Income Expense": "-48,645", "Other Income Expense": "104,778", "Pretax Income": "249,362", "Tax Provision": "535", "Net Income Common Stockholders": "239,100", "Diluted NI Available to Com Stockholders": "239,100", "Basic EPS": "1.72", "Diluted EPS": "1.72", "Basic Average Shares": "139,002", "Diluted Average Shares": "139,002", "Total Operating Income as Reported": "247,027", "Rent Expense Supplemental": "153,262", "Total Expenses": "387,477", "Interest Expense": "48,645", "Net Interest Income": "-48,645", "Net Income from Continuing & Discontinued Operation": "248,827", "Normalized Income": "148,122", "EBIT": "298,007", "EBITDA": "-", "Reconciled Cost of Revenue": "308,899", "Reconciled Depreciation": "149,854", "Net Income from Continuing Operation Net Minority Interest": "248,827", "Total Unusual Items Excluding Goodwill": "100,907", "Total Unusual Items": "100,907", "Normalized EBITDA": "346,954", "Tax Rate for Calcs": "0", "Tax Effect of Unusual Items": "201.814"}}, "bs": {"12/31/2020": {"Duration": "12/31/2020", "Total Assets": "940,582", "Total Liabilities Net Minority Interest": "1,148,868", "Total Equity Gross Minority Interest": "-208,286", "Total Capitalization": "417,000", "Common Stock Equity": "-208,286", "Capital Lease Obligations": "11,754", "Net Tangible Assets": "-208,286", "Working Capital": "-7,772", "Invested Capital": "417,000", "Tangible Book Value": "-208,286", "Total Debt": "637,040", "Net Debt": "581,560", "Share Issued": "145,174", "Ordinary Shares Number": "142,305", "Treasury Shares Number": "2,869"}, "12/31/2019": {"Duration": "12/31/2019", "Total Assets": "1,003,719", "Total Liabilities Net Minority Interest": "1,253,084", "Total Equity Gross Minority Interest": "-249,365", "Total Capitalization": "470,168", "Common Stock Equity": "-249,365", "Capital Lease Obligations": "7,135", "Net Tangible Assets": "-249,365", "Working Capital": "-48,208", "Invested Capital": "470,168", "Tangible Book Value": "-249,365", "Total Debt": "726,668", "Net Debt": "687,100", "Share Issued": "144,538", "Ordinary Shares Number": "141,669", "Treasury Shares Number": "2,869"}, "12/31/2018": {"Duration": "12/31/2018", "Total Assets": "848,866", "Total Liabilities Net Minority Interest": "1,173,662", "Total Equity Gross Minority Interest": "-324,796", "Total Capitalization": "308,739", "Common Stock Equity": "-324,796", "Capital Lease Obligations": "-", "Net Tangible Assets": "-324,796", "Working Capital": "39,919", "Invested Capital": "308,739", "Tangible Book Value": "-324,796", "Total Debt": "633,535", "Net Debt": "600,242", "Share Issued": "143,513", "Ordinary Shares Number": "140,644", "Treasury Shares Number": "2,869"}}, "cf": {"TTM": {"Duration": "TTM", "Operating Cash Flow": "108,509", "Investing Cash Flow": "-47,616", "Financing Cash Flow": "-49,600", "End Cash Position": "43,726", "Capital Expenditure": "-21,081", "Issuance of Debt": "25,000", "Repayment of Debt": "-73,930", "Free Cash Flow": "87,428"}, "12/31/2020": {"Duration": "12/31/2020", "Operating Cash Flow": "108,509", "Investing Cash Flow": "-47,616", "Financing Cash Flow": "-49,600", "End Cash Position": "43,726", "Capital Expenditure": "-21,081", "Issuance of Debt": "25,000", "Repayment of Debt": "-73,930", "Free Cash Flow": "87,428"}, "12/31/2019": {"Duration": "12/31/2019", "Operating Cash Flow": "232,227", "Investing Cash Flow": "-313,814", "Financing Cash Flow": "80,727", "End Cash Position": "32,433", "Capital Expenditure": "-313,814", "Issuance of Debt": "150,000", "Repayment of Debt": "-66,000", "Free Cash Flow": "-81,587"}, "12/31/2018": {"Duration": "12/31/2018", "Operating Cash Flow": "321,763", "Investing Cash Flow": "-66,385", "Financing Cash Flow": "-321,143", "End Cash Position": "33,293", "Capital Expenditure": "-122,973", "Issuance of Debt": "686,000", "Repayment of Debt": "-981,392", "Free Cash Flow": "198,790"}}}}, {"RSPP": {"quote": {"05/11/2021": {"value": "", "Net Assets": "N/A", "Beta (5Y Monthly)": "N/A", "Yield": "N/A", "5y Average Return": "N/A", "Holdings Turnover": "N/A", "Last Dividend": "N/A", "Average for Category": "N/A", "Inception Date": "N/A"}}, "fin": {}, "bs": {}, "cf": {}}}, {"RIG": {"quote": {"05/11/2021": {"value": "3.8900", "Market Cap": "2.401B", "Beta (5Y Monthly)": "3.64", "PE Ratio (TTM)": "N/A", "EPS (TTM)": "-0.4450", "Earnings Date": "Jul 27, 2021 - Aug 02, 2021", "Forward Dividend & Yield": "N/A (N/A)", "Ex-Dividend Date": "Aug 21, 2015", "1y Target Est": "2.02"}}, "fin": {"TTM": {"Duration": "TTM", "Total Revenue": "3,152,000", "Cost of Revenue": "781,000", "Gross Profit": "2,371,000", "Operating Expense": "2,183,000", "Operating Income": "188,000", "Net Non Operating Interest Income Expense": "-554,000", "Other Income Expense": "-175,000", "Pretax Income": "-541,000", "Tax Provision": "27,000", "Net Income Common Stockholders": "-567,000", "Average Dilution Earnings": "-", "Diluted NI Available to Com Stockholders": "-567,000", "Basic EPS": "-", "Diluted EPS": "-", "Basic Average Shares": "-", "Diluted Average Shares": "-", "Total Operating Income as Reported": "-493,000", "Total Expenses": "2,964,000", "Net Income from Continuing & Discontinued Operation": "-567,000", "Normalized Income": "-458,960", "Interest Income": "21,000", "Interest Expense": "575,000", "Net Interest Income": "-554,000", "EBIT": "34,000", "EBITDA": "1,030,000", "Reconciled Cost of Revenue": "781,000", "Reconciled Depreciation": "996,000", "Net Income from Continuing Operation Net Minority Interest": "-567,000", "Total Unusual Items Excluding Goodwill": "-148,000", "Total Unusual Items": "-148,000", "Normalized EBITDA": "1,178,000", "Tax Rate for Calcs": "0", "Tax Effect of Unusual Items": "-39,960"}, "12/31/2020": {"Duration": "12/31/2020", "Total Revenue": "3,152,000", "Cost of Revenue": "781,000", "Gross Profit": "2,371,000", "Operating Expense": "2,183,000", "Operating Income": "188,000", "Net Non Operating Interest Income Expense": "-554,000", "Other Income Expense": "-175,000", "Pretax Income": "-541,000", "Tax Provision": "27,000", "Net Income Common Stockholders": "-567,000", "Average Dilution Earnings": "-", "Diluted NI Available to Com Stockholders": "-567,000", "Basic EPS": "-", "Diluted EPS": "-", "Basic Average Shares": "-", "Diluted Average Shares": "-", "Total Operating Income as Reported": "-493,000", "Total Expenses": "2,964,000", "Net Income from Continuing & Discontinued Operation": "-567,000", "Normalized Income": "-458,960", "Interest Income": "21,000", "Interest Expense": "575,000", "Net Interest Income": "-554,000", "EBIT": "34,000", "EBITDA": "-", "Reconciled Cost of Revenue": "781,000", "Reconciled Depreciation": "996,000", "Net Income from Continuing Operation Net Minority Interest": "-567,000", "Total Unusual Items Excluding Goodwill": "-148,000", "Total Unusual Items": "-148,000", "Normalized EBITDA": "1,178,000", "Tax Rate for Calcs": "0", "Tax Effect of Unusual Items": "-39,960"}, "12/31/2019": {"Duration": "12/31/2019", "Total Revenue": "3,088,000", "Cost of Revenue": "855,000", "Gross Profit": "2,233,000", "Operating Expense": "2,333,000", "Operating Income": "-100,000", "Net Non Operating Interest Income Expense": "-617,000", "Other Income Expense": "-481,000", "Pretax Income": "-1,198,000", "Tax Provision": "59,000", "Net Income Common Stockholders": "-1,255,000", "Average Dilution Earnings": "-", "Diluted NI Available to Com Stockholders": "-1,255,000", "Basic EPS": "-2.05", "Diluted EPS": "-2.05", "Basic Average Shares": "612,000", "Diluted Average Shares": "612,000", "Total Operating Income as Reported": "-721,000", "Total Expenses": "3,188,000", "Net Income from Continuing & Discontinued Operation": "-1,255,000", "Normalized Income": "-771,740", "Interest Income": "43,000", "Interest Expense": "660,000", "Net Interest Income": "-617,000", "EBIT": "-538,000", "EBITDA": "-", "Reconciled Cost of Revenue": "855,000", "Reconciled Depreciation": "1,042,000", "Net Income from Continuing Operation Net Minority Interest": "-1,255,000", "Total Unusual Items Excluding Goodwill": "-662,000", "Total Unusual Items": "-662,000", "Normalized EBITDA": "1,166,000", "Tax Rate for Calcs": "0", "Tax Effect of Unusual Items": "-178,740"}, "12/31/2018": {"Duration": "12/31/2018", "Total Revenue": "3,018,000", "Cost of Revenue": "818,000", "Gross Profit": "2,200,000", "Operating Expense": "1,987,000", "Operating Income": "213,000", "Net Non Operating Interest Income Expense": "-567,000", "Other Income Expense": "-1,421,000", "Pretax Income": "-1,775,000", "Tax Provision": "228,000", "Net Income Common Stockholders": "-1,996,000", "Average Dilution Earnings": "0", "Diluted NI Available to Com Stockholders": "-1,996,000", "Basic EPS": "-4.27", "Diluted EPS": "-4.27", "Basic Average Shares": "468,000", "Diluted Average Shares": "468,000", "Total Operating Income as Reported": "-1,251,000", "Total Expenses": "2,805,000", "Net Income from Continuing & Discontinued Operation": "-1,996,000", "Normalized Income": "-925,090", "Interest Income": "53,000", "Interest Expense": "620,000", "Net Interest Income": "-567,000", "EBIT": "-1,155,000", "EBITDA": "-", "Reconciled Cost of Revenue": "818,000", "Reconciled Depreciation": "930,000", "Net Income from Continuing Operation Net Minority Interest": "-1,996,000", "Total Unusual Items Excluding Goodwill": "-1,467,000", "Total Unusual Items": "-1,467,000", "Normalized EBITDA": "1,242,000", "Tax Rate for Calcs": "0", "Tax Effect of Unusual Items": "-396,090"}}, "bs": {"12/31/2020": {"Duration": "12/31/2020", "Total Assets": "21,804,000", "Total Liabilities Net Minority Interest": "10,369,000", "Total Equity Gross Minority Interest": "11,435,000", "Total Capitalization": "18,734,000", "Common Stock Equity": "11,432,000", "Capital Lease Obligations": "566,000", "Net Tangible Assets": "11,039,000", "Working Capital": "1,354,000", "Invested Capital": "19,239,000", "Tangible Book Value": "11,039,000", "Total Debt": "8,373,000", "Net Debt": "6,653,000", "Share Issued": "639,676", "Ordinary Shares Number": "615,140", "Treasury Shares Number": "24,536"}, "12/31/2019": {"Duration": "12/31/2019", "Total Assets": "24,105,000", "Total Liabilities Net Minority Interest": "12,238,000", "Total Equity Gross Minority Interest": "11,867,000", "Total Capitalization": "20,555,000", "Common Stock Equity": "11,862,000", "Capital Lease Obligations": "608,000", "Net Tangible Assets": "11,254,000", "Working Capital": "1,916,000", "Invested Capital": "21,123,000", "Tangible Book Value": "11,254,000", "Total Debt": "9,869,000", "Net Debt": "7,471,000", "Share Issued": "617,971", "Ordinary Shares Number": "611,871", "Treasury Shares Number": "6,099"}, "12/31/2018": {"Duration": "12/31/2018", "Total Assets": "25,665,000", "Total Liabilities Net Minority Interest": "12,551,000", "Total Equity Gross Minority Interest": "13,114,000", "Total Capitalization": "22,233,000", "Common Stock Equity": "13,107,000", "Capital Lease Obligations": "511,000", "Net Tangible Assets": "12,312,000", "Working Capital": "2,490,000", "Invested Capital": "22,574,000", "Tangible Book Value": "12,312,000", "Total Debt": "9,978,000", "Net Debt": "7,307,000", "Share Issued": "610,582", "Ordinary Shares Number": "609,649", "Treasury Shares Number": "932.386"}}, "cf": {"TTM": {"Duration": "TTM", "Operating Cash Flow": "398,000", "Investing Cash Flow": "-257,000", "Financing Cash Flow": "-930,000", "End Cash Position": "1,560,000", "Income Tax Paid Supplemental Data": "-", "Interest Paid Supplemental Data": "-", "Capital Expenditure": "-265,000", "Issuance of Debt": "743,000", "Repayment of Debt": "-1,637,000", "Free Cash Flow": "133,000"}, "12/31/2020": {"Duration": "12/31/2020", "Operating Cash Flow": "398,000", "Investing Cash Flow": "-257,000", "Financing Cash Flow": "-930,000", "End Cash Position": "1,560,000", "Income Tax Paid Supplemental Data": "-", "Interest Paid Supplemental Data": "-", "Capital Expenditure": "-265,000", "Issuance of Debt": "743,000", "Repayment of Debt": "-1,637,000", "Free Cash Flow": "133,000"}, "12/31/2019": {"Duration": "12/31/2019", "Operating Cash Flow": "340,000", "Investing Cash Flow": "-268,000", "Financing Cash Flow": "-312,000", "End Cash Position": "2,349,000", "Income Tax Paid Supplemental Data": "121,000", "Interest Paid Supplemental Data": "648,000", "Capital Expenditure": "-387,000", "Issuance of Debt": "1,056,000", "Repayment of Debt": "-1,325,000", "Free Cash Flow": "-47,000"}, "12/31/2018": {"Duration": "12/31/2018", "Operating Cash Flow": "558,000", "Investing Cash Flow": "-797,000", "Financing Cash Flow": "-147,000", "End Cash Position": "2,589,000", "Income Tax Paid Supplemental Data": "151,000", "Interest Paid Supplemental Data": "570,000", "Capital Expenditure": "-184,000", "Issuance of Debt": "2,054,000", "Repayment of Debt": "-2,105,000", "Free Cash Flow": "374,000"}}}}, {"PTRC": {"quote": {"05/11/2021": {"value": "0.0500", "Market Cap": "909,945", "Beta (5Y Monthly)": "1.51", "PE Ratio (TTM)": "N/A", "EPS (TTM)": "-0.2920", "Earnings Date": "N/A", "Forward Dividend & Yield": "N/A (N/A)", "Ex-Dividend Date": "N/A", "1y Target Est": "0.03"}}, "fin": {"TTM": {"Duration": "TTM", "Total Revenue": "1,254", "Cost of Revenue": "1,286", "Gross Profit": "-31.839", "Operating Expense": "1,473", "Operating Income": "-1,505", "Net Non Operating Interest Income Expense": "-2,508", "Other Income Expense": "1,788", "Pretax Income": "-2,225", "Tax Provision": "0", "Net Income Common Stockholders": "-5,311", "Diluted NI Available to Com Stockholders": "-5,311", "Basic EPS": "-", "Diluted EPS": "-", "Basic Average Shares": "-", "Diluted Average Shares": "-", "Total Operating Income as Reported": "-2,489", "Total Expenses": "2,759", "Net Interest Income": "-2,508", "Net Income from Continuing & Discontinued Operation": "-1,799", "Normalized Income": "-719.979", "EBIT": "-1,505", "EBITDA": "-813.342", "Reconciled Cost of Revenue": "1,286", "Reconciled Depreciation": "691.344", "Net Income from Continuing Operation Net Minority Interest": "-1,799", "Total Unusual Items Excluding Goodwill": "-1,079", "Total Unusual Items": "-1,079", "Normalized EBITDA": "265.82", "Tax Rate for Calcs": "0", "Tax Effect of Unusual Items": "0"}, "4/30/2019": {"Duration": "4/30/2019", "Total Revenue": "1,645", "Cost of Revenue": "1,100", "Gross Profit": "545.562", "Operating Expense": "1,728", "Operating Income": "-1,182", "Net Non Operating Interest Income Expense": "-3,124", "Other Income Expense": "-1,196", "Pretax Income": "-5,502", "Tax Provision": "0", "Net Income Common Stockholders": "-8,617", "Diluted NI Available to Com Stockholders": "-8,617", "Basic EPS": "-0.48", "Diluted EPS": "-0.48", "Basic Average Shares": "17,772", "Diluted Average Shares": "17,772", "Total Operating Income as Reported": "-2,167", "Total Expenses": "2,827", "Net Interest Income": "-3,124", "Net Income from Continuing & Discontinued Operation": "-5,105", "Normalized Income": "-3,910", "EBIT": "-1,182", "EBITDA": "-", "Reconciled Cost of Revenue": "1,100", "Reconciled Depreciation": "683.163", "Net Income from Continuing Operation Net Minority Interest": "-5,105", "Total Unusual Items Excluding Goodwill": "-1,196", "Total Unusual Items": "-1,196", "Normalized EBITDA": "696.627", "Tax Rate for Calcs": "0", "Tax Effect of Unusual Items": "0"}, "4/30/2018": {"Duration": "4/30/2018", "Total Revenue": "723.409", "Cost of Revenue": "285.2", "Gross Profit": "438.209", "Operating Expense": "3,645", "Operating Income": "-3,207", "Net Non Operating Interest Income Expense": "-65.569", "Other Income Expense": "-16,732", "Pretax Income": "-20,004", "Tax Provision": "333.203", "Net Income Common Stockholders": "-20,439", "Diluted NI Available to Com Stockholders": "-20,439", "Basic EPS": "-1.24", "Diluted EPS": "-1.24", "Basic Average Shares": "16,546", "Diluted Average Shares": "16,546", "Total Operating Income as Reported": "-4,940", "Total Expenses": "3,930", "Net Interest Income": "-65.569", "Net Income from Continuing & Discontinued Operation": "-20,439", "Normalized Income": "-19,173", "EBIT": "-3,207", "EBITDA": "-", "Reconciled Cost of Revenue": "285.2", "Reconciled Depreciation": "157.386", "Net Income from Continuing Operation Net Minority Interest": "-20,439", "Total Unusual Items Excluding Goodwill": "-1,734", "Total Unusual Items": "-1,734", "Normalized EBITDA": "-1,315", "Tax Rate for Calcs": "0", "Tax Effect of Unusual Items": "-468.1616"}}, "bs": {"4/30/2019": {"Duration": "4/30/2019", "Total Assets": "10,017", "Total Liabilities Net Minority Interest": "5,956", "Total Equity Gross Minority Interest": "4,061", "Total Capitalization": "3,410", "Preferred Stock Equity": "0.004", "Common Stock Equity": "3,410", "Net Tangible Assets": "3,410", "Working Capital": "169.943", "Invested Capital": "3,410", "Tangible Book Value": "3,410", "Total Debt": "-", "Net Debt": "-", "Share Issued": "17,939", "Ordinary Shares Number": "17,939", "Preferred Shares Number": "-"}, "4/30/2018": {"Duration": "4/30/2018", "Total Assets": "5,846", "Total Liabilities Net Minority Interest": "4,487", "Total Equity Gross Minority Interest": "1,359", "Total Capitalization": "3,719", "Preferred Stock Equity": "-", "Common Stock Equity": "1,359", "Net Tangible Assets": "1,359", "Working Capital": "-1,524", "Invested Capital": "3,719", "Tangible Book Value": "1,359", "Total Debt": "2,361", "Net Debt": "2,313", "Share Issued": "17,310", "Ordinary Shares Number": "17,310", "Preferred Shares Number": "20,000"}}, "cf": {"TTM": {"Duration": "TTM", "Operating Cash Flow": "-297.386", "Investing Cash Flow": "-1,850", "Financing Cash Flow": "2,800", "End Cash Position": "754.385", "Income Tax Paid Supplemental Data": "44.325", "Capital Expenditure": "-1,005", "Issuance of Capital Stock": "-", "Issuance of Debt": "0", "Free Cash Flow": "-1,302"}, "4/30/2019": {"Duration": "4/30/2019", "Operating Cash Flow": "-468.512", "Investing Cash Flow": "-1,764", "Financing Cash Flow": "3,400", "End Cash Position": "1,215", "Income Tax Paid Supplemental Data": "30.782", "Capital Expenditure": "-1,058", "Issuance of Capital Stock": "2,800", "Issuance of Debt": "300", "Free Cash Flow": "-1,527"}, "4/30/2018": {"Duration": "4/30/2018", "Operating Cash Flow": "-346.354", "Investing Cash Flow": "-4,488", "Financing Cash Flow": "4,250", "End Cash Position": "47.33", "Income Tax Paid Supplemental Data": "86.876", "Capital Expenditure": "-3,984", "Issuance of Capital Stock": "-", "Issuance of Debt": "4,500", "Free Cash Flow": "-4,330"}}}}, {"BLKG": {"fin": {}, "bs": {}, "cf": {}}}, {"NE": {"fin": {}, "bs": {}, "cf": {}}}, {"RDC": {"fin": {}, "bs": {}, "cf": {}}}, {"HK": {"fin": {}, "bs": {}, "cf": {}}}, {"CXO": {"fin": {}, "bs": {}, "cf": {}}}, {"UNT": {"fin": {}, "bs": {}, "cf": {}}}, {"PES": {"fin": {}, "bs": {}, "cf": {}}}, {"DO": {"fin": {}, "bs": {}, "cf": {}}}, {"PACD": {"fin": {}, "bs": {}, "cf": {}}}, {"ESV": {"fin": {}, "bs": {}, "cf": {}}}, {"ECT": {"fin": {}, "bs": {}, "cf": {}}}, {"SRGG": {"fin": {}, "bs": {}, "cf": {}}}, {"PGSI": {"fin": {}, "bs": {}, "cf": {}}}, {"JYHW": {"fin": {}, "bs": {}, "cf": {}}}, {"SOIGF": {"fin": {}, "bs": {}, "cf": {}}}, {"IDNG": {"fin": {}, "bs": {}, "cf": {}}}, {"SDRL": {"fin": {}, "bs": {}, "cf": {}}}, {"SDLP": {"fin": {}, "bs": {}, "cf": {}}}, {"TAT": {"fin": {}, "bs": {}, "cf": {}}}, {"RGFR": {"fin": {}, "bs": {}, "cf": {}}}]