[{"AMCF": {"quote": {"04/03/2021": {"value": "0.0654", "Market Cap": "1.743M", "Beta (5Y Monthly)": "4.13", "PE Ratio (TTM)": "N/A", "EPS (TTM)": "-0.1270", "Earnings Date": "N/A", "Forward Dividend & Yield": "N/A (N/A)", "Ex-Dividend Date": "N/A", "1y Target Est": "7.00"}}, "fin": {}, "bs": {}, "cf": {}}}, {"NOA": {"quote": {"04/03/2021": {"value": "11.28", "Market Cap": "337.683M", "Beta (5Y Monthly)": "1.52", "PE Ratio (TTM)": "8.90", "EPS (TTM)": "1.27", "Earnings Date": "N/A", "Forward Dividend & Yield": "0.13 (1.12%)", "Ex-Dividend Date": "Mar 03, 2021", "1y Target Est": "7.64"}}, "fin": {"TTM": {"Duration": "TTM", "Total Revenue": "500,374", "Cost of Revenue": "405,992", "Gross Profit": "94,382", "Operating Expense": "24,680", "Operating Income": "69,702", "Net Non Operating Interest Income Expense": "-18,681", "Other Income Expense": "9,451", "Pretax Income": "60,472", "Tax Provision": "11,264", "Net Income Common Stockholders": "49,208", "Average Dilution Earnings": "2,370", "Diluted NI Available to Com Stockholders": "51,578", "Basic EPS": "-", "Diluted EPS": "-", "Basic Average Shares": "-", "Diluted Average Shares": "-", "Total Operating Income as Reported": "68,945", "Rent Expense Supplemental": "0", "Total Expenses": "430,672", "Net Income from Continuing & Discontinued Operation": "49,208", "Normalized Income": "46,353", "Interest Income": "10", "Interest Expense": "17,600", "Net Interest Income": "-18,681", "EBIT": "78,072", "EBITDA": "167,658", "Reconciled Cost of Revenue": "316,984", "Reconciled Depreciation": "89,586", "Net Income from Continuing Operation Net Minority Interest": "49,208", "Total Unusual Items Excluding Goodwill": "3,509", "Total Unusual Items": "3,509", "Normalized EBITDA": "164,149", "Tax Rate for Calcs": "0", "Tax Effect of Unusual Items": "653.6145"}, "12/31/2020": {"Duration": "12/31/2020", "Total Revenue": "500,374", "Cost of Revenue": "405,992", "Gross Profit": "94,382", "Operating Expense": "24,680", "Operating Income": "69,702", "Net Non Operating Interest Income Expense": "-18,681", "Other Income Expense": "9,451", "Pretax Income": "60,472", "Tax Provision": "11,264", "Net Income Common Stockholders": "49,208", "Average Dilution Earnings": "2,370", "Diluted NI Available to Com Stockholders": "51,578", "Basic EPS": "-", "Diluted EPS": "-", "Basic Average Shares": "-", "Diluted Average Shares": "-", "Total Operating Income as Reported": "68,945", "Rent Expense Supplemental": "-", "Total Expenses": "430,672", "Net Income from Continuing & Discontinued Operation": "49,208", "Normalized Income": "46,353", "Interest Income": "10", "Interest Expense": "17,600", "Net Interest Income": "-18,681", "EBIT": "78,072", "EBITDA": "-", "Reconciled Cost of Revenue": "316,984", "Reconciled Depreciation": "89,586", "Net Income from Continuing Operation Net Minority Interest": "49,208", "Total Unusual Items Excluding Goodwill": "3,509", "Total Unusual Items": "3,509", "Normalized EBITDA": "164,149", "Tax Rate for Calcs": "0", "Tax Effect of Unusual Items": "653.6145"}, "12/31/2019": {"Duration": "12/31/2019", "Total Revenue": "719,067", "Cost of Revenue": "622,655", "Gross Profit": "96,412", "Operating Expense": "37,645", "Operating Income": "58,767", "Net Non Operating Interest Income Expense": "-21,623", "Other Income Expense": "2,847", "Pretax Income": "39,991", "Tax Provision": "2,858", "Net Income Common Stockholders": "36,878", "Average Dilution Earnings": "3,590", "Diluted NI Available to Com Stockholders": "40,468", "Basic EPS": "1.45", "Diluted EPS": "1.12", "Basic Average Shares": "25,444", "Diluted Average Shares": "32,843", "Total Operating Income as Reported": "58,798", "Rent Expense Supplemental": "0", "Total Expenses": "660,300", "Net Income from Continuing & Discontinued Operation": "36,878", "Normalized Income": "36,816", "Interest Income": "107", "Interest Expense": "20,761", "Net Interest Income": "-21,623", "EBIT": "60,752", "EBITDA": "-", "Reconciled Cost of Revenue": "521,073", "Reconciled Depreciation": "102,293", "Net Income from Continuing Operation Net Minority Interest": "36,878", "Total Unusual Items Excluding Goodwill": "67", "Total Unusual Items": "67", "Normalized EBITDA": "162,978", "Tax Rate for Calcs": "0", "Tax Effect of Unusual Items": "4.7882"}, "12/31/2018": {"Duration": "12/31/2018", "Total Revenue": "410,061", "Cost of Revenue": "340,985", "Gross Profit": "69,076", "Operating Expense": "39,254", "Operating Income": "29,822", "Net Non Operating Interest Income Expense": "-8,584", "Other Income Expense": "179", "Pretax Income": "21,417", "Tax Provision": "6,096", "Net Income Common Stockholders": "15,286", "Average Dilution Earnings": "-", "Diluted NI Available to Com Stockholders": "15,286", "Basic EPS": "0.61", "Diluted EPS": "0.54", "Basic Average Shares": "24,992", "Diluted Average Shares": "31,428", "Total Operating Income as Reported": "29,980", "Rent Expense Supplemental": "1,732", "Total Expenses": "380,239", "Net Income from Continuing & Discontinued Operation": "15,286", "Normalized Income": "15,201", "Interest Income": "175", "Interest Expense": "8,220", "Net Interest Income": "-8,584", "EBIT": "29,637", "EBITDA": "-", "Reconciled Cost of Revenue": "282,635", "Reconciled Depreciation": "58,762", "Net Income from Continuing Operation Net Minority Interest": "15,286", "Total Unusual Items Excluding Goodwill": "119", "Total Unusual Items": "119", "Normalized EBITDA": "88,280", "Tax Rate for Calcs": "0", "Tax Effect of Unusual Items": "33.8714"}}, "bs": {"12/31/2020": {"Duration": "12/31/2020", "Total Assets": "838,928", "Total Liabilities Net Minority Interest": "590,485", "Total Equity Gross Minority Interest": "248,443", "Total Capitalization": "589,990", "Common Stock Equity": "248,443", "Capital Lease Obligations": "88,324", "Net Tangible Assets": "248,443", "Working Capital": "10,760", "Invested Capital": "606,297", "Tangible Book Value": "248,443", "Total Debt": "446,178", "Net Debt": "313,939", "Share Issued": "31,012", "Ordinary Shares Number": "29,167", "Treasury Shares Number": "1,845"}, "12/31/2019": {"Duration": "12/31/2019", "Total Assets": "792,652", "Total Liabilities Net Minority Interest": "612,533", "Total Equity Gross Minority Interest": "180,119", "Total Capitalization": "493,562", "Common Stock Equity": "180,119", "Capital Lease Obligations": "100,192", "Net Tangible Assets": "180,119", "Working Capital": "-39,926", "Invested Capital": "512,076", "Tangible Book Value": "180,119", "Total Debt": "432,149", "Net Debt": "326,413", "Share Issued": "27,503", "Ordinary Shares Number": "25,777", "Treasury Shares Number": "1,725"}, "12/31/2018": {"Duration": "12/31/2018", "Total Assets": "689,800", "Total Liabilities Net Minority Interest": "539,585", "Total Equity Gross Minority Interest": "150,215", "Total Capitalization": "415,683", "Common Stock Equity": "149,721", "Capital Lease Obligations": "86,991", "Net Tangible Assets": "146,805", "Working Capital": "-18,516", "Invested Capital": "445,679", "Tangible Book Value": "146,805", "Total Debt": "382,949", "Net Debt": "276,450", "Share Issued": "27,089", "Ordinary Shares Number": "25,004", "Treasury Shares Number": "2,085"}}, "cf": {"TTM": {"Duration": "TTM", "Operating Cash Flow": "147,272", "Investing Cash Flow": "-113,573", "Financing Cash Flow": "4,672", "End Cash Position": "43,915", "Capital Expenditure": "-117,572", "Issuance of Debt": "145,457", "Repayment of Debt": "-116,985", "Repurchase of Capital Stock": "-19,001", "Free Cash Flow": "29,700"}, "12/31/2020": {"Duration": "12/31/2020", "Operating Cash Flow": "147,272", "Investing Cash Flow": "-113,573", "Financing Cash Flow": "4,672", "End Cash Position": "43,915", "Capital Expenditure": "-117,572", "Issuance of Debt": "145,457", "Repayment of Debt": "-116,985", "Repurchase of Capital Stock": "-19,001", "Free Cash Flow": "29,700"}, "12/31/2019": {"Duration": "12/31/2019", "Operating Cash Flow": "157,944", "Investing Cash Flow": "-160,678", "Financing Cash Flow": "-11,230", "End Cash Position": "5,544", "Capital Expenditure": "-157,448", "Issuance of Debt": "227,750", "Repayment of Debt": "-225,041", "Repurchase of Capital Stock": "-10,387", "Free Cash Flow": "496"}, "12/31/2018": {"Duration": "12/31/2018", "Operating Cash Flow": "109,371", "Investing Cash Flow": "-228,614", "Financing Cash Flow": "130,565", "End Cash Position": "19,508", "Capital Expenditure": "-81,458", "Issuance of Debt": "267,900", "Repayment of Debt": "-120,892", "Repurchase of Capital Stock": "-9,540", "Free Cash Flow": "27,913"}}}}, {"EESI": {"quote": {"04/03/2021": {"value": "0.1300", "Market Cap": "617,094", "Beta (5Y Monthly)": "1.34", "PE Ratio (TTM)": "N/A", "EPS (TTM)": "-0.0620", "Earnings Date": "N/A", "Forward Dividend & Yield": "N/A (N/A)", "Ex-Dividend Date": "N/A", "1y Target Est": "N/A"}}, "fin": {}, "bs": {}, "cf": {}}}, {"HAL": {"quote": {"04/03/2021": {"value": "21.92", "Market Cap": "19.479B", "Beta (5Y Monthly)": "2.93", "PE Ratio (TTM)": "N/A", "EPS (TTM)": "-3.34", "Earnings Date": "Apr 21, 2021", "Forward Dividend & Yield": "0.18 (0.82%)", "Ex-Dividend Date": "Mar 02, 2021", "1y Target Est": "22.43"}}, "fin": {"TTM": {"Duration": "TTM", "Total Revenue": "14,445,000", "Cost of Revenue": "12,900,000", "Gross Profit": "1,545,000", "Operating Expense": "182,000", "Operating Income": "1,363,000", "Net Non Operating Interest Income Expense": "-505,000", "Other Income Expense": "-4,078,000", "Pretax Income": "-3,220,000", "Tax Provision": "-278,000", "Net Income Common Stockholders": "-2,945,000", "Diluted NI Available to Com Stockholders": "-2,945,000", "Basic EPS": "-", "Diluted EPS": "-", "Basic Average Shares": "-", "Diluted Average Shares": "-", "Total Operating Income as Reported": "-2,436,000", "Total Expenses": "13,082,000", "Net Income from Continuing & Discontinued Operation": "-2,945,000", "Normalized Income": "424,004", "Interest Expense": "505,000", "Net Interest Income": "-505,000", "EBIT": "-2,715,000", "EBITDA": "-1,657,000", "Reconciled Cost of Revenue": "12,900,000", "Reconciled Depreciation": "1,058,000", "Net Income from Continuing Operation Net Minority Interest": "-2,945,000", "Total Unusual Items Excluding Goodwill": "-3,686,000", "Total Unusual Items": "-3,686,000", "Normalized EBITDA": "2,029,000", "Tax Rate for Calcs": "0", "Tax Effect of Unusual Items": "-316,996"}, "12/31/2020": {"Duration": "12/31/2020", "Total Revenue": "14,445,000", "Cost of Revenue": "12,900,000", "Gross Profit": "1,545,000", "Operating Expense": "182,000", "Operating Income": "1,363,000", "Net Non Operating Interest Income Expense": "-505,000", "Other Income Expense": "-4,078,000", "Pretax Income": "-3,220,000", "Tax Provision": "-278,000", "Net Income Common Stockholders": "-2,945,000", "Diluted NI Available to Com Stockholders": "-2,945,000", "Basic EPS": "-", "Diluted EPS": "-", "Basic Average Shares": "-", "Diluted Average Shares": "-", "Total Operating Income as Reported": "-2,436,000", "Total Expenses": "13,082,000", "Net Income from Continuing & Discontinued Operation": "-2,945,000", "Normalized Income": "424,004", "Interest Expense": "505,000", "Net Interest Income": "-505,000", "EBIT": "-2,715,000", "EBITDA": "-", "Reconciled Cost of Revenue": "12,900,000", "Reconciled Depreciation": "1,058,000", "Net Income from Continuing Operation Net Minority Interest": "-2,945,000", "Total Unusual Items Excluding Goodwill": "-3,686,000", "Total Unusual Items": "-3,686,000", "Normalized EBITDA": "2,029,000", "Tax Rate for Calcs": "0", "Tax Effect of Unusual Items": "-316,996"}, "12/31/2019": {"Duration": "12/31/2019", "Total Revenue": "22,408,000", "Cost of Revenue": "20,123,000", "Gross Profit": "2,285,000", "Operating Expense": "227,000", "Operating Income": "2,058,000", "Net Non Operating Interest Income Expense": "-569,000", "Other Income Expense": "-2,611,000", "Pretax Income": "-1,122,000", "Tax Provision": "7,000", "Net Income Common Stockholders": "-1,131,000", "Diluted NI Available to Com Stockholders": "-1,131,000", "Basic EPS": "-1.29", "Diluted EPS": "-1.29", "Basic Average Shares": "875,000", "Diluted Average Shares": "875,000", "Total Operating Income as Reported": "-448,000", "Total Expenses": "20,350,000", "Net Income from Continuing & Discontinued Operation": "-1,131,000", "Normalized Income": "499,090", "Interest Expense": "569,000", "Net Interest Income": "-569,000", "EBIT": "-553,000", "EBITDA": "-", "Reconciled Cost of Revenue": "20,123,000", "Reconciled Depreciation": "1,625,000", "Net Income from Continuing Operation Net Minority Interest": "-1,131,000", "Total Unusual Items Excluding Goodwill": "-2,233,000", "Total Unusual Items": "-2,233,000", "Normalized EBITDA": "3,305,000", "Tax Rate for Calcs": "0", "Tax Effect of Unusual Items": "-602,910"}, "12/31/2018": {"Duration": "12/31/2018", "Total Revenue": "23,995,000", "Cost of Revenue": "21,009,000", "Gross Profit": "2,986,000", "Operating Expense": "254,000", "Operating Income": "2,732,000", "Net Non Operating Interest Income Expense": "-554,000", "Other Income Expense": "-364,000", "Pretax Income": "1,814,000", "Tax Provision": "157,000", "Net Income Common Stockholders": "1,656,000", "Diluted NI Available to Com Stockholders": "1,656,000", "Basic EPS": "1.89", "Diluted EPS": "1.89", "Basic Average Shares": "875,000", "Diluted Average Shares": "877,000", "Total Operating Income as Reported": "2,467,000", "Total Expenses": "21,263,000", "Net Income from Continuing & Discontinued Operation": "1,656,000", "Normalized Income": "1,897,945", "Interest Expense": "554,000", "Net Interest Income": "-554,000", "EBIT": "2,368,000", "EBITDA": "-", "Reconciled Cost of Revenue": "21,009,000", "Reconciled Depreciation": "1,606,000", "Net Income from Continuing Operation Net Minority Interest": "1,656,000", "Total Unusual Items Excluding Goodwill": "-265,000", "Total Unusual Items": "-265,000", "Normalized EBITDA": "4,239,000", "Tax Rate for Calcs": "0", "Tax Effect of Unusual Items": "-23,055"}}, "bs": {"12/31/2020": {"Duration": "12/31/2020", "Total Assets": "20,680,000", "Total Liabilities Net Minority Interest": "15,697,000", "Total Equity Gross Minority Interest": "4,983,000", "Total Capitalization": "14,106,000", "Common Stock Equity": "4,974,000", "Capital Lease Obligations": "1,009,000", "Net Tangible Assets": "2,170,000", "Working Capital": "5,054,000", "Invested Capital": "14,801,000", "Tangible Book Value": "2,170,000", "Total Debt": "10,836,000", "Net Debt": "7,264,000", "Share Issued": "1,066,000", "Ordinary Shares Number": "885,000", "Treasury Shares Number": "181,000"}, "12/31/2019": {"Duration": "12/31/2019", "Total Assets": "25,377,000", "Total Liabilities Net Minority Interest": "17,352,000", "Total Equity Gross Minority Interest": "8,025,000", "Total Capitalization": "18,328,000", "Common Stock Equity": "8,012,000", "Capital Lease Obligations": "1,033,000", "Net Tangible Assets": "5,200,000", "Working Capital": "6,334,000", "Invested Capital": "18,328,000", "Tangible Book Value": "5,200,000", "Total Debt": "11,349,000", "Net Debt": "8,048,000", "Share Issued": "1,068,000", "Ordinary Shares Number": "878,000", "Treasury Shares Number": "190,000"}, "12/31/2018": {"Duration": "12/31/2018", "Total Assets": "25,982,000", "Total Liabilities Net Minority Interest": "16,438,000", "Total Equity Gross Minority Interest": "9,544,000", "Total Capitalization": "19,943,000", "Common Stock Equity": "9,522,000", "Capital Lease Obligations": "-", "Net Tangible Assets": "6,697,000", "Working Capital": "6,349,000", "Invested Capital": "19,979,000", "Tangible Book Value": "6,697,000", "Total Debt": "10,457,000", "Net Debt": "8,449,000", "Share Issued": "1,069,000", "Ordinary Shares Number": "871,000", "Treasury Shares Number": "198,000"}}, "cf": {"TTM": {"Duration": "TTM", "Operating Cash Flow": "1,881,000", "Investing Cash Flow": "-486,000", "Financing Cash Flow": "-1,007,000", "End Cash Position": "2,563,000", "Income Tax Paid Supplemental Data": "300,000", "Interest Paid Supplemental Data": "509,000", "Capital Expenditure": "-728,000", "Issuance of Capital Stock": "87,000", "Issuance of Debt": "994,000", "Repayment of Debt": "-1,654,000", "Repurchase of Capital Stock": "-100,000", "Free Cash Flow": "1,153,000"}, "12/31/2020": {"Duration": "12/31/2020", "Operating Cash Flow": "1,881,000", "Investing Cash Flow": "-486,000", "Financing Cash Flow": "-1,007,000", "End Cash Position": "2,563,000", "Income Tax Paid Supplemental Data": "300,000", "Interest Paid Supplemental Data": "509,000", "Capital Expenditure": "-728,000", "Issuance of Capital Stock": "87,000", "Issuance of Debt": "994,000", "Repayment of Debt": "-1,654,000", "Repurchase of Capital Stock": "-100,000", "Free Cash Flow": "1,153,000"}, "12/31/2019": {"Duration": "12/31/2019", "Operating Cash Flow": "2,445,000", "Investing Cash Flow": "-1,445,000", "Financing Cash Flow": "-695,000", "End Cash Position": "2,268,000", "Income Tax Paid Supplemental Data": "363,000", "Interest Paid Supplemental Data": "534,000", "Capital Expenditure": "-1,530,000", "Issuance of Capital Stock": "118,000", "Issuance of Debt": "-", "Repayment of Debt": "-13,000", "Repurchase of Capital Stock": "-100,000", "Free Cash Flow": "915,000"}, "12/31/2018": {"Duration": "12/31/2018", "Operating Cash Flow": "3,157,000", "Investing Cash Flow": "-1,993,000", "Financing Cash Flow": "-1,419,000", "End Cash Position": "2,008,000", "Income Tax Paid Supplemental Data": "-178,000", "Interest Paid Supplemental Data": "-556,000", "Capital Expenditure": "-2,026,000", "Issuance of Capital Stock": "195,000", "Issuance of Debt": "-", "Repayment of Debt": "-445,000", "Repurchase of Capital Stock": "-400,000", "Free Cash Flow": "1,131,000"}}}}, {"GEOS": {"quote": {"04/03/2021": {"value": "9.01", "Market Cap": "122.436M", "Beta (5Y Monthly)": "2.12", "PE Ratio (TTM)": "N/A", "EPS (TTM)": "-0.81", "Earnings Date": "Feb 04, 2021", "Forward Dividend & Yield": "N/A (N/A)", "Ex-Dividend Date": "N/A", "1y Target Est": "N/A"}}, "fin": {"TTM": {"Duration": "TTM", "Total Revenue": "98,590", "Cost of Revenue": "70,930", "Gross Profit": "27,660", "Operating Expense": "38,218", "Operating Income": "-10,558", "Net Non Operating Interest Income Expense": "1,263", "Other Income Expense": "-428", "Pretax Income": "-9,723", "Tax Provision": "1,287", "Net Income Common Stockholders": "-11,010", "Average Dilution Earnings": "-", "Diluted NI Available to Com Stockholders": "-11,010", "Basic EPS": "-", "Diluted EPS": "-", "Basic Average Shares": "-", "Diluted Average Shares": "-", "Total Operating Income as Reported": "-11,675", "Total Expenses": "109,148", "Net Income from Continuing & Discontinued Operation": "-11,010", "Normalized Income": "-10,758", "Interest Income": "1,289", "Interest Expense": "26", "Net Interest Income": "1,263", "EBIT": "-9,697", "EBITDA": "13,439", "Reconciled Cost of Revenue": "70,930", "Reconciled Depreciation": "23,136", "Net Income from Continuing Operation Net Minority Interest": "-11,010", "Total Unusual Items Excluding Goodwill": "-345", "Total Unusual Items": "-345", "Normalized EBITDA": "13,784", "Tax Rate for Calcs": "0", "Tax Effect of Unusual Items": "-93.15"}, "9/30/2020": {"Duration": "9/30/2020", "Total Revenue": "87,835", "Cost of Revenue": "64,403", "Gross Profit": "23,432", "Operating Expense": "39,637", "Operating Income": "-16,205", "Net Non Operating Interest Income Expense": "1,064", "Other Income Expense": "-1,452", "Pretax Income": "-16,593", "Tax Provision": "2,649", "Net Income Common Stockholders": "-19,242", "Average Dilution Earnings": "0", "Diluted NI Available to Com Stockholders": "-19,242", "Basic EPS": "-1.42", "Diluted EPS": "-1.42", "Basic Average Shares": "13,525", "Diluted Average Shares": "13,525", "Total Operating Income as Reported": "-18,039", "Total Expenses": "104,040", "Net Income from Continuing & Discontinued Operation": "-19,242", "Normalized Income": "-18,262", "Interest Income": "1,102", "Interest Expense": "38", "Net Interest Income": "1,064", "EBIT": "-16,555", "EBITDA": "-", "Reconciled Cost of Revenue": "64,403", "Reconciled Depreciation": "23,693", "Net Income from Continuing Operation Net Minority Interest": "-19,242", "Total Unusual Items Excluding Goodwill": "-1,343", "Total Unusual Items": "-1,343", "Normalized EBITDA": "8,481", "Tax Rate for Calcs": "0", "Tax Effect of Unusual Items": "-362.61"}, "9/30/2019": {"Duration": "9/30/2019", "Total Revenue": "95,809", "Cost of Revenue": "64,381", "Gross Profit": "31,428", "Operating Expense": "39,121", "Operating Income": "-7,693", "Net Non Operating Interest Income Expense": "1,209", "Other Income Expense": "8,755", "Pretax Income": "2,271", "Tax Provision": "2,417", "Net Income Common Stockholders": "-146", "Average Dilution Earnings": "-", "Diluted NI Available to Com Stockholders": "-146", "Basic EPS": "-0.01", "Diluted EPS": "-0.01", "Basic Average Shares": "13,389", "Diluted Average Shares": "13,389", "Total Operating Income as Reported": "1,033", "Total Expenses": "103,502", "Net Income from Continuing & Discontinued Operation": "-146", "Normalized Income": "-6,692", "Interest Income": "1,308", "Interest Expense": "99", "Net Interest Income": "1,209", "EBIT": "2,370", "EBITDA": "-", "Reconciled Cost of Revenue": "64,381", "Reconciled Depreciation": "19,339", "Net Income from Continuing Operation Net Minority Interest": "-146", "Total Unusual Items Excluding Goodwill": "8,967", "Total Unusual Items": "8,967", "Normalized EBITDA": "12,742", "Tax Rate for Calcs": "0", "Tax Effect of Unusual Items": "2,421"}, "9/30/2018": {"Duration": "9/30/2018", "Total Revenue": "75,748", "Cost of Revenue": "64,776", "Gross Profit": "10,972", "Operating Expense": "30,706", "Operating Income": "-19,734", "Net Non Operating Interest Income Expense": "747", "Other Income Expense": "-805", "Pretax Income": "-19,792", "Tax Provision": "-580", "Net Income Common Stockholders": "-19,212", "Average Dilution Earnings": "-", "Diluted NI Available to Com Stockholders": "-19,212", "Basic EPS": "-1.45", "Diluted EPS": "-1.45", "Basic Average Shares": "13,251", "Diluted Average Shares": "13,251", "Total Operating Income as Reported": "-20,743", "Total Expenses": "95,482", "Net Income from Continuing & Discontinued Operation": "-19,212", "Normalized Income": "-18,547", "Interest Income": "1,083", "Interest Expense": "336", "Net Interest Income": "747", "EBIT": "-19,456", "EBITDA": "-", "Reconciled Cost of Revenue": "64,776", "Reconciled Depreciation": "14,412", "Net Income from Continuing Operation Net Minority Interest": "-19,212", "Total Unusual Items Excluding Goodwill": "-685", "Total Unusual Items": "-685", "Normalized EBITDA": "-4,359", "Tax Rate for Calcs": "0", "Tax Effect of Unusual Items": "-19.865"}}, "bs": {"9/30/2020": {"Duration": "9/30/2020", "Total Assets": "186,845", "Total Liabilities Net Minority Interest": "25,875", "Total Equity Gross Minority Interest": "160,970", "Total Capitalization": "160,970", "Common Stock Equity": "160,970", "Net Tangible Assets": "148,302", "Working Capital": "54,591", "Invested Capital": "160,970", "Tangible Book Value": "148,302", "Share Issued": "13,671", "Ordinary Shares Number": "13,671"}, "9/30/2019": {"Duration": "9/30/2019", "Total Assets": "202,001", "Total Liabilities Net Minority Interest": "23,154", "Total Equity Gross Minority Interest": "178,847", "Total Capitalization": "178,847", "Common Stock Equity": "178,847", "Net Tangible Assets": "163,776", "Working Capital": "58,044", "Invested Capital": "178,847", "Tangible Book Value": "163,776", "Share Issued": "13,631", "Ordinary Shares Number": "13,631"}, "9/30/2018": {"Duration": "9/30/2018", "Total Assets": "199,080", "Total Liabilities Net Minority Interest": "22,493", "Total Equity Gross Minority Interest": "176,587", "Total Capitalization": "176,587", "Common Stock Equity": "176,587", "Net Tangible Assets": "164,238", "Working Capital": "61,919", "Invested Capital": "176,587", "Tangible Book Value": "164,238", "Share Issued": "13,601", "Ordinary Shares Number": "13,601"}}, "cf": {"TTM": {"Duration": "TTM", "Operating Cash Flow": "23,790", "Investing Cash Flow": "1,088", "Financing Cash Flow": "-906", "End Cash Position": "34,113", "Income Tax Paid Supplemental Data": "1,130", "Interest Paid Supplemental Data": "26", "Capital Expenditure": "-2,191", "Free Cash Flow": "21,599"}, "9/30/2020": {"Duration": "9/30/2020", "Operating Cash Flow": "18,122", "Investing Cash Flow": "-4,050", "Financing Cash Flow": "-78", "End Cash Position": "32,686", "Income Tax Paid Supplemental Data": "2,530", "Interest Paid Supplemental Data": "38", "Capital Expenditure": "-8,403", "Free Cash Flow": "9,719"}, "9/30/2019": {"Duration": "9/30/2019", "Operating Cash Flow": "5,629", "Investing Cash Flow": "1,560", "Financing Cash Flow": "215", "End Cash Position": "18,925", "Income Tax Paid Supplemental Data": "-", "Interest Paid Supplemental Data": "-", "Capital Expenditure": "-36,006", "Free Cash Flow": "-30,377"}, "9/30/2018": {"Duration": "9/30/2018", "Operating Cash Flow": "-10,401", "Investing Cash Flow": "7,777", "Financing Cash Flow": "63", "End Cash Position": "11,934", "Income Tax Paid Supplemental Data": "-", "Interest Paid Supplemental Data": "-", "Capital Expenditure": "-8,234", "Free Cash Flow": "-18,635"}}}}, {"CGG": {"quote": {"04/03/2021": {"value": "", "Net Assets": "N/A", "Beta (5Y Monthly)": "N/A", "Yield": "N/A", "5y Average Return": "N/A", "Holdings Turnover": "N/A", "Last Dividend": "N/A", "Average for Category": "N/A", "Inception Date": "N/A"}}, "fin": {}, "bs": {}, "cf": {}}}, {"TESO": {"quote": {"04/03/2021": {"value": "", "Net Assets": "N/A", "Beta (5Y Monthly)": "N/A", "Yield": "N/A", "5y Average Return": "N/A", "Holdings Turnover": "N/A", "Last Dividend": "N/A", "Average for Category": "N/A", "Inception Date": "N/A"}}, "fin": {}, "bs": {}, "cf": {}}}, {"MTRX": {"quote": {"04/03/2021": {"value": "13.70", "Market Cap": "363.19M", "Beta (5Y Monthly)": "1.68", "PE Ratio (TTM)": "N/A", "EPS (TTM)": "-0.71", "Earnings Date": "May 04, 2021 - May 10, 2021", "Forward Dividend & Yield": "N/A (N/A)", "Ex-Dividend Date": "N/A", "1y Target Est": "16.50"}}, "fin": {"TTM": {"Duration": "TTM", "Total Revenue": "794,403", "Cost of Revenue": "725,030", "Gross Profit": "69,373", "Operating Expense": "74,272", "Operating Income": "-4,899", "Net Non Operating Interest Income Expense": "-1,047", "Other Income Expense": "-16,820", "Pretax Income": "-22,766", "Tax Provision": "-3,921", "Net Income Common Stockholders": "-18,845", "Diluted NI Available to Com Stockholders": "-18,845", "Basic EPS": "-", "Diluted EPS": "-", "Basic Average Shares": "-", "Diluted Average Shares": "-", "Total Operating Income as Reported": "-23,634", "Total Expenses": "799,302", "Net Income from Continuing & Discontinued Operation": "-18,845", "Normalized Income": "-3,337", "Interest Income": "450", "Interest Expense": "1,497", "Net Interest Income": "-1,047", "EBIT": "-21,269", "EBITDA": "-2,560", "Reconciled Cost of Revenue": "725,030", "Reconciled Depreciation": "18,709", "Net Income from Continuing Operation Net Minority Interest": "-18,845", "Total Unusual Items Excluding Goodwill": "-18,735", "Total Unusual Items": "-18,735", "Normalized EBITDA": "16,175", "Tax Rate for Calcs": "0", "Tax Effect of Unusual Items": "-3,227"}, "6/30/2020": {"Duration": "6/30/2020", "Total Revenue": "1,100,938", "Cost of Revenue": "998,762", "Gross Profit": "102,176", "Operating Expense": "86,276", "Operating Income": "15,900", "Net Non Operating Interest Income Expense": "-327", "Other Income Expense": "-52,217", "Pretax Income": "-36,644", "Tax Provision": "-3,570", "Net Income Common Stockholders": "-33,074", "Diluted NI Available to Com Stockholders": "-33,074", "Basic EPS": "-1.24", "Diluted EPS": "-1.24", "Basic Average Shares": "26,621", "Diluted Average Shares": "26,621", "Total Operating Income as Reported": "-36,625", "Total Expenses": "1,085,038", "Net Income from Continuing & Discontinued Operation": "-33,074", "Normalized Income": "14,356", "Interest Income": "1,270", "Interest Expense": "1,597", "Net Interest Income": "-327", "EBIT": "-35,047", "EBITDA": "-", "Reconciled Cost of Revenue": "998,762", "Reconciled Depreciation": "19,124", "Net Income from Continuing Operation Net Minority Interest": "-33,074", "Total Unusual Items Excluding Goodwill": "-52,525", "Total Unusual Items": "-52,525", "Normalized EBITDA": "36,602", "Tax Rate for Calcs": "0", "Tax Effect of Unusual Items": "-5,095"}, "6/30/2019": {"Duration": "6/30/2019", "Total Revenue": "1,416,680", "Cost of Revenue": "1,284,729", "Gross Profit": "131,951", "Operating Expense": "94,021", "Operating Income": "37,930", "Net Non Operating Interest Income Expense": "-129", "Other Income Expense": "611", "Pretax Income": "38,412", "Tax Provision": "10,430", "Net Income Common Stockholders": "27,982", "Diluted NI Available to Com Stockholders": "27,982", "Basic EPS": "1.04", "Diluted EPS": "1.01", "Basic Average Shares": "26,891", "Diluted Average Shares": "27,587", "Total Operating Income as Reported": "37,930", "Total Expenses": "1,378,750", "Net Income from Continuing & Discontinued Operation": "27,982", "Normalized Income": "27,982", "Interest Income": "1,167", "Interest Expense": "1,296", "Net Interest Income": "-129", "EBIT": "39,708", "EBITDA": "-", "Reconciled Cost of Revenue": "1,284,729", "Reconciled Depreciation": "18,224", "Net Income from Continuing Operation Net Minority Interest": "27,982", "Total Unusual Items Excluding Goodwill": "0", "Total Unusual Items": "0", "Normalized EBITDA": "57,932", "Tax Rate for Calcs": "0", "Tax Effect of Unusual Items": "0"}, "6/30/2018": {"Duration": "6/30/2018", "Total Revenue": "1,091,553", "Cost of Revenue": "999,617", "Gross Profit": "91,936", "Operating Expense": "84,417", "Operating Income": "7,519", "Net Non Operating Interest Income Expense": "-2,219", "Other Income Expense": "-17,448", "Pretax Income": "-12,148", "Tax Provision": "-668", "Net Income Common Stockholders": "-11,480", "Diluted NI Available to Com Stockholders": "-11,480", "Basic EPS": "-0.43", "Diluted EPS": "-0.43", "Basic Average Shares": "26,769", "Diluted Average Shares": "26,769", "Total Operating Income as Reported": "-10,479", "Total Expenses": "1,084,034", "Net Income from Continuing & Discontinued Operation": "-11,480", "Normalized Income": "5,528", "Interest Income": "381", "Interest Expense": "2,600", "Net Interest Income": "-2,219", "EBIT": "-9,548", "EBITDA": "-", "Reconciled Cost of Revenue": "999,617", "Reconciled Depreciation": "20,347", "Net Income from Continuing Operation Net Minority Interest": "-11,480", "Total Unusual Items Excluding Goodwill": "-17,998", "Total Unusual Items": "-17,998", "Normalized EBITDA": "28,797", "Tax Rate for Calcs": "0", "Tax Effect of Unusual Items": "-989.89"}}, "bs": {"6/30/2020": {"Duration": "6/30/2020", "Total Assets": "517,310", "Total Liabilities Net Minority Interest": "209,421", "Total Equity Gross Minority Interest": "307,889", "Total Capitalization": "317,097", "Common Stock Equity": "307,889", "Capital Lease Obligations": "27,565", "Net Tangible Assets": "238,683", "Working Capital": "159,213", "Invested Capital": "317,097", "Tangible Book Value": "238,683", "Total Debt": "36,773", "Net Debt": "-", "Share Issued": "27,888", "Ordinary Shares Number": "26,142", "Treasury Shares Number": "1,747"}, "6/30/2019": {"Duration": "6/30/2019", "Total Assets": "633,394", "Total Liabilities Net Minority Interest": "281,437", "Total Equity Gross Minority Interest": "351,957", "Total Capitalization": "357,304", "Common Stock Equity": "351,957", "Capital Lease Obligations": "-", "Net Tangible Assets": "239,117", "Working Capital": "141,811", "Invested Capital": "357,304", "Tangible Book Value": "239,117", "Total Debt": "5,347", "Net Debt": "-", "Share Issued": "27,888", "Ordinary Shares Number": "26,807", "Treasury Shares Number": "1,081"}, "6/30/2018": {"Duration": "6/30/2018", "Total Assets": "558,033", "Total Liabilities Net Minority Interest": "239,190", "Total Equity Gross Minority Interest": "318,843", "Total Capitalization": "318,843", "Common Stock Equity": "318,843", "Capital Lease Obligations": "-", "Net Tangible Assets": "199,867", "Working Capital": "118,581", "Invested Capital": "318,843", "Tangible Book Value": "199,867", "Total Debt": "-", "Net Debt": "-", "Share Issued": "27,888", "Ordinary Shares Number": "26,854", "Treasury Shares Number": "1,034"}}, "cf": {"TTM": {"Duration": "TTM", "Operating Cash Flow": "11,284", "Investing Cash Flow": "-4,435", "Financing Cash Flow": "-23,906", "End Cash Position": "93,438", "Income Tax Paid Supplemental Data": "1,840", "Interest Paid Supplemental Data": "2,240", "Capital Expenditure": "-7,115", "Issuance of Capital Stock": "0", "Issuance of Debt": "2,297", "Repayment of Debt": "-17,144", "Repurchase of Capital Stock": "-7,132", "Free Cash Flow": "4,169"}, "6/30/2020": {"Duration": "6/30/2020", "Operating Cash Flow": "44,085", "Investing Cash Flow": "-17,116", "Financing Cash Flow": "-16,039", "End Cash Position": "100,036", "Income Tax Paid Supplemental Data": "6,394", "Interest Paid Supplemental Data": "2,148", "Capital Expenditure": "-18,539", "Issuance of Capital Stock": "0", "Issuance of Debt": "18,567", "Repayment of Debt": "-14,357", "Repurchase of Capital Stock": "-17,045", "Free Cash Flow": "25,546"}, "6/30/2019": {"Duration": "6/30/2019", "Operating Cash Flow": "41,394", "Investing Cash Flow": "-14,448", "Financing Cash Flow": "-1,107", "End Cash Position": "89,715", "Income Tax Paid Supplemental Data": "3,309", "Interest Paid Supplemental Data": "1,705", "Capital Expenditure": "-19,558", "Issuance of Capital Stock": "128", "Issuance of Debt": "16,225", "Repayment of Debt": "-10,896", "Repurchase of Capital Stock": "-5,190", "Free Cash Flow": "21,836"}, "6/30/2018": {"Duration": "6/30/2018", "Operating Cash Flow": "74,671", "Investing Cash Flow": "-9,336", "Financing Cash Flow": "-45,312", "End Cash Position": "64,057", "Income Tax Paid Supplemental Data": "1,410", "Interest Paid Supplemental Data": "2,719", "Capital Expenditure": "-8,711", "Issuance of Capital Stock": "317", "Issuance of Debt": "85,317", "Repayment of Debt": "-130,248", "Repurchase of Capital Stock": "0", "Free Cash Flow": "65,960"}}}}, {"USAC": {"quote": {"04/03/2021": {"value": "14.32", "Market Cap": "1.389B", "Beta (5Y Monthly)": "2.28", "PE Ratio (TTM)": "N/A", "EPS (TTM)": "-6.65", "Earnings Date": "May 03, 2021 - May 07, 2021", "Forward Dividend & Yield": "2.10 (14.66%)", "Ex-Dividend Date": "Jan 22, 2021", "1y Target Est": "15.00"}}, "fin": {"TTM": {"Duration": "TTM", "Total Revenue": "667,683", "Cost of Revenue": "444,907", "Gross Profit": "222,776", "Operating Expense": "59,981", "Operating Income": "162,795", "Net Non Operating Interest Income Expense": "-128,633", "Other Income Expense": "-627,561", "Pretax Income": "-593,399", "Tax Provision": "1,333", "Net Income Common Stockholders": "-643,482", "Diluted NI Available to Com Stockholders": "-643,482", "Basic EPS": "-", "Diluted EPS": "-", "Basic Average Shares": "-", "Diluted Average Shares": "-", "Total Operating Income as Reported": "-464,852", "Total Expenses": "504,888", "Net Income from Continuing & Discontinued Operation": "-594,732", "Normalized Income": "-136,550", "Interest Expense": "128,633", "Net Interest Income": "-128,633", "EBIT": "-464,766", "EBITDA": "-225,798", "Reconciled Cost of Revenue": "444,907", "Reconciled Depreciation": "238,968", "Net Income from Continuing Operation Net Minority Interest": "-594,732", "Total Unusual Items Excluding Goodwill": "-627,647", "Total Unusual Items": "-627,647", "Normalized EBITDA": "401,849", "Tax Rate for Calcs": "0", "Tax Effect of Unusual Items": "-169,465"}, "12/31/2020": {"Duration": "12/31/2020", "Total Revenue": "667,683", "Cost of Revenue": "444,907", "Gross Profit": "222,776", "Operating Expense": "59,981", "Operating Income": "162,795", "Net Non Operating Interest Income Expense": "-128,633", "Other Income Expense": "-627,561", "Pretax Income": "-593,399", "Tax Provision": "1,333", "Net Income Common Stockholders": "-643,482", "Diluted NI Available to Com Stockholders": "-643,482", "Basic EPS": "-", "Diluted EPS": "-", "Basic Average Shares": "-", "Diluted Average Shares": "-", "Total Operating Income as Reported": "-464,852", "Total Expenses": "504,888", "Net Income from Continuing & Discontinued Operation": "-594,732", "Normalized Income": "-136,550", "Interest Expense": "128,633", "Net Interest Income": "-128,633", "EBIT": "-464,766", "EBITDA": "-", "Reconciled Cost of Revenue": "444,907", "Reconciled Depreciation": "238,968", "Net Income from Continuing Operation Net Minority Interest": "-594,732", "Total Unusual Items Excluding Goodwill": "-627,647", "Total Unusual Items": "-627,647", "Normalized EBITDA": "401,849", "Tax Rate for Calcs": "0", "Tax Effect of Unusual Items": "-169,465"}, "12/31/2019": {"Duration": "12/31/2019", "Total Revenue": "698,365", "Cost of Revenue": "458,750", "Gross Profit": "239,615", "Operating Expense": "64,397", "Operating Income": "175,218", "Net Non Operating Interest Income Expense": "-127,146", "Other Income Expense": "-6,754", "Pretax Income": "41,318", "Tax Provision": "2,186", "Net Income Common Stockholders": "-9,618", "Diluted NI Available to Com Stockholders": "-1,774", "Basic EPS": "-0.02", "Diluted EPS": "-0.02", "Basic Average Shares": "96,592", "Diluted Average Shares": "96,592", "Total Operating Income as Reported": "168,384", "Total Expenses": "523,147", "Net Income from Continuing & Discontinued Operation": "39,132", "Normalized Income": "45,604", "Interest Expense": "127,146", "Net Interest Income": "-127,146", "EBIT": "168,464", "EBITDA": "-", "Reconciled Cost of Revenue": "458,750", "Reconciled Depreciation": "231,447", "Net Income from Continuing Operation Net Minority Interest": "39,132", "Total Unusual Items Excluding Goodwill": "-6,834", "Total Unusual Items": "-6,834", "Normalized EBITDA": "406,745", "Tax Rate for Calcs": "0", "Tax Effect of Unusual Items": "-361.5645"}, "12/31/2018": {"Duration": "12/31/2018", "Total Revenue": "584,352", "Cost of Revenue": "428,416", "Gross Profit": "155,936", "Operating Expense": "68,995", "Operating Income": "86,941", "Net Non Operating Interest Income Expense": "-78,377", "Other Income Expense": "-21,589", "Pretax Income": "-13,025", "Tax Provision": "-2,474", "Net Income Common Stockholders": "-46,981", "Diluted NI Available to Com Stockholders": "-46,981", "Basic EPS": "-0.43", "Diluted EPS": "-0.43", "Basic Average Shares": "109,258", "Diluted Average Shares": "109,258", "Total Operating Income as Reported": "65,311", "Total Expenses": "497,411", "Net Income from Continuing & Discontinued Operation": "-10,551", "Normalized Income": "6,971", "Interest Expense": "78,377", "Net Interest Income": "-78,377", "EBIT": "65,352", "EBITDA": "-", "Reconciled Cost of Revenue": "428,416", "Reconciled Depreciation": "213,692", "Net Income from Continuing Operation Net Minority Interest": "-10,551", "Total Unusual Items Excluding Goodwill": "-21,630", "Total Unusual Items": "-21,630", "Normalized EBITDA": "300,674", "Tax Rate for Calcs": "0", "Tax Effect of Unusual Items": "-4,108"}}, "bs": {"12/31/2020": {"Duration": "12/31/2020", "Total Assets": "2,948,700", "Total Liabilities Net Minority Interest": "2,133,736", "Total Equity Gross Minority Interest": "814,964", "Total Capitalization": "2,741,969", "Common Stock Equity": "814,964", "Capital Lease Obligations": "21,220", "Net Tangible Assets": "-333,791", "Working Capital": "29,283", "Invested Capital": "2,741,969", "Tangible Book Value": "481,173", "Total Debt": "1,948,225", "Net Debt": "1,927,003", "Share Issued": "96,962", "Ordinary Shares Number": "96,962"}, "12/31/2019": {"Duration": "12/31/2019", "Total Assets": "3,730,407", "Total Liabilities Net Minority Interest": "2,072,500", "Total Equity Gross Minority Interest": "1,657,907", "Total Capitalization": "3,510,267", "Common Stock Equity": "1,657,907", "Capital Lease Obligations": "17,343", "Net Tangible Assets": "-982,582", "Working Capital": "41,548", "Invested Capital": "3,510,267", "Tangible Book Value": "675,325", "Total Debt": "1,869,703", "Net Debt": "1,852,350", "Share Issued": "96,632", "Ordinary Shares Number": "96,632"}, "12/31/2018": {"Duration": "12/31/2018", "Total Assets": "3,774,649", "Total Liabilities Net Minority Interest": "1,918,484", "Total Equity Gross Minority Interest": "1,856,165", "Total Capitalization": "3,615,223", "Common Stock Equity": "1,856,165", "Capital Lease Obligations": "-", "Net Tangible Assets": "-1,011,961", "Working Capital": "68,141", "Invested Capital": "3,615,223", "Tangible Book Value": "844,204", "Total Debt": "1,759,058", "Net Debt": "1,758,959", "Share Issued": "96,382", "Ordinary Shares Number": "96,382"}}, "cf": {"TTM": {"Duration": "TTM", "Operating Cash Flow": "293,198", "Investing Cash Flow": "-105,099", "Financing Cash Flow": "-188,107", "End Cash Position": "2", "Income Tax Paid Supplemental Data": "633", "Interest Paid Supplemental Data": "120,729", "Capital Expenditure": "-109,070", "Issuance of Capital Stock": "0", "Issuance of Debt": "777,472", "Repayment of Debt": "-706,384", "Free Cash Flow": "184,128"}, "12/31/2020": {"Duration": "12/31/2020", "Operating Cash Flow": "293,198", "Investing Cash Flow": "-105,099", "Financing Cash Flow": "-188,107", "End Cash Position": "2", "Income Tax Paid Supplemental Data": "633", "Interest Paid Supplemental Data": "120,729", "Capital Expenditure": "-109,070", "Issuance of Capital Stock": "0", "Issuance of Debt": "777,472", "Repayment of Debt": "-706,384", "Free Cash Flow": "184,128"}, "12/31/2019": {"Duration": "12/31/2019", "Operating Cash Flow": "300,580", "Investing Cash Flow": "-144,490", "Financing Cash Flow": "-156,179", "End Cash Position": "10", "Income Tax Paid Supplemental Data": "493", "Interest Paid Supplemental Data": "105,356", "Capital Expenditure": "-171,149", "Issuance of Capital Stock": "0", "Issuance of Debt": "1,602,265", "Repayment of Debt": "-1,499,090", "Free Cash Flow": "129,431"}, "12/31/2018": {"Duration": "12/31/2018", "Operating Cash Flow": "226,340", "Investing Cash Flow": "-779,663", "Financing Cash Flow": "549,409", "End Cash Position": "99", "Income Tax Paid Supplemental Data": "183", "Interest Paid Supplemental Data": "61,021", "Capital Expenditure": "-266,566", "Issuance of Capital Stock": "479,100", "Issuance of Debt": "697,684", "Repayment of Debt": "-467,199", "Free Cash Flow": "-40,226"}}}}, {"CELP": {"quote": {"04/03/2021": {"value": "2.3400", "Market Cap": "28.855M", "Beta (5Y Monthly)": "1.54", "PE Ratio (TTM)": "N/A", "EPS (TTM)": "-0.4600", "Earnings Date": "Mar 23, 2021", "Forward Dividend & Yield": "N/A (N/A)", "Ex-Dividend Date": "May 07, 2020", "1y Target Est": "3.50"}}, "fin": {"TTM": {"Duration": "TTM", "Total Revenue": "205,996", "Cost of Revenue": "182,367", "Gross Profit": "23,629", "Operating Expense": "20,100", "Operating Income": "3,529", "Net Non Operating Interest Income Expense": "-4,028", "Other Income Expense": "675", "Pretax Income": "176", "Tax Provision": "542", "Net Income Common Stockholders": "-5,548", "Diluted NI Available to Com Stockholders": "-5,548", "Basic EPS": "-", "Diluted EPS": "-", "Basic Average Shares": "-", "Diluted Average Shares": "-", "Total Operating Income as Reported": "3,556", "Total Expenses": "202,467", "Net Income from Continuing & Discontinued Operation": "-1,415", "Normalized Income": "-1,513", "Interest Expense": "4,028", "Net Interest Income": "-4,028", "EBIT": "4,204", "EBITDA": "10,019", "Reconciled Cost of Revenue": "182,367", "Reconciled Depreciation": "5,815", "Net Income from Continuing Operation Net Minority Interest": "-1,415", "Total Unusual Items Excluding Goodwill": "134", "Total Unusual Items": "134", "Normalized EBITDA": "9,885", "Tax Rate for Calcs": "0", "Tax Effect of Unusual Items": "36.18"}, "12/31/2020": {"Duration": "12/31/2020", "Total Revenue": "205,996", "Cost of Revenue": "182,367", "Gross Profit": "23,629", "Operating Expense": "20,100", "Operating Income": "3,529", "Net Non Operating Interest Income Expense": "-4,028", "Other Income Expense": "675", "Pretax Income": "176", "Tax Provision": "542", "Net Income Common Stockholders": "-5,548", "Diluted NI Available to Com Stockholders": "-5,548", "Basic EPS": "-0.46", "Diluted EPS": "-0.46", "Basic Average Shares": "12,181", "Diluted Average Shares": "12,181", "Total Operating Income as Reported": "3,556", "Total Expenses": "202,467", "Net Income from Continuing & Discontinued Operation": "-1,415", "Normalized Income": "-1,513", "Interest Expense": "4,028", "Net Interest Income": "-4,028", "EBIT": "4,204", "EBITDA": "-", "Reconciled Cost of Revenue": "182,367", "Reconciled Depreciation": "5,815", "Net Income from Continuing Operation Net Minority Interest": "-1,415", "Total Unusual Items Excluding Goodwill": "134", "Total Unusual Items": "134", "Normalized EBITDA": "9,885", "Tax Rate for Calcs": "0", "Tax Effect of Unusual Items": "36.18"}, "12/31/2019": {"Duration": "12/31/2019", "Total Revenue": "401,648", "Cost of Revenue": "352,372", "Gross Profit": "49,276", "Operating Expense": "25,626", "Operating Income": "23,650", "Net Non Operating Interest Income Expense": "-5,330", "Other Income Expense": "1,358", "Pretax Income": "19,678", "Tax Provision": "2,254", "Net Income Common Stockholders": "11,881", "Diluted NI Available to Com Stockholders": "11,881", "Basic EPS": "0.99", "Diluted EPS": "0.88", "Basic Average Shares": "12,039", "Diluted Average Shares": "18,289", "Total Operating Income as Reported": "23,675", "Total Expenses": "377,998", "Net Income from Continuing & Discontinued Operation": "16,014", "Normalized Income": "15,795", "Interest Expense": "5,330", "Net Interest Income": "-5,330", "EBIT": "25,008", "EBITDA": "-", "Reconciled Cost of Revenue": "352,372", "Reconciled Depreciation": "5,537", "Net Income from Continuing Operation Net Minority Interest": "16,014", "Total Unusual Items Excluding Goodwill": "247", "Total Unusual Items": "247", "Normalized EBITDA": "30,298", "Tax Rate for Calcs": "0", "Tax Effect of Unusual Items": "28.2924"}, "12/31/2018": {"Duration": "12/31/2018", "Total Revenue": "314,960", "Cost of Revenue": "275,318", "Gross Profit": "39,642", "Operating Expense": "23,744", "Operating Income": "15,898", "Net Non Operating Interest Income Expense": "-6,206", "Other Income Expense": "3,724", "Pretax Income": "13,416", "Tax Provision": "1,318", "Net Income Common Stockholders": "8,968", "Diluted NI Available to Com Stockholders": "8,968", "Basic EPS": "0.75", "Diluted EPS": "0.72", "Basic Average Shares": "11,929", "Diluted Average Shares": "15,757", "Total Operating Income as Reported": "20,006", "Total Expenses": "299,062", "Net Income from Continuing & Discontinued Operation": "11,413", "Normalized Income": "8,391", "Interest Expense": "6,206", "Net Interest Income": "-6,206", "EBIT": "19,622", "EBITDA": "-", "Reconciled Cost of Revenue": "275,318", "Reconciled Depreciation": "5,480", "Net Income from Continuing Operation Net Minority Interest": "11,413", "Total Unusual Items Excluding Goodwill": "3,351", "Total Unusual Items": "3,351", "Normalized EBITDA": "21,751", "Tax Rate for Calcs": "0", "Tax Effect of Unusual Items": "329.2053"}}, "bs": {"12/31/2020": {"Duration": "12/31/2020", "Total Assets": "119,986", "Total Liabilities Net Minority Interest": "72,081", "Total Equity Gross Minority Interest": "47,905", "Total Capitalization": "105,296", "Common Stock Equity": "43,267", "Capital Lease Obligations": "2,538", "Net Tangible Assets": "-67,775", "Working Capital": "30,325", "Invested Capital": "105,296", "Tangible Book Value": "-24,508", "Total Debt": "64,567", "Net Debt": "44,136", "Share Issued": "12,213", "Ordinary Shares Number": "12,213"}, "12/31/2019": {"Duration": "12/31/2019", "Total Assets": "157,342", "Total Liabilities Net Minority Interest": "99,151", "Total Equity Gross Minority Interest": "58,191", "Total Capitalization": "128,101", "Common Stock Equity": "53,172", "Capital Lease Obligations": "3,426", "Net Tangible Assets": "-70,419", "Working Capital": "47,932", "Invested Capital": "128,101", "Tangible Book Value": "-17,247", "Total Debt": "78,355", "Net Debt": "59,229", "Share Issued": "12,068", "Ordinary Shares Number": "12,068"}, "12/31/2018": {"Duration": "12/31/2018", "Total Assets": "152,853", "Total Liabilities Net Minority Interest": "98,566", "Total Equity Gross Minority Interest": "54,287", "Total Capitalization": "126,807", "Common Stock Equity": "50,678", "Capital Lease Obligations": "-", "Net Tangible Assets": "-73,053", "Working Capital": "43,554", "Invested Capital": "126,807", "Tangible Book Value": "-22,375", "Total Debt": "76,129", "Net Debt": "60,749", "Share Issued": "11,947", "Ordinary Shares Number": "11,947"}}, "cf": {"TTM": {"Duration": "TTM", "Operating Cash Flow": "27,922", "Investing Cash Flow": "-1,654", "Financing Cash Flow": "-23,977", "End Cash Position": "18,544", "Income Tax Paid Supplemental Data": "1,487", "Interest Paid Supplemental Data": "3,374", "Capital Expenditure": "-1,695", "Issuance of Capital Stock": "-", "Issuance of Debt": "39,100", "Repayment of Debt": "-52,255", "Free Cash Flow": "26,227"}, "12/31/2020": {"Duration": "12/31/2020", "Operating Cash Flow": "27,922", "Investing Cash Flow": "-1,654", "Financing Cash Flow": "-23,977", "End Cash Position": "18,544", "Income Tax Paid Supplemental Data": "1,487", "Interest Paid Supplemental Data": "3,374", "Capital Expenditure": "-1,695", "Issuance of Capital Stock": "-", "Issuance of Debt": "39,100", "Repayment of Debt": "-52,255", "Free Cash Flow": "26,227"}, "12/31/2019": {"Duration": "12/31/2019", "Operating Cash Flow": "18,179", "Investing Cash Flow": "-1,933", "Financing Cash Flow": "-15,930", "End Cash Position": "16,251", "Income Tax Paid Supplemental Data": "1,980", "Interest Paid Supplemental Data": "4,783", "Capital Expenditure": "-1,976", "Issuance of Capital Stock": "0", "Issuance of Debt": "7,800", "Repayment of Debt": "-9,191", "Free Cash Flow": "16,203"}, "12/31/2018": {"Duration": "12/31/2018", "Operating Cash Flow": "15,409", "Investing Cash Flow": "7,007", "Financing Cash Flow": "-31,466", "End Cash Position": "15,931", "Income Tax Paid Supplemental Data": "1,174", "Interest Paid Supplemental Data": "5,781", "Capital Expenditure": "-5,762", "Issuance of Capital Stock": "43,258", "Issuance of Debt": "2,500", "Repayment of Debt": "-63,333", "Free Cash Flow": "9,647"}}}}, {"PDS": {"quote": {"04/03/2021": {"value": "23.20", "Market Cap": "308.168M", "Beta (5Y Monthly)": "3.59", "PE Ratio (TTM)": "N/A", "EPS (TTM)": "-6.95", "Earnings Date": "N/A", "Forward Dividend & Yield": "N/A (N/A)", "Ex-Dividend Date": "Nov 04, 2015", "1y Target Est": "4.44"}}, "fin": {"TTM": {"Duration": "TTM", "Total Revenue": "935,753", "Cost of Revenue": "899,742", "Gross Profit": "36,011", "Operating Expense": "70,869", "Operating Income": "-34,858", "Net Non Operating Interest Income Expense": "-107,468", "Other Income Expense": "33,142", "Pretax Income": "-109,184", "Tax Provision": "10,954", "Net Income Common Stockholders": "-120,138", "Diluted NI Available to Com Stockholders": "-120,138", "Basic EPS": "-", "Diluted EPS": "-", "Basic Average Shares": "-", "Diluted Average Shares": "-", "Total Operating Income as Reported": "-", "Total Expenses": "970,611", "Net Income from Continuing & Discontinued Operation": "-120,138", "Normalized Income": "-144,497", "Interest Income": "739", "Interest Expense": "102,004", "Net Interest Income": "-107,468", "EBIT": "-7,180", "EBITDA": "309,142", "Reconciled Cost of Revenue": "899,742", "Reconciled Depreciation": "316,322", "Net Income from Continuing Operation Net Minority Interest": "-120,138", "Total Unusual Items Excluding Goodwill": "33,142", "Total Unusual Items": "33,142", "Normalized EBITDA": "276,000", "Tax Rate for Calcs": "0", "Tax Effect of Unusual Items": "8,783"}, "12/31/2020": {"Duration": "12/31/2020", "Total Revenue": "935,753", "Cost of Revenue": "899,742", "Gross Profit": "36,011", "Operating Expense": "70,869", "Operating Income": "-34,858", "Net Non Operating Interest Income Expense": "-107,468", "Other Income Expense": "33,142", "Pretax Income": "-109,184", "Tax Provision": "10,954", "Net Income Common Stockholders": "-120,138", "Diluted NI Available to Com Stockholders": "-120,138", "Basic EPS": "-8.76", "Diluted EPS": "-8.76", "Basic Average Shares": "13,722", "Diluted Average Shares": "13,722", "Total Operating Income as Reported": "-", "Total Expenses": "970,611", "Net Income from Continuing & Discontinued Operation": "-120,138", "Normalized Income": "-144,497", "Interest Income": "739", "Interest Expense": "102,004", "Net Interest Income": "-107,468", "EBIT": "-7,180", "EBITDA": "-", "Reconciled Cost of Revenue": "899,742", "Reconciled Depreciation": "316,322", "Net Income from Continuing Operation Net Minority Interest": "-120,138", "Total Unusual Items Excluding Goodwill": "33,142", "Total Unusual Items": "33,142", "Normalized EBITDA": "276,000", "Tax Rate for Calcs": "0", "Tax Effect of Unusual Items": "8,783"}, "12/31/2019": {"Duration": "12/31/2019", "Total Revenue": "1,541,320", "Cost of Revenue": "1,372,583", "Gross Profit": "168,737", "Operating Expense": "124,273", "Operating Income": "44,464", "Net Non Operating Interest Income Expense": "-118,453", "Other Income Expense": "65,650", "Pretax Income": "-8,339", "Tax Provision": "-14,957", "Net Income Common Stockholders": "6,618", "Diluted NI Available to Com Stockholders": "6,618", "Basic EPS": "0.40", "Diluted EPS": "0.40", "Basic Average Shares": "14,539", "Diluted Average Shares": "14,859", "Total Operating Income as Reported": "-", "Total Expenses": "1,496,856", "Net Income from Continuing & Discontinued Operation": "6,618", "Normalized Income": "-41,635", "Interest Income": "1,576", "Interest Expense": "114,140", "Net Interest Income": "-118,453", "EBIT": "105,801", "EBITDA": "-", "Reconciled Cost of Revenue": "1,372,583", "Reconciled Depreciation": "333,616", "Net Income from Continuing Operation Net Minority Interest": "6,618", "Total Unusual Items Excluding Goodwill": "65,650", "Total Unusual Items": "65,650", "Normalized EBITDA": "373,767", "Tax Rate for Calcs": "0", "Tax Effect of Unusual Items": "17,397"}, "12/31/2018": {"Duration": "12/31/2018", "Total Revenue": "1,541,189", "Cost of Revenue": "1,433,531", "Gross Profit": "107,658", "Operating Expense": "98,187", "Operating Income": "9,471", "Net Non Operating Interest Income Expense": "-127,178", "Other Income Expense": "-205,889", "Pretax Income": "-323,596", "Tax Provision": "-29,326", "Net Income Common Stockholders": "-294,270", "Diluted NI Available to Com Stockholders": "-294,270", "Basic EPS": "-20.00", "Diluted EPS": "-20.00", "Basic Average Shares": "14,678", "Diluted Average Shares": "14,678", "Total Operating Income as Reported": "9,471", "Total Expenses": "1,531,718", "Net Income from Continuing & Discontinued Operation": "-294,270", "Normalized Income": "-107,040", "Interest Income": "1,444", "Interest Expense": "122,188", "Net Interest Income": "-127,178", "EBIT": "-201,408", "EBITDA": "-", "Reconciled Cost of Revenue": "1,433,531", "Reconciled Depreciation": "365,660", "Net Income from Continuing Operation Net Minority Interest": "-294,270", "Total Unusual Items Excluding Goodwill": "-205,889", "Total Unusual Items": "-205,889", "Normalized EBITDA": "370,141", "Tax Rate for Calcs": "0", "Tax Effect of Unusual Items": "-18,659"}}, "bs": {"12/31/2020": {"Duration": "12/31/2020", "Total Assets": "2,898,878", "Total Liabilities Net Minority Interest": "1,492,238", "Total Equity Gross Minority Interest": "1,406,640", "Total Capitalization": "2,642,850", "Common Stock Equity": "1,406,640", "Capital Lease Obligations": "60,167", "Net Tangible Assets": "1,378,974", "Working Capital": "175,423", "Invested Capital": "2,643,746", "Tangible Book Value": "1,378,974", "Total Debt": "1,297,273", "Net Debt": "1,128,334", "Share Issued": "13,460", "Ordinary Shares Number": "13,460"}, "12/31/2019": {"Duration": "12/31/2019", "Total Assets": "3,269,840", "Total Liabilities Net Minority Interest": "1,742,408", "Total Equity Gross Minority Interest": "1,527,432", "Total Capitalization": "2,954,613", "Common Stock Equity": "1,527,432", "Capital Lease Obligations": "67,429", "Net Tangible Assets": "1,495,686", "Working Capital": "201,696", "Invested Capital": "2,954,613", "Tangible Book Value": "1,495,686", "Total Debt": "1,494,610", "Net Debt": "1,352,480", "Share Issued": "13,865", "Ordinary Shares Number": "13,865"}, "12/31/2018": {"Duration": "12/31/2018", "Total Assets": "3,636,043", "Total Liabilities Net Minority Interest": "2,078,291", "Total Equity Gross Minority Interest": "1,557,752", "Total Capitalization": "3,264,005", "Common Stock Equity": "1,557,752", "Capital Lease Obligations": "-", "Net Tangible Assets": "1,522,351", "Working Capital": "240,539", "Invested Capital": "3,264,005", "Tangible Book Value": "1,522,351", "Total Debt": "1,706,253", "Net Debt": "1,609,627", "Share Issued": "14,689", "Ordinary Shares Number": "14,689"}}, "cf": {"TTM": {"Duration": "TTM", "Operating Cash Flow": "226,118", "Investing Cash Flow": "-40,517", "Financing Cash Flow": "-145,624", "End Cash Position": "108,772", "Capital Expenditure": "-61,592", "Issuance of Debt": "151,066", "Repayment of Debt": "-284,329", "Repurchase of Capital Stock": "-11,317", "Free Cash Flow": "164,526"}, "12/31/2020": {"Duration": "12/31/2020", "Operating Cash Flow": "226,118", "Investing Cash Flow": "-40,517", "Financing Cash Flow": "-145,624", "End Cash Position": "108,772", "Capital Expenditure": "-61,592", "Issuance of Debt": "151,066", "Repayment of Debt": "-284,329", "Repurchase of Capital Stock": "-11,317", "Free Cash Flow": "164,526"}, "12/31/2019": {"Duration": "12/31/2019", "Operating Cash Flow": "288,159", "Investing Cash Flow": "-74,500", "Financing Cash Flow": "-231,814", "End Cash Position": "74,701", "Capital Expenditure": "-160,694", "Issuance of Debt": "-", "Repayment of Debt": "-205,210", "Repurchase of Capital Stock": "-25,902", "Free Cash Flow": "127,465"}, "12/31/2018": {"Duration": "12/31/2018", "Operating Cash Flow": "293,334", "Investing Cash Flow": "-100,794", "Financing Cash Flow": "-169,085", "End Cash Position": "96,626", "Capital Expenditure": "-126,143", "Issuance of Debt": "0", "Repayment of Debt": "-168,722", "Repurchase of Capital Stock": "-", "Free Cash Flow": "167,191"}}}}, {"PED": {"quote": {"04/03/2021": {"value": "1.5100", "Market Cap": "119.957M", "Beta (5Y Monthly)": "1.05", "PE Ratio (TTM)": "N/A", "EPS (TTM)": "-0.4530", "Earnings Date": "Mar 30, 2020", "Forward Dividend & Yield": "N/A (N/A)", "Ex-Dividend Date": "N/A", "1y Target Est": "90.00"}}, "fin": {"TTM": {"Duration": "TTM", "Total Revenue": "8,059", "Cost of Revenue": "15,778", "Gross Profit": "-7,719", "Operating Expense": "6,772", "Operating Income": "-14,491", "Net Non Operating Interest Income Expense": "38", "Other Income Expense": "-18,237", "Pretax Income": "-32,690", "Net Income Common Stockholders": "-32,690", "Diluted NI Available to Com Stockholders": "-32,690", "Basic EPS": "-", "Diluted EPS": "-", "Basic Average Shares": "-", "Diluted Average Shares": "-", "Total Operating Income as Reported": "-33,822", "Rent Expense Supplemental": "-", "Total Expenses": "22,550", "Net Income from Continuing & Discontinued Operation": "-32,690", "Normalized Income": "-13,359", "Interest Income": "40", "Interest Expense": "2", "Net Interest Income": "38", "EBIT": "-32,688", "EBITDA": "-21,255", "Reconciled Cost of Revenue": "15,778", "Reconciled Depreciation": "11,433", "Net Income from Continuing Operation Net Minority Interest": "-32,690", "Total Unusual Items Excluding Goodwill": "-19,331", "Total Unusual Items": "-19,331", "Normalized EBITDA": "-1,924", "Tax Rate for Calcs": "0", "Tax Effect of Unusual Items": "0"}, "12/31/2020": {"Duration": "12/31/2020", "Total Revenue": "8,059", "Cost of Revenue": "15,778", "Gross Profit": "-7,719", "Operating Expense": "6,772", "Operating Income": "-14,491", "Net Non Operating Interest Income Expense": "38", "Other Income Expense": "-18,237", "Pretax Income": "-32,690", "Net Income Common Stockholders": "-32,690", "Diluted NI Available to Com Stockholders": "-32,690", "Basic EPS": "-", "Diluted EPS": "-", "Basic Average Shares": "-", "Diluted Average Shares": "-", "Total Operating Income as Reported": "-33,822", "Rent Expense Supplemental": "-", "Total Expenses": "22,550", "Net Income from Continuing & Discontinued Operation": "-32,690", "Normalized Income": "-13,359", "Interest Income": "40", "Interest Expense": "2", "Net Interest Income": "38", "EBIT": "-32,688", "EBITDA": "-", "Reconciled Cost of Revenue": "15,778", "Reconciled Depreciation": "11,433", "Net Income from Continuing Operation Net Minority Interest": "-32,690", "Total Unusual Items Excluding Goodwill": "-19,331", "Total Unusual Items": "-19,331", "Normalized EBITDA": "-1,924", "Tax Rate for Calcs": "0", "Tax Effect of Unusual Items": "0"}, "12/31/2019": {"Duration": "12/31/2019", "Total Revenue": "12,972", "Cost of Revenue": "17,848", "Gross Profit": "-4,876", "Operating Expense": "6,391", "Operating Income": "-11,267", "Net Non Operating Interest Income Expense": "-769", "Other Income Expense": "934", "Pretax Income": "-11,102", "Net Income Common Stockholders": "-11,102", "Diluted NI Available to Com Stockholders": "-11,102", "Basic EPS": "-0.22", "Diluted EPS": "-0.22", "Basic Average Shares": "51,215", "Diluted Average Shares": "51,215", "Total Operating Income as Reported": "-10,227", "Rent Expense Supplemental": "-", "Total Expenses": "24,239", "Net Income from Continuing & Discontinued Operation": "-11,102", "Normalized Income": "-12,142", "Interest Income": "55", "Interest Expense": "824", "Net Interest Income": "-769", "EBIT": "-10,278", "EBITDA": "-", "Reconciled Cost of Revenue": "17,848", "Reconciled Depreciation": "11,068", "Net Income from Continuing Operation Net Minority Interest": "-11,102", "Total Unusual Items Excluding Goodwill": "1,040", "Total Unusual Items": "1,040", "Normalized EBITDA": "-250", "Tax Rate for Calcs": "0", "Tax Effect of Unusual Items": "0"}, "12/31/2018": {"Duration": "12/31/2018", "Total Revenue": "4,523", "Cost of Revenue": "9,340", "Gross Profit": "-4,817", "Operating Expense": "4,187", "Operating Income": "-9,004", "Net Non Operating Interest Income Expense": "-7,698", "Other Income Expense": "70,309", "Pretax Income": "53,607", "Net Income Common Stockholders": "53,607", "Diluted NI Available to Com Stockholders": "53,607", "Basic EPS": "4.80", "Diluted EPS": "4.74", "Basic Average Shares": "11,168", "Diluted Average Shares": "11,313", "Total Operating Income as Reported": "-9,004", "Rent Expense Supplemental": "-", "Total Expenses": "13,527", "Net Income from Continuing & Discontinued Operation": "53,607", "Normalized Income": "-16,702", "Interest Income": "1", "Interest Expense": "7,699", "Net Interest Income": "-7,698", "EBIT": "61,306", "EBITDA": "-", "Reconciled Cost of Revenue": "9,340", "Reconciled Depreciation": "6,519", "Net Income from Continuing Operation Net Minority Interest": "53,607", "Total Unusual Items Excluding Goodwill": "70,309", "Total Unusual Items": "70,309", "Normalized EBITDA": "-2,484", "Tax Rate for Calcs": "0", "Tax Effect of Unusual Items": "0"}}, "bs": {"12/31/2020": {"Duration": "12/31/2020", "Total Assets": "79,564", "Total Liabilities Net Minority Interest": "3,928", "Total Equity Gross Minority Interest": "75,636", "Total Capitalization": "75,718", "Common Stock Equity": "75,636", "Capital Lease Obligations": "300", "Net Tangible Assets": "75,636", "Working Capital": "6,775", "Invested Capital": "76,006", "Tangible Book Value": "75,636", "Total Debt": "670", "Net Debt": "-", "Share Issued": "72,463", "Ordinary Shares Number": "72,463", "Preferred Shares Number": "-"}, "12/31/2019": {"Duration": "12/31/2019", "Total Assets": "122,896", "Total Liabilities Net Minority Interest": "17,394", "Total Equity Gross Minority Interest": "105,502", "Total Capitalization": "105,502", "Common Stock Equity": "105,502", "Capital Lease Obligations": "397", "Net Tangible Assets": "105,502", "Working Capital": "11,870", "Invested Capital": "105,502", "Tangible Book Value": "105,502", "Total Debt": "397", "Net Debt": "-", "Share Issued": "71,061", "Ordinary Shares Number": "71,061", "Preferred Shares Number": "-"}, "12/31/2018": {"Duration": "12/31/2018", "Total Assets": "67,525", "Total Liabilities Net Minority Interest": "50,553", "Total Equity Gross Minority Interest": "16,972", "Total Capitalization": "55,266", "Common Stock Equity": "16,972", "Capital Lease Obligations": "-", "Net Tangible Assets": "16,972", "Working Capital": "-2,025", "Invested Capital": "55,266", "Tangible Book Value": "16,972", "Total Debt": "38,294", "Net Debt": "34,831", "Share Issued": "15,808", "Ordinary Shares Number": "15,808", "Preferred Shares Number": "66.625"}}, "cf": {"TTM": {"Duration": "TTM", "Operating Cash Flow": "12", "Investing Cash Flow": "-14,770", "Financing Cash Flow": "370", "End Cash Position": "11,324", "Income Tax Paid Supplemental Data": "0", "Interest Paid Supplemental Data": "0", "Capital Expenditure": "-", "Issuance of Capital Stock": "0", "Issuance of Debt": "740", "Repayment of Debt": "-370", "Repurchase of Capital Stock": "-", "Free Cash Flow": "12"}, "12/31/2020": {"Duration": "12/31/2020", "Operating Cash Flow": "12", "Investing Cash Flow": "-14,770", "Financing Cash Flow": "370", "End Cash Position": "11,324", "Income Tax Paid Supplemental Data": "0", "Interest Paid Supplemental Data": "0", "Capital Expenditure": "-", "Issuance of Capital Stock": "0", "Issuance of Debt": "740", "Repayment of Debt": "-370", "Repurchase of Capital Stock": "-", "Free Cash Flow": "12"}, "12/31/2019": {"Duration": "12/31/2019", "Operating Cash Flow": "1,669", "Investing Cash Flow": "-39,736", "Financing Cash Flow": "58,000", "End Cash Position": "25,712", "Income Tax Paid Supplemental Data": "0", "Interest Paid Supplemental Data": "0", "Capital Expenditure": "-1,201", "Issuance of Capital Stock": "43,000", "Issuance of Debt": "15,000", "Repayment of Debt": "0", "Repurchase of Capital Stock": "-", "Free Cash Flow": "468"}, "12/31/2018": {"Duration": "12/31/2018", "Operating Cash Flow": "-1,494", "Investing Cash Flow": "-23,118", "Financing Cash Flow": "29,474", "End Cash Position": "5,779", "Income Tax Paid Supplemental Data": "-", "Interest Paid Supplemental Data": "-", "Capital Expenditure": "-22,963", "Issuance of Capital Stock": "0", "Issuance of Debt": "38,300", "Repayment of Debt": "-7,795", "Repurchase of Capital Stock": "-", "Free Cash Flow": "-24,457"}}}}, {"DWSN": {"quote": {"04/03/2021": {"value": "2.5000", "Market Cap": "58.695M", "Beta (5Y Monthly)": "1.99", "PE Ratio (TTM)": "N/A", "EPS (TTM)": "-0.5640", "Earnings Date": "Mar 11, 2021", "Forward Dividend & Yield": "N/A (N/A)", "Ex-Dividend Date": "Dec 13, 2012", "1y Target Est": "N/A"}}, "fin": {"TTM": {"Duration": "TTM", "Total Revenue": "86,100", "Cost of Revenue": "17,174", "Gross Profit": "68,926", "Operating Expense": "82,918", "Operating Income": "-13,992", "Net Non Operating Interest Income Expense": "319", "Other Income Expense": "501", "Pretax Income": "-13,172", "Tax Provision": "24", "Net Income Common Stockholders": "-13,196", "Diluted NI Available to Com Stockholders": "-13,196", "Basic EPS": "-", "Diluted EPS": "-", "Basic Average Shares": "-", "Diluted Average Shares": "-", "Total Operating Income as Reported": "-13,992", "Total Expenses": "100,092", "Net Income from Continuing & Discontinued Operation": "-13,196", "Normalized Income": "-13,196", "Interest Income": "402", "Interest Expense": "83", "Net Interest Income": "319", "EBIT": "-13,089", "EBITDA": "4,085", "Reconciled Cost of Revenue": "17,174", "Reconciled Depreciation": "17,174", "Net Income from Continuing Operation Net Minority Interest": "-13,196", "Total Unusual Items Excluding Goodwill": "-", "Total Unusual Items": "-", "Normalized EBITDA": "4,085", "Tax Rate for Calcs": "0", "Tax Effect of Unusual Items": "0"}, "12/31/2020": {"Duration": "12/31/2020", "Total Revenue": "86,100", "Cost of Revenue": "17,174", "Gross Profit": "68,926", "Operating Expense": "82,918", "Operating Income": "-13,992", "Net Non Operating Interest Income Expense": "319", "Other Income Expense": "501", "Pretax Income": "-13,172", "Tax Provision": "24", "Net Income Common Stockholders": "-13,196", "Diluted NI Available to Com Stockholders": "-13,196", "Basic EPS": "-0.56", "Diluted EPS": "-0.56", "Basic Average Shares": "23,382", "Diluted Average Shares": "23,382", "Total Operating Income as Reported": "-13,992", "Total Expenses": "100,092", "Net Income from Continuing & Discontinued Operation": "-13,196", "Normalized Income": "-13,196", "Interest Income": "402", "Interest Expense": "83", "Net Interest Income": "319", "EBIT": "-13,089", "EBITDA": "-", "Reconciled Cost of Revenue": "17,174", "Reconciled Depreciation": "17,174", "Net Income from Continuing Operation Net Minority Interest": "-13,196", "Total Unusual Items Excluding Goodwill": "-", "Total Unusual Items": "-", "Normalized EBITDA": "4,085", "Tax Rate for Calcs": "0", "Tax Effect of Unusual Items": "0"}, "12/31/2019": {"Duration": "12/31/2019", "Total Revenue": "145,773", "Cost of Revenue": "21,826", "Gross Profit": "123,947", "Operating Expense": "140,193", "Operating Income": "-16,246", "Net Non Operating Interest Income Expense": "113", "Other Income Expense": "681", "Pretax Income": "-15,452", "Tax Provision": "-239", "Net Income Common Stockholders": "-15,213", "Diluted NI Available to Com Stockholders": "-15,213", "Basic EPS": "-0.66", "Diluted EPS": "-0.66", "Basic Average Shares": "23,179", "Diluted Average Shares": "23,179", "Total Operating Income as Reported": "-16,246", "Total Expenses": "162,019", "Net Income from Continuing & Discontinued Operation": "-15,213", "Normalized Income": "-15,213", "Interest Income": "548", "Interest Expense": "435", "Net Interest Income": "113", "EBIT": "-15,017", "EBITDA": "-", "Reconciled Cost of Revenue": "21,826", "Reconciled Depreciation": "21,826", "Net Income from Continuing Operation Net Minority Interest": "-15,213", "Total Unusual Items Excluding Goodwill": "-", "Total Unusual Items": "-", "Normalized EBITDA": "6,809", "Tax Rate for Calcs": "0", "Tax Effect of Unusual Items": "0"}, "12/31/2018": {"Duration": "12/31/2018", "Total Revenue": "154,156", "Cost of Revenue": "29,959", "Gross Profit": "124,197", "Operating Expense": "149,224", "Operating Income": "-25,027", "Net Non Operating Interest Income Expense": "-8", "Other Income Expense": "-170", "Pretax Income": "-25,205", "Tax Provision": "-798", "Net Income Common Stockholders": "-24,407", "Diluted NI Available to Com Stockholders": "-24,407", "Basic EPS": "-1.07", "Diluted EPS": "-1.07", "Basic Average Shares": "22,912", "Diluted Average Shares": "22,912", "Total Operating Income as Reported": "-25,027", "Total Expenses": "179,183", "Net Income from Continuing & Discontinued Operation": "-24,407", "Normalized Income": "-24,407", "Interest Income": "400", "Interest Expense": "408", "Net Interest Income": "-8", "EBIT": "-24,797", "EBITDA": "-", "Reconciled Cost of Revenue": "29,959", "Reconciled Depreciation": "29,959", "Net Income from Continuing Operation Net Minority Interest": "-24,407", "Total Unusual Items Excluding Goodwill": "-", "Total Unusual Items": "-", "Normalized EBITDA": "5,162", "Tax Rate for Calcs": "0", "Tax Effect of Unusual Items": "0"}}, "bs": {"12/31/2020": {"Duration": "12/31/2020", "Total Assets": "103,377", "Total Liabilities Net Minority Interest": "12,403", "Total Equity Gross Minority Interest": "90,974", "Total Capitalization": "91,018", "Common Stock Equity": "90,974", "Capital Lease Obligations": "6,008", "Net Tangible Assets": "90,581", "Working Capital": "51,149", "Invested Capital": "91,112", "Tangible Book Value": "90,581", "Total Debt": "6,146", "Share Issued": "23,527", "Ordinary Shares Number": "23,478", "Treasury Shares Number": "48.445"}, "12/31/2019": {"Duration": "12/31/2019", "Total Assets": "127,608", "Total Liabilities Net Minority Interest": "24,443", "Total Equity Gross Minority Interest": "103,165", "Total Capitalization": "103,261", "Common Stock Equity": "103,165", "Capital Lease Obligations": "7,140", "Net Tangible Assets": "102,780", "Working Capital": "47,361", "Invested Capital": "107,323", "Tangible Book Value": "102,780", "Total Debt": "11,298", "Share Issued": "23,336", "Ordinary Shares Number": "23,287", "Treasury Shares Number": "48.445"}, "12/31/2018": {"Duration": "12/31/2018", "Total Assets": "150,685", "Total Liabilities Net Minority Interest": "33,669", "Total Equity Gross Minority Interest": "117,016", "Total Capitalization": "123,113", "Common Stock Equity": "117,016", "Capital Lease Obligations": "-", "Net Tangible Assets": "116,637", "Working Capital": "49,737", "Invested Capital": "129,796", "Tangible Book Value": "116,637", "Total Debt": "12,780", "Share Issued": "23,018", "Ordinary Shares Number": "22,970", "Treasury Shares Number": "48.445"}}, "cf": {"TTM": {"Duration": "TTM", "Operating Cash Flow": "19,641", "Investing Cash Flow": "-512", "Financing Cash Flow": "-4,534", "End Cash Position": "45,955", "Income Tax Paid Supplemental Data": "87", "Interest Paid Supplemental Data": "92", "Capital Expenditure": "-2,847", "Issuance of Debt": "6,374", "Repayment of Debt": "-10,838", "Free Cash Flow": "16,794"}, "12/31/2020": {"Duration": "12/31/2020", "Operating Cash Flow": "19,641", "Investing Cash Flow": "-512", "Financing Cash Flow": "-4,534", "End Cash Position": "45,955", "Income Tax Paid Supplemental Data": "87", "Interest Paid Supplemental Data": "92", "Capital Expenditure": "-2,847", "Issuance of Debt": "6,374", "Repayment of Debt": "-10,838", "Free Cash Flow": "16,794"}, "12/31/2019": {"Duration": "12/31/2019", "Operating Cash Flow": "9,480", "Investing Cash Flow": "4,185", "Financing Cash Flow": "-11,256", "End Cash Position": "31,271", "Income Tax Paid Supplemental Data": "40", "Interest Paid Supplemental Data": "440", "Capital Expenditure": "-4,396", "Issuance of Debt": "0", "Repayment of Debt": "-11,020", "Free Cash Flow": "5,084"}, "12/31/2018": {"Duration": "12/31/2018", "Operating Cash Flow": "12,871", "Investing Cash Flow": "-8,596", "Financing Cash Flow": "2,517", "End Cash Position": "28,729", "Income Tax Paid Supplemental Data": "14", "Interest Paid Supplemental Data": "408", "Capital Expenditure": "-15,745", "Issuance of Debt": "6,518", "Repayment of Debt": "-3,879", "Free Cash Flow": "-2,874"}}}}, {"DRQ": {"quote": {"04/03/2021": {"value": "33.77", "Market Cap": "1.196B", "Beta (5Y Monthly)": "1.59", "PE Ratio (TTM)": "N/A", "EPS (TTM)": "-0.87", "Earnings Date": "May 04, 2021 - May 10, 2021", "Forward Dividend & Yield": "N/A (N/A)", "Ex-Dividend Date": "N/A", "1y Target Est": "30.96"}}, "fin": {"TTM": {"Duration": "TTM", "Total Revenue": "364,973", "Cost of Revenue": "269,698", "Gross Profit": "95,275", "Operating Expense": "113,977", "Operating Income": "-18,702", "Net Non Operating Interest Income Expense": "1,510", "Other Income Expense": "-44,857", "Pretax Income": "-62,049", "Tax Provision": "-31,281", "Net Income Common Stockholders": "-30,768", "Diluted NI Available to Com Stockholders": "-30,768", "Basic EPS": "-", "Diluted EPS": "-", "Basic Average Shares": "-", "Diluted Average Shares": "-", "Total Operating Income as Reported": "-63,559", "Total Expenses": "383,675", "Net Income from Continuing & Discontinued Operation": "-30,768", "Normalized Income": "1,978", "Interest Income": "2,131", "Interest Expense": "621", "Net Interest Income": "1,510", "EBIT": "-61,428", "EBITDA": "-29,039", "Reconciled Cost of Revenue": "269,698", "Reconciled Depreciation": "32,389", "Net Income from Continuing Operation Net Minority Interest": "-30,768", "Total Unusual Items Excluding Goodwill": "-44,857", "Total Unusual Items": "-44,857", "Normalized EBITDA": "15,818", "Tax Rate for Calcs": "0", "Tax Effect of Unusual Items": "-12,111"}, "12/31/2020": {"Duration": "12/31/2020", "Total Revenue": "364,973", "Cost of Revenue": "269,698", "Gross Profit": "95,275", "Operating Expense": "113,977", "Operating Income": "-18,702", "Net Non Operating Interest Income Expense": "1,510", "Other Income Expense": "-44,857", "Pretax Income": "-62,049", "Tax Provision": "-31,281", "Net Income Common Stockholders": "-30,768", "Diluted NI Available to Com Stockholders": "-30,768", "Basic EPS": "-", "Diluted EPS": "-", "Basic Average Shares": "-", "Diluted Average Shares": "-", "Total Operating Income as Reported": "-63,559", "Total Expenses": "383,675", "Net Income from Continuing & Discontinued Operation": "-30,768", "Normalized Income": "1,978", "Interest Income": "2,131", "Interest Expense": "621", "Net Interest Income": "1,510", "EBIT": "-61,428", "EBITDA": "-", "Reconciled Cost of Revenue": "269,698", "Reconciled Depreciation": "32,389", "Net Income from Continuing Operation Net Minority Interest": "-30,768", "Total Unusual Items Excluding Goodwill": "-44,857", "Total Unusual Items": "-44,857", "Normalized EBITDA": "15,818", "Tax Rate for Calcs": "0", "Tax Effect of Unusual Items": "-12,111"}, "12/31/2019": {"Duration": "12/31/2019", "Total Revenue": "414,806", "Cost of Revenue": "295,007", "Gross Profit": "119,799", "Operating Expense": "114,111", "Operating Income": "5,688", "Net Non Operating Interest Income Expense": "7,626", "Other Income Expense": "-2,885", "Pretax Income": "10,429", "Tax Provision": "8,709", "Net Income Common Stockholders": "1,720", "Diluted NI Available to Com Stockholders": "1,720", "Basic EPS": "0.05", "Diluted EPS": "0.05", "Basic Average Shares": "35,839", "Diluted Average Shares": "36,152", "Total Operating Income as Reported": "2,803", "Total Expenses": "409,118", "Net Income from Continuing & Discontinued Operation": "1,720", "Normalized Income": "3,826", "Interest Income": "7,940", "Interest Expense": "314", "Net Interest Income": "7,626", "EBIT": "10,743", "EBITDA": "-", "Reconciled Cost of Revenue": "295,007", "Reconciled Depreciation": "34,020", "Net Income from Continuing Operation Net Minority Interest": "1,720", "Total Unusual Items Excluding Goodwill": "-2,885", "Total Unusual Items": "-2,885", "Normalized EBITDA": "47,648", "Tax Rate for Calcs": "0", "Tax Effect of Unusual Items": "-778.95"}, "12/31/2018": {"Duration": "12/31/2018", "Total Revenue": "384,626", "Cost of Revenue": "271,499", "Gross Profit": "113,127", "Operating Expense": "143,461", "Operating Income": "-30,334", "Net Non Operating Interest Income Expense": "7,749", "Other Income Expense": "-92,404", "Pretax Income": "-114,989", "Tax Provision": "-19,294", "Net Income Common Stockholders": "-95,695", "Diluted NI Available to Com Stockholders": "-95,695", "Basic EPS": "-2.58", "Diluted EPS": "-2.58", "Basic Average Shares": "37,075", "Diluted Average Shares": "37,075", "Total Operating Income as Reported": "-122,738", "Total Expenses": "414,960", "Net Income from Continuing & Discontinued Operation": "-95,695", "Normalized Income": "-18,796", "Interest Income": "8,040", "Interest Expense": "291", "Net Interest Income": "7,749", "EBIT": "-114,698", "EBITDA": "-", "Reconciled Cost of Revenue": "271,499", "Reconciled Depreciation": "35,312", "Net Income from Continuing Operation Net Minority Interest": "-95,695", "Total Unusual Items Excluding Goodwill": "-92,404", "Total Unusual Items": "-92,404", "Normalized EBITDA": "13,018", "Tax Rate for Calcs": "0", "Tax Effect of Unusual Items": "-15,505"}}, "bs": {"12/31/2020": {"Duration": "12/31/2020", "Total Assets": "1,151,172", "Total Liabilities Net Minority Interest": "109,644", "Total Equity Gross Minority Interest": "1,041,528", "Total Capitalization": "1,041,528", "Common Stock Equity": "1,041,528", "Capital Lease Obligations": "6,955", "Net Tangible Assets": "1,012,094", "Working Capital": "777,681", "Invested Capital": "1,041,528", "Tangible Book Value": "1,012,094", "Total Debt": "6,955", "Share Issued": "35,418", "Ordinary Shares Number": "35,418"}, "12/31/2019": {"Duration": "12/31/2019", "Total Assets": "1,206,565", "Total Liabilities Net Minority Interest": "115,864", "Total Equity Gross Minority Interest": "1,090,701", "Total Capitalization": "1,090,701", "Common Stock Equity": "1,090,701", "Capital Lease Obligations": "5,115", "Net Tangible Assets": "1,050,509", "Working Capital": "783,549", "Invested Capital": "1,090,701", "Tangible Book Value": "1,050,509", "Total Debt": "5,115", "Share Issued": "35,860", "Ordinary Shares Number": "35,860"}, "12/31/2018": {"Duration": "12/31/2018", "Total Assets": "1,192,510", "Total Liabilities Net Minority Interest": "96,348", "Total Equity Gross Minority Interest": "1,096,162", "Total Capitalization": "1,096,162", "Common Stock Equity": "1,096,162", "Capital Lease Obligations": "-", "Net Tangible Assets": "1,053,474", "Working Capital": "770,723", "Invested Capital": "1,096,162", "Tangible Book Value": "1,053,474", "Total Debt": "-", "Share Issued": "36,264", "Ordinary Shares Number": "36,264"}}, "cf": {"TTM": {"Duration": "TTM", "Operating Cash Flow": "-21,088", "Investing Cash Flow": "-5,628", "Financing Cash Flow": "-25,183", "End Cash Position": "345,955", "Capital Expenditure": "-11,943", "Repurchase of Capital Stock": "-25,000", "Free Cash Flow": "-33,031"}, "12/31/2020": {"Duration": "12/31/2020", "Operating Cash Flow": "-21,088", "Investing Cash Flow": "-5,628", "Financing Cash Flow": "-25,183", "End Cash Position": "345,955", "Capital Expenditure": "-11,943", "Repurchase of Capital Stock": "-25,000", "Free Cash Flow": "-33,031"}, "12/31/2019": {"Duration": "12/31/2019", "Operating Cash Flow": "14,678", "Investing Cash Flow": "-8,471", "Financing Cash Flow": "-24,572", "End Cash Position": "398,946", "Capital Expenditure": "-11,501", "Repurchase of Capital Stock": "-26,570", "Free Cash Flow": "3,177"}, "12/31/2018": {"Duration": "12/31/2018", "Operating Cash Flow": "45,503", "Investing Cash Flow": "-15,173", "Financing Cash Flow": "-99,199", "End Cash Position": "418,100", "Capital Expenditure": "-32,061", "Repurchase of Capital Stock": "-100,000", "Free Cash Flow": "13,442"}}}}, {"SDPI": {"quote": {"04/03/2021": {"value": "0.9200", "Market Cap": "23.701M", "Beta (5Y Monthly)": "0.94", "PE Ratio (TTM)": "N/A", "EPS (TTM)": "-0.1340", "Earnings Date": "May 06, 2021 - May 10, 2021", "Forward Dividend & Yield": "N/A (N/A)", "Ex-Dividend Date": "N/A", "1y Target Est": "N/A"}}, "fin": {"TTM": {"Duration": "TTM", "Total Revenue": "10,471", "Cost of Revenue": "7,922", "Gross Profit": "2,549", "Operating Expense": "6,371", "Operating Income": "-3,823", "Net Non Operating Interest Income Expense": "-569.503", "Other Income Expense": "1,077", "Pretax Income": "-3,315", "Tax Provision": "114.996", "Net Income Common Stockholders": "-3,430", "Diluted NI Available to Com Stockholders": "-3,430", "Basic EPS": "-", "Diluted EPS": "-", "Basic Average Shares": "-", "Diluted Average Shares": "-", "Total Operating Income as Reported": "-3,823", "Total Expenses": "14,293", "Net Income from Continuing & Discontinued Operation": "-3,430", "Normalized Income": "-4,216", "Interest Income": "5.803", "Interest Expense": "575.306", "Net Interest Income": "-569.503", "EBIT": "-2,740", "EBITDA": "76.824", "Reconciled Cost of Revenue": "7,922", "Reconciled Depreciation": "2,816", "Net Income from Continuing Operation Net Minority Interest": "-3,430", "Total Unusual Items Excluding Goodwill": "1,077", "Total Unusual Items": "1,077", "Normalized EBITDA": "-1,000", "Tax Rate for Calcs": "0", "Tax Effect of Unusual Items": "290.854"}, "12/31/2020": {"Duration": "12/31/2020", "Total Revenue": "10,471", "Cost of Revenue": "7,922", "Gross Profit": "2,549", "Operating Expense": "6,371", "Operating Income": "-3,823", "Net Non Operating Interest Income Expense": "-569.503", "Other Income Expense": "1,077", "Pretax Income": "-3,315", "Tax Provision": "114.996", "Net Income Common Stockholders": "-3,430", "Diluted NI Available to Com Stockholders": "-3,430", "Basic EPS": "-", "Diluted EPS": "-", "Basic Average Shares": "-", "Diluted Average Shares": "-", "Total Operating Income as Reported": "-3,823", "Total Expenses": "14,293", "Net Income from Continuing & Discontinued Operation": "-3,430", "Normalized Income": "-4,216", "Interest Income": "5.803", "Interest Expense": "575.306", "Net Interest Income": "-569.503", "EBIT": "-2,740", "EBITDA": "-", "Reconciled Cost of Revenue": "7,922", "Reconciled Depreciation": "2,816", "Net Income from Continuing Operation Net Minority Interest": "-3,430", "Total Unusual Items Excluding Goodwill": "1,077", "Total Unusual Items": "1,077", "Normalized EBITDA": "-1,000", "Tax Rate for Calcs": "0", "Tax Effect of Unusual Items": "290.854"}, "12/31/2019": {"Duration": "12/31/2019", "Total Revenue": "18,997", "Cost of Revenue": "11,611", "Gross Profit": "7,386", "Operating Expense": "8,288", "Operating Income": "-901.767", "Net Non Operating Interest Income Expense": "-703.758", "Other Income Expense": "687.652", "Pretax Income": "-917.873", "Tax Provision": "18.55", "Net Income Common Stockholders": "-936.423", "Diluted NI Available to Com Stockholders": "-936.423", "Basic EPS": "-0.04", "Diluted EPS": "-0.04", "Basic Average Shares": "25,090", "Diluted Average Shares": "25,090", "Total Operating Income as Reported": "-901.767", "Total Expenses": "19,899", "Net Income from Continuing & Discontinued Operation": "-936.423", "Normalized Income": "-943.3609", "Interest Income": "60.996", "Interest Expense": "764.754", "Net Interest Income": "-703.758", "EBIT": "-153.119", "EBITDA": "-", "Reconciled Cost of Revenue": "11,611", "Reconciled Depreciation": "3,428", "Net Income from Continuing Operation Net Minority Interest": "-936.423", "Total Unusual Items Excluding Goodwill": "9.504", "Total Unusual Items": "9.504", "Normalized EBITDA": "3,266", "Tax Rate for Calcs": "0", "Tax Effect of Unusual Items": "2.5661"}, "12/31/2018": {"Duration": "12/31/2018", "Total Revenue": "18,245", "Cost of Revenue": "10,838", "Gross Profit": "7,408", "Operating Expense": "7,107", "Operating Income": "300.205", "Net Non Operating Interest Income Expense": "-340.927", "Other Income Expense": "-14.013", "Pretax Income": "-54.735", "Tax Provision": "3.64", "Net Income Common Stockholders": "-58.375", "Diluted NI Available to Com Stockholders": "-58.375", "Basic EPS": "-0.00", "Diluted EPS": "-0.00", "Basic Average Shares": "24,609", "Diluted Average Shares": "24,609", "Total Operating Income as Reported": "300.205", "Total Expenses": "17,945", "Net Income from Continuing & Discontinued Operation": "-58.375", "Normalized Income": "-48.1455", "Interest Income": "432.753", "Interest Expense": "773.68", "Net Interest Income": "-340.927", "EBIT": "718.945", "EBITDA": "-", "Reconciled Cost of Revenue": "10,838", "Reconciled Depreciation": "3,760", "Net Income from Continuing Operation Net Minority Interest": "-58.375", "Total Unusual Items Excluding Goodwill": "-14.013", "Total Unusual Items": "-14.013", "Normalized EBITDA": "4,493", "Tax Rate for Calcs": "0", "Tax Effect of Unusual Items": "-3.7835"}}, "bs": {"12/31/2020": {"Duration": "12/31/2020", "Total Assets": "13,040", "Total Liabilities Net Minority Interest": "8,816", "Total Equity Gross Minority Interest": "4,224", "Total Capitalization": "5,675", "Common Stock Equity": "4,224", "Capital Lease Obligations": "4,340", "Net Tangible Assets": "3,404", "Working Capital": "1,332", "Invested Capital": "7,072", "Tangible Book Value": "3,404", "Total Debt": "7,188", "Net Debt": "886.945", "Share Issued": "25,762", "Ordinary Shares Number": "25,762"}, "12/31/2019": {"Duration": "12/31/2019", "Total Assets": "16,761", "Total Liabilities Net Minority Interest": "9,658", "Total Equity Gross Minority Interest": "7,103", "Total Capitalization": "10,952", "Common Stock Equity": "7,103", "Capital Lease Obligations": "-", "Net Tangible Assets": "5,117", "Working Capital": "826.417", "Invested Capital": "15,054", "Tangible Book Value": "5,117", "Total Debt": "7,951", "Net Debt": "6,734", "Share Issued": "25,418", "Ordinary Shares Number": "25,418"}, "12/31/2018": {"Duration": "12/31/2018", "Total Assets": "27,006", "Total Liabilities Net Minority Interest": "12,229", "Total Equity Gross Minority Interest": "14,777", "Total Capitalization": "21,074", "Common Stock Equity": "14,777", "Capital Lease Obligations": "-", "Net Tangible Assets": "11,091", "Working Capital": "1,743", "Invested Capital": "25,653", "Tangible Book Value": "11,091", "Total Debt": "10,876", "Net Debt": "6,611", "Share Issued": "25,018", "Ordinary Shares Number": "25,018"}}, "cf": {"TTM": {"Duration": "TTM", "Operating Cash Flow": "575.239", "Investing Cash Flow": "-71.806", "Financing Cash Flow": "240.994", "End Cash Position": "1,961", "Interest Paid Supplemental Data": "576.854", "Capital Expenditure": "-221.639", "Issuance of Capital Stock": "-", "Issuance of Debt": "3,772", "Repayment of Debt": "-3,531", "Free Cash Flow": "353.6"}, "12/31/2020": {"Duration": "12/31/2020", "Operating Cash Flow": "575.239", "Investing Cash Flow": "-71.806", "Financing Cash Flow": "240.994", "End Cash Position": "1,961", "Interest Paid Supplemental Data": "576.854", "Capital Expenditure": "-221.639", "Issuance of Capital Stock": "-", "Issuance of Debt": "3,772", "Repayment of Debt": "-3,531", "Free Cash Flow": "353.6"}, "12/31/2019": {"Duration": "12/31/2019", "Operating Cash Flow": "937.763", "Investing Cash Flow": "-509.055", "Financing Cash Flow": "-3,476", "End Cash Position": "1,217", "Interest Paid Supplemental Data": "856.012", "Capital Expenditure": "-509.055", "Issuance of Capital Stock": "-", "Issuance of Debt": "3,268", "Repayment of Debt": "-6,671", "Free Cash Flow": "428.708"}, "12/31/2018": {"Duration": "12/31/2018", "Operating Cash Flow": "4,630", "Investing Cash Flow": "-745.204", "Financing Cash Flow": "-1,996", "End Cash Position": "4,265", "Interest Paid Supplemental Data": "577.814", "Capital Expenditure": "-745.204", "Issuance of Capital Stock": "-", "Issuance of Debt": "-", "Repayment of Debt": "-2,010", "Free Cash Flow": "3,885"}}}}, {"DNOW": {"quote": {"04/03/2021": {"value": "10.47", "Market Cap": "1.151B", "Beta (5Y Monthly)": "2.16", "PE Ratio (TTM)": "N/A", "EPS (TTM)": "-3.91", "Earnings Date": "May 05, 2021", "Forward Dividend & Yield": "N/A (N/A)", "Ex-Dividend Date": "N/A", "1y Target Est": "11.17"}}, "fin": {"TTM": {"Duration": "TTM", "Total Revenue": "1,619,000", "Cost of Revenue": "1,327,000", "Gross Profit": "292,000", "Operating Expense": "391,000", "Operating Income": "-99,000", "Other Income Expense": "-331,000", "Pretax Income": "-430,000", "Tax Provision": "-3,000", "Net Income Common Stockholders": "-427,000", "Diluted NI Available to Com Stockholders": "-427,000", "Basic EPS": "-", "Diluted EPS": "-", "Basic Average Shares": "-", "Diluted Average Shares": "-", "Total Operating Income as Reported": "-420,000", "Total Expenses": "1,718,000", "Net Income from Continuing & Discontinued Operation": "-427,000", "Normalized Income": "-107,926", "EBIT": "-99,000", "EBITDA": "-71,000", "Reconciled Cost of Revenue": "1,327,000", "Reconciled Depreciation": "28,000", "Net Income from Continuing Operation Net Minority Interest": "-427,000", "Total Unusual Items Excluding Goodwill": "-321,000", "Total Unusual Items": "-321,000", "Normalized EBITDA": "250,000", "Tax Rate for Calcs": "0", "Tax Effect of Unusual Items": "-1,926"}, "12/31/2020": {"Duration": "12/31/2020", "Total Revenue": "1,619,000", "Cost of Revenue": "1,327,000", "Gross Profit": "292,000", "Operating Expense": "391,000", "Operating Income": "-99,000", "Other Income Expense": "-331,000", "Pretax Income": "-430,000", "Tax Provision": "-3,000", "Net Income Common Stockholders": "-427,000", "Diluted NI Available to Com Stockholders": "-427,000", "Basic EPS": "-", "Diluted EPS": "-", "Basic Average Shares": "-", "Diluted Average Shares": "-", "Total Operating Income as Reported": "-420,000", "Total Expenses": "1,718,000", "Net Income from Continuing & Discontinued Operation": "-427,000", "Normalized Income": "-107,926", "EBIT": "-99,000", "EBITDA": "-", "Reconciled Cost of Revenue": "1,327,000", "Reconciled Depreciation": "28,000", "Net Income from Continuing Operation Net Minority Interest": "-427,000", "Total Unusual Items Excluding Goodwill": "-321,000", "Total Unusual Items": "-321,000", "Normalized EBITDA": "250,000", "Tax Rate for Calcs": "0", "Tax Effect of Unusual Items": "-1,926"}, "12/31/2019": {"Duration": "12/31/2019", "Total Revenue": "2,951,000", "Cost of Revenue": "2,365,000", "Gross Profit": "586,000", "Operating Expense": "541,000", "Operating Income": "45,000", "Other Income Expense": "-138,000", "Pretax Income": "-93,000", "Tax Provision": "4,000", "Net Income Common Stockholders": "-97,000", "Diluted NI Available to Com Stockholders": "-97,000", "Basic EPS": "-0.89", "Diluted EPS": "-0.89", "Basic Average Shares": "109,000", "Diluted Average Shares": "109,000", "Total Operating Income as Reported": "-83,000", "Total Expenses": "2,906,000", "Net Income from Continuing & Discontinued Operation": "-97,000", "Normalized Income": "-3,560", "EBIT": "45,000", "EBITDA": "-", "Reconciled Cost of Revenue": "2,365,000", "Reconciled Depreciation": "41,000", "Net Income from Continuing Operation Net Minority Interest": "-97,000", "Total Unusual Items Excluding Goodwill": "-128,000", "Total Unusual Items": "-128,000", "Normalized EBITDA": "214,000", "Tax Rate for Calcs": "0", "Tax Effect of Unusual Items": "-34,560"}, "12/31/2018": {"Duration": "12/31/2018", "Total Revenue": "3,127,000", "Cost of Revenue": "2,497,000", "Gross Profit": "630,000", "Operating Expense": "557,000", "Operating Income": "73,000", "Other Income Expense": "-15,000", "Pretax Income": "58,000", "Tax Provision": "6,000", "Net Income Common Stockholders": "51,000", "Diluted NI Available to Com Stockholders": "51,000", "Basic EPS": "0.47", "Diluted EPS": "0.47", "Basic Average Shares": "108,000", "Diluted Average Shares": "109,000", "Total Operating Income as Reported": "73,000", "Total Expenses": "3,054,000", "Net Income from Continuing & Discontinued Operation": "52,000", "Normalized Income": "52,000", "EBIT": "73,000", "EBITDA": "-", "Reconciled Cost of Revenue": "2,497,000", "Reconciled Depreciation": "41,000", "Net Income from Continuing Operation Net Minority Interest": "52,000", "Total Unusual Items Excluding Goodwill": "-", "Total Unusual Items": "-", "Normalized EBITDA": "114,000", "Tax Rate for Calcs": "0", "Tax Effect of Unusual Items": "0"}}, "bs": {"12/31/2020": {"Duration": "12/31/2020", "Total Assets": "1,008,000", "Total Liabilities Net Minority Interest": "309,000", "Total Equity Gross Minority Interest": "699,000", "Total Capitalization": "699,000", "Common Stock Equity": "699,000", "Capital Lease Obligations": "42,000", "Net Tangible Assets": "699,000", "Working Capital": "589,000", "Invested Capital": "699,000", "Tangible Book Value": "699,000", "Total Debt": "42,000", "Net Debt": "-", "Share Issued": "109,952", "Ordinary Shares Number": "109,952"}, "12/31/2019": {"Duration": "12/31/2019", "Total Assets": "1,591,000", "Total Liabilities Net Minority Interest": "447,000", "Total Equity Gross Minority Interest": "1,144,000", "Total Capitalization": "1,144,000", "Common Stock Equity": "1,144,000", "Capital Lease Obligations": "55,000", "Net Tangible Assets": "809,000", "Working Capital": "671,000", "Invested Capital": "1,144,000", "Tangible Book Value": "809,000", "Total Debt": "55,000", "Net Debt": "-", "Share Issued": "109,208", "Ordinary Shares Number": "109,208"}, "12/31/2018": {"Duration": "12/31/2018", "Total Assets": "1,795,000", "Total Liabilities Net Minority Interest": "581,000", "Total Equity Gross Minority Interest": "1,214,000", "Total Capitalization": "1,346,000", "Common Stock Equity": "1,214,000", "Capital Lease Obligations": "-", "Net Tangible Assets": "756,000", "Working Capital": "778,000", "Invested Capital": "1,346,000", "Tangible Book Value": "756,000", "Total Debt": "132,000", "Net Debt": "16,000", "Share Issued": "108,427", "Ordinary Shares Number": "108,427"}}, "cf": {"TTM": {"Duration": "TTM", "Operating Cash Flow": "189,000", "Investing Cash Flow": "22,000", "Financing Cash Flow": "-8,000", "End Cash Position": "387,000", "Income Tax Paid Supplemental Data": "2,000", "Interest Paid Supplemental Data": "0", "Capital Expenditure": "-8,000", "Issuance of Debt": "0", "Repayment of Debt": "0", "Free Cash Flow": "181,000"}, "12/31/2020": {"Duration": "12/31/2020", "Operating Cash Flow": "189,000", "Investing Cash Flow": "22,000", "Financing Cash Flow": "-8,000", "End Cash Position": "387,000", "Income Tax Paid Supplemental Data": "2,000", "Interest Paid Supplemental Data": "0", "Capital Expenditure": "-8,000", "Issuance of Debt": "0", "Repayment of Debt": "0", "Free Cash Flow": "181,000"}, "12/31/2019": {"Duration": "12/31/2019", "Operating Cash Flow": "224,000", "Investing Cash Flow": "-22,000", "Financing Cash Flow": "-138,000", "End Cash Position": "183,000", "Income Tax Paid Supplemental Data": "7,000", "Interest Paid Supplemental Data": "5,000", "Capital Expenditure": "-12,000", "Issuance of Debt": "268,000", "Repayment of Debt": "-400,000", "Free Cash Flow": "212,000"}, "12/31/2018": {"Duration": "12/31/2018", "Operating Cash Flow": "73,000", "Investing Cash Flow": "-9,000", "Financing Cash Flow": "-37,000", "End Cash Position": "116,000", "Income Tax Paid Supplemental Data": "6,000", "Interest Paid Supplemental Data": "9,000", "Capital Expenditure": "-11,000", "Issuance of Debt": "503,000", "Repayment of Debt": "-533,000", "Free Cash Flow": "62,000"}}}}, {"HLX": {"quote": {"04/03/2021": {"value": "5.28", "Market Cap": "795.775M", "Beta (5Y Monthly)": "3.66", "PE Ratio (TTM)": "40.31", "EPS (TTM)": "0.13", "Earnings Date": "Apr 20, 2021 - Apr 26, 2021", "Forward Dividend & Yield": "N/A (N/A)", "Ex-Dividend Date": "N/A", "1y Target Est": "6.32"}}, "fin": {"TTM": {"Duration": "TTM", "Total Revenue": "733,555", "Cost of Revenue": "653,646", "Gross Profit": "79,909", "Operating Expense": "61,084", "Operating Income": "18,825", "Net Non Operating Interest Income Expense": "-28,531", "Other Income Expense": "11,089", "Pretax Income": "1,383", "Tax Provision": "-18,701", "Net Income Common Stockholders": "19,634", "Average Dilution Earnings": "1", "Diluted NI Available to Com Stockholders": "19,635", "Basic EPS": "-", "Diluted EPS": "-", "Basic Average Shares": "-", "Diluted Average Shares": "-", "Total Operating Income as Reported": "13,025", "Total Expenses": "714,730", "Net Income from Continuing & Discontinued Operation": "22,174", "Normalized Income": "19,664", "Interest Income": "825", "Interest Expense": "29,356", "Net Interest Income": "-28,531", "EBIT": "30,739", "EBITDA": "164,448", "Reconciled Cost of Revenue": "653,646", "Reconciled Depreciation": "133,709", "Net Income from Continuing Operation Net Minority Interest": "22,174", "Total Unusual Items Excluding Goodwill": "3,439", "Total Unusual Items": "3,439", "Normalized EBITDA": "161,009", "Tax Rate for Calcs": "0", "Tax Effect of Unusual Items": "928.53"}, "12/31/2020": {"Duration": "12/31/2020", "Total Revenue": "733,555", "Cost of Revenue": "653,646", "Gross Profit": "79,909", "Operating Expense": "61,084", "Operating Income": "18,825", "Net Non Operating Interest Income Expense": "-28,531", "Other Income Expense": "11,089", "Pretax Income": "1,383", "Tax Provision": "-18,701", "Net Income Common Stockholders": "19,634", "Average Dilution Earnings": "1", "Diluted NI Available to Com Stockholders": "19,635", "Basic EPS": "-", "Diluted EPS": "-", "Basic Average Shares": "-", "Diluted Average Shares": "-", "Total Operating Income as Reported": "13,025", "Total Expenses": "714,730", "Net Income from Continuing & Discontinued Operation": "22,174", "Normalized Income": "19,664", "Interest Income": "825", "Interest Expense": "29,356", "Net Interest Income": "-28,531", "EBIT": "30,739", "EBITDA": "-", "Reconciled Cost of Revenue": "653,646", "Reconciled Depreciation": "133,709", "Net Income from Continuing Operation Net Minority Interest": "22,174", "Total Unusual Items Excluding Goodwill": "3,439", "Total Unusual Items": "3,439", "Normalized EBITDA": "161,009", "Tax Rate for Calcs": "0", "Tax Effect of Unusual Items": "928.53"}, "12/31/2019": {"Duration": "12/31/2019", "Total Revenue": "751,909", "Cost of Revenue": "614,071", "Gross Profit": "137,838", "Operating Expense": "69,841", "Operating Income": "67,997", "Net Non Operating Interest Income Expense": "-8,333", "Other Income Expense": "5,892", "Pretax Income": "65,556", "Tax Provision": "7,859", "Net Income Common Stockholders": "57,289", "Average Dilution Earnings": "-", "Diluted NI Available to Com Stockholders": "57,289", "Basic EPS": "0.39", "Diluted EPS": "0.38", "Basic Average Shares": "147,536", "Diluted Average Shares": "149,577", "Total Operating Income as Reported": "67,997", "Total Expenses": "683,912", "Net Income from Continuing & Discontinued Operation": "57,919", "Normalized Income": "57,935", "Interest Income": "2,607", "Interest Expense": "10,940", "Net Interest Income": "-8,333", "EBIT": "76,496", "EBITDA": "-", "Reconciled Cost of Revenue": "614,071", "Reconciled Depreciation": "112,720", "Net Income from Continuing Operation Net Minority Interest": "57,919", "Total Unusual Items Excluding Goodwill": "-18", "Total Unusual Items": "-18", "Normalized EBITDA": "189,234", "Tax Rate for Calcs": "0", "Tax Effect of Unusual Items": "-2.16"}, "12/31/2018": {"Duration": "12/31/2018", "Total Revenue": "739,818", "Cost of Revenue": "618,134", "Gross Profit": "121,684", "Operating Expense": "70,287", "Operating Income": "51,397", "Net Non Operating Interest Income Expense": "-13,751", "Other Income Expense": "-6,648", "Pretax Income": "30,998", "Tax Provision": "2,400", "Net Income Common Stockholders": "28,598", "Average Dilution Earnings": "-", "Diluted NI Available to Com Stockholders": "28,598", "Basic EPS": "0.19", "Diluted EPS": "0.19", "Basic Average Shares": "146,702", "Diluted Average Shares": "146,830", "Total Operating Income as Reported": "51,543", "Total Expenses": "688,421", "Net Income from Continuing & Discontinued Operation": "28,598", "Normalized Income": "29,555", "Interest Income": "3,237", "Interest Expense": "16,988", "Net Interest Income": "-13,751", "EBIT": "47,986", "EBITDA": "-", "Reconciled Cost of Revenue": "618,134", "Reconciled Depreciation": "110,522", "Net Income from Continuing Operation Net Minority Interest": "28,598", "Total Unusual Items Excluding Goodwill": "-1,037", "Total Unusual Items": "-1,037", "Normalized EBITDA": "159,545", "Tax Rate for Calcs": "0", "Tax Effect of Unusual Items": "-79.849"}}, "bs": {"12/31/2020": {"Duration": "12/31/2020", "Total Assets": "2,498,278", "Total Liabilities Net Minority Interest": "757,782", "Total Equity Gross Minority Interest": "1,740,496", "Total Capitalization": "1,999,408", "Common Stock Equity": "1,740,496", "Capital Lease Obligations": "152,608", "Net Tangible Assets": "1,736,687", "Working Capital": "246,338", "Invested Capital": "2,090,059", "Tangible Book Value": "1,736,687", "Total Debt": "502,171", "Net Debt": "58,243", "Share Issued": "150,341", "Ordinary Shares Number": "150,341"}, "12/31/2019": {"Duration": "12/31/2019", "Total Assets": "2,596,731", "Total Liabilities Net Minority Interest": "897,140", "Total Equity Gross Minority Interest": "1,699,591", "Total Capitalization": "2,005,713", "Common Stock Equity": "1,699,591", "Capital Lease Obligations": "205,612", "Net Tangible Assets": "1,688,587", "Working Capital": "153,508", "Invested Capital": "2,105,444", "Tangible Book Value": "1,688,587", "Total Debt": "611,465", "Net Debt": "197,422", "Share Issued": "148,888", "Ordinary Shares Number": "148,888"}, "12/31/2018": {"Duration": "12/31/2018", "Total Assets": "2,347,730", "Total Liabilities Net Minority Interest": "729,951", "Total Equity Gross Minority Interest": "1,617,779", "Total Capitalization": "2,010,842", "Common Stock Equity": "1,617,779", "Capital Lease Obligations": "-", "Net Tangible Assets": "1,617,779", "Working Capital": "259,440", "Invested Capital": "2,058,094", "Tangible Book Value": "1,617,779", "Total Debt": "440,315", "Net Debt": "160,856", "Share Issued": "148,203", "Ordinary Shares Number": "148,203"}}, "cf": {"TTM": {"Duration": "TTM", "Operating Cash Flow": "98,800", "Investing Cash Flow": "-19,281", "Financing Cash Flow": "-52,578", "End Cash Position": "291,320", "Capital Expenditure": "-20,244", "Issuance of Capital Stock": "-", "Issuance of Debt": "200,000", "Repayment of Debt": "-229,564", "Free Cash Flow": "78,556"}, "12/31/2020": {"Duration": "12/31/2020", "Operating Cash Flow": "98,800", "Investing Cash Flow": "-19,281", "Financing Cash Flow": "-52,578", "End Cash Position": "291,320", "Capital Expenditure": "-20,244", "Issuance of Capital Stock": "-", "Issuance of Debt": "200,000", "Repayment of Debt": "-229,564", "Free Cash Flow": "78,556"}, "12/31/2019": {"Duration": "12/31/2019", "Operating Cash Flow": "169,669", "Investing Cash Flow": "-142,385", "Financing Cash Flow": "-45,818", "End Cash Position": "262,561", "Capital Expenditure": "-140,854", "Issuance of Capital Stock": "0", "Issuance of Debt": "35,000", "Repayment of Debt": "-78,014", "Free Cash Flow": "28,815"}, "12/31/2018": {"Duration": "12/31/2018", "Operating Cash Flow": "196,744", "Investing Cash Flow": "-136,014", "Financing Cash Flow": "-46,186", "End Cash Position": "279,459", "Capital Expenditure": "-137,083", "Issuance of Capital Stock": "0", "Issuance of Debt": "125,000", "Repayment of Debt": "-166,418", "Free Cash Flow": "59,661"}}}}, {"FET": {"quote": {"04/03/2021": {"value": "19.60", "Market Cap": "109.751M", "Beta (5Y Monthly)": "4.37", "PE Ratio (TTM)": "N/A", "EPS (TTM)": "-17.37", "Earnings Date": "May 05, 2021 - May 10, 2021", "Forward Dividend & Yield": "N/A (N/A)", "Ex-Dividend Date": "N/A", "1y Target Est": "20.00"}}, "fin": {"TTM": {"Duration": "TTM", "Total Revenue": "512,500", "Cost of Revenue": "523,500", "Gross Profit": "-11,000", "Operating Expense": "197,700", "Operating Income": "-208,700", "Net Non Operating Interest Income Expense": "-30,300", "Other Income Expense": "129,200", "Pretax Income": "-109,800", "Tax Provision": "-12,900", "Net Income Common Stockholders": "-96,900", "Diluted NI Available to Com Stockholders": "-96,900", "Basic EPS": "-", "Diluted EPS": "-", "Basic Average Shares": "-", "Diluted Average Shares": "-", "Total Operating Income as Reported": "-231,600", "Total Expenses": "721,200", "Net Income from Continuing & Discontinued Operation": "-96,900", "Normalized Income": "-212,951", "Interest Expense": "30,300", "Net Interest Income": "-30,300", "EBIT": "-79,500", "EBITDA": "-28,500", "Reconciled Cost of Revenue": "523,500", "Reconciled Depreciation": "51,000", "Net Income from Continuing Operation Net Minority Interest": "-96,900", "Total Unusual Items Excluding Goodwill": "131,500", "Total Unusual Items": "131,500", "Normalized EBITDA": "-160,000", "Tax Rate for Calcs": "0", "Tax Effect of Unusual Items": "15,449"}, "12/31/2020": {"Duration": "12/31/2020", "Total Revenue": "512,476", "Cost of Revenue": "523,497", "Gross Profit": "-11,021", "Operating Expense": "197,677", "Operating Income": "-208,698", "Net Non Operating Interest Income Expense": "-30,268", "Other Income Expense": "129,196", "Pretax Income": "-109,770", "Tax Provision": "-12,881", "Net Income Common Stockholders": "-96,889", "Diluted NI Available to Com Stockholders": "-96,889", "Basic EPS": "-17.37", "Diluted EPS": "-17.37", "Basic Average Shares": "5,600", "Diluted Average Shares": "5,600", "Total Operating Income as Reported": "-231,623", "Total Expenses": "721,174", "Net Income from Continuing & Discontinued Operation": "-96,889", "Normalized Income": "-212,966", "Interest Expense": "30,268", "Net Interest Income": "-30,268", "EBIT": "-79,502", "EBITDA": "-", "Reconciled Cost of Revenue": "523,497", "Reconciled Depreciation": "51,000", "Net Income from Continuing Operation Net Minority Interest": "-96,889", "Total Unusual Items Excluding Goodwill": "131,458", "Total Unusual Items": "131,458", "Normalized EBITDA": "-159,960", "Tax Rate for Calcs": "0", "Tax Effect of Unusual Items": "15,381"}, "12/31/2019": {"Duration": "12/31/2019", "Total Revenue": "956,533", "Cost of Revenue": "711,681", "Gross Profit": "244,852", "Operating Expense": "251,736", "Operating Income": "-6,884", "Net Non Operating Interest Income Expense": "-31,618", "Other Income Expense": "-530,369", "Pretax Income": "-568,871", "Tax Provision": "-1,814", "Net Income Common Stockholders": "-567,057", "Diluted NI Available to Com Stockholders": "-567,057", "Basic EPS": "-103.00", "Diluted EPS": "-103.00", "Basic Average Shares": "5,505", "Diluted Average Shares": "5,505", "Total Operating Income as Reported": "-536,146", "Total Expenses": "963,417", "Net Income from Continuing & Discontinued Operation": "-567,057", "Normalized Income": "-32,419", "Interest Expense": "31,618", "Net Interest Income": "-31,618", "EBIT": "-537,253", "EBITDA": "-", "Reconciled Cost of Revenue": "711,681", "Reconciled Depreciation": "63,241", "Net Income from Continuing Operation Net Minority Interest": "-567,057", "Total Unusual Items Excluding Goodwill": "-536,247", "Total Unusual Items": "-536,247", "Normalized EBITDA": "62,235", "Tax Rate for Calcs": "0", "Tax Effect of Unusual Items": "-1,609"}, "12/31/2018": {"Duration": "12/31/2018", "Total Revenue": "1,064,219", "Cost of Revenue": "807,847", "Gross Profit": "256,372", "Operating Expense": "286,980", "Operating Income": "-30,608", "Net Non Operating Interest Income Expense": "-32,532", "Other Income Expense": "-326,614", "Pretax Income": "-389,754", "Tax Provision": "-15,674", "Net Income Common Stockholders": "-374,080", "Diluted NI Available to Com Stockholders": "-374,080", "Basic EPS": "-68.80", "Diluted EPS": "-68.80", "Basic Average Shares": "5,439", "Diluted Average Shares": "5,439", "Total Operating Income as Reported": "-396,998", "Total Expenses": "1,094,827", "Net Income from Continuing & Discontinued Operation": "-374,080", "Normalized Income": "-60,396", "Interest Expense": "32,532", "Net Interest Income": "-32,532", "EBIT": "-357,222", "EBITDA": "-", "Reconciled Cost of Revenue": "807,847", "Reconciled Depreciation": "74,508", "Net Income from Continuing Operation Net Minority Interest": "-374,080", "Total Unusual Items Excluding Goodwill": "-326,754", "Total Unusual Items": "-326,754", "Normalized EBITDA": "44,040", "Tax Rate for Calcs": "0", "Tax Effect of Unusual Items": "-13,070"}}, "bs": {"12/31/2020": {"Duration": "12/31/2020", "Total Assets": "889,926", "Total Liabilities Net Minority Interest": "483,690", "Total Equity Gross Minority Interest": "406,236", "Total Capitalization": "699,609", "Common Stock Equity": "406,236", "Capital Lease Obligations": "44,536", "Net Tangible Assets": "165,792", "Working Capital": "365,257", "Invested Capital": "700,931", "Tangible Book Value": "165,792", "Total Debt": "339,231", "Net Debt": "166,078", "Share Issued": "5,992", "Ordinary Shares Number": "5,582", "Treasury Shares Number": "410.877"}, "12/31/2019": {"Duration": "12/31/2019", "Total Assets": "1,159,997", "Total Liabilities Net Minority Interest": "673,958", "Total Equity Gross Minority Interest": "486,039", "Total Capitalization": "884,901", "Common Stock Equity": "486,039", "Capital Lease Obligations": "49,938", "Net Tangible Assets": "213,739", "Working Capital": "469,067", "Invested Capital": "885,618", "Tangible Book Value": "213,739", "Total Debt": "449,517", "Net Debt": "341,668", "Share Issued": "5,942", "Ordinary Shares Number": "5,531", "Treasury Shares Number": "410.595"}, "12/31/2018": {"Duration": "12/31/2018", "Total Assets": "1,829,652", "Total Liabilities Net Minority Interest": "799,526", "Total Equity Gross Minority Interest": "1,030,126", "Total Capitalization": "1,547,670", "Common Stock Equity": "1,030,126", "Capital Lease Obligations": "-", "Net Tangible Assets": "201,431", "Working Capital": "529,087", "Invested Capital": "1,548,837", "Tangible Book Value": "201,431", "Total Debt": "518,711", "Net Debt": "471,470", "Share Issued": "5,871", "Ordinary Shares Number": "5,461", "Treasury Shares Number": "410.023"}}, "cf": {"TTM": {"Duration": "TTM", "Operating Cash Flow": "3,900", "Investing Cash Flow": "108,300", "Financing Cash Flow": "-41,800", "End Cash Position": "128,617", "Income Tax Paid Supplemental Data": "-", "Interest Paid Supplemental Data": "23,763", "Capital Expenditure": "-2,200", "Issuance of Capital Stock": "-", "Issuance of Debt": "182,300", "Repayment of Debt": "-170,400", "Repurchase of Capital Stock": "-200", "Free Cash Flow": "1,700"}, "12/31/2020": {"Duration": "12/31/2020", "Operating Cash Flow": "3,883", "Investing Cash Flow": "108,250", "Financing Cash Flow": "-41,765", "End Cash Position": "128,617", "Income Tax Paid Supplemental Data": "-", "Interest Paid Supplemental Data": "23,763", "Capital Expenditure": "-2,246", "Issuance of Capital Stock": "-", "Issuance of Debt": "182,322", "Repayment of Debt": "-210,645", "Repurchase of Capital Stock": "-195", "Free Cash Flow": "1,637"}, "12/31/2019": {"Duration": "12/31/2019", "Operating Cash Flow": "104,144", "Investing Cash Flow": "28,135", "Financing Cash Flow": "-122,191", "End Cash Position": "57,911", "Income Tax Paid Supplemental Data": "3,917", "Interest Paid Supplemental Data": "31,940", "Capital Expenditure": "-15,102", "Issuance of Capital Stock": "0", "Issuance of Debt": "137,000", "Repayment of Debt": "-258,097", "Repurchase of Capital Stock": "-1,094", "Free Cash Flow": "89,042"}, "12/31/2018": {"Duration": "12/31/2018", "Operating Cash Flow": "2,407", "Investing Cash Flow": "-75,407", "Financing Cash Flow": "6,522", "End Cash Position": "47,241", "Income Tax Paid Supplemental Data": "-5,560", "Interest Paid Supplemental Data": "-30,269", "Capital Expenditure": "-24,043", "Issuance of Capital Stock": "249", "Issuance of Debt": "221,980", "Repayment of Debt": "-212,930", "Repurchase of Capital Stock": "-2,777", "Free Cash Flow": "-21,636"}}}}, {"VTTI": {"quote": {"04/03/2021": {"value": "", "Net Assets": "N/A", "Beta (5Y Monthly)": "N/A", "Yield": "N/A", "5y Average Return": "N/A", "Holdings Turnover": "N/A", "Last Dividend": "N/A", "Average for Category": "N/A", "Inception Date": "N/A"}}, "fin": {}, "bs": {}, "cf": {}}}, {"GLRI": {"quote": {"04/03/2021": {"value": "0.0135", "Market Cap": "93,346", "Beta (5Y Monthly)": "1.59", "PE Ratio (TTM)": "N/A", "EPS (TTM)": "-1.1300", "Earnings Date": "Mar 24, 2017 - Mar 27, 2017", "Forward Dividend & Yield": "N/A (N/A)", "Ex-Dividend Date": "N/A", "1y Target Est": "N/A"}}, "fin": {}, "bs": {}, "cf": {}}}, {"TEGR": {"quote": {"04/03/2021": {"value": "0.0139", "Market Cap": "518,677", "Beta (5Y Monthly)": "0.55", "PE Ratio (TTM)": "N/A", "EPS (TTM)": "-0.0100", "Earnings Date": "N/A", "Forward Dividend & Yield": "N/A (N/A)", "Ex-Dividend Date": "N/A", "1y Target Est": "N/A"}}, "fin": {}, "bs": {}, "cf": {}}}, {"FTI": {"quote": {"04/03/2021": {"value": "7.98", "Market Cap": "3.594B", "Beta (5Y Monthly)": "2.45", "PE Ratio (TTM)": "N/A", "EPS (TTM)": "-7.33", "Earnings Date": "Apr 20, 2021 - Apr 26, 2021", "Forward Dividend & Yield": "0.13 (1.66%)", "Ex-Dividend Date": "Mar 23, 2020", "1y Target Est": "10.45"}}, "fin": {"TTM": {"Duration": "TTM", "Total Revenue": "13,050,600", "Cost of Revenue": "11,209,400", "Gross Profit": "1,841,200", "Operating Expense": "1,186,000", "Operating Income": "655,200", "Net Non Operating Interest Income Expense": "-293,000", "Other Income Expense": "-3,446,700", "Pretax Income": "-3,084,500", "Tax Provision": "153,400", "Net Income Common Stockholders": "-3,287,600", "Diluted NI Available to Com Stockholders": "-3,287,600", "Basic EPS": "-", "Diluted EPS": "-", "Basic Average Shares": "-", "Diluted Average Shares": "-", "Total Expenses": "12,395,400", "Net Income from Continuing & Discontinued Operation": "-3,287,600", "Normalized Income": "-536,400", "Interest Income": "56,600", "Interest Expense": "349,600", "Net Interest Income": "-293,000", "EBIT": "-2,734,900", "EBITDA": "-2,287,700", "Reconciled Cost of Revenue": "11,209,400", "Reconciled Depreciation": "447,200", "Net Income from Continuing Operation Net Minority Interest": "-3,287,600", "Total Unusual Items Excluding Goodwill": "-3,439,000", "Total Unusual Items": "-3,439,000", "Normalized EBITDA": "1,151,300", "Tax Rate for Calcs": "0", "Tax Effect of Unusual Items": "-687,800"}, "12/31/2020": {"Duration": "12/31/2020", "Total Revenue": "13,050,600", "Cost of Revenue": "11,209,400", "Gross Profit": "1,841,200", "Operating Expense": "1,186,000", "Operating Income": "655,200", "Net Non Operating Interest Income Expense": "-293,000", "Other Income Expense": "-3,446,700", "Pretax Income": "-3,084,500", "Tax Provision": "153,400", "Net Income Common Stockholders": "-3,287,600", "Diluted NI Available to Com Stockholders": "-3,287,600", "Basic EPS": "-", "Diluted EPS": "-", "Basic Average Shares": "-", "Diluted Average Shares": "-", "Total Expenses": "12,395,400", "Net Income from Continuing & Discontinued Operation": "-3,287,600", "Normalized Income": "-536,400", "Interest Income": "56,600", "Interest Expense": "349,600", "Net Interest Income": "-293,000", "EBIT": "-2,734,900", "EBITDA": "-", "Reconciled Cost of Revenue": "11,209,400", "Reconciled Depreciation": "447,200", "Net Income from Continuing Operation Net Minority Interest": "-3,287,600", "Total Unusual Items Excluding Goodwill": "-3,439,000", "Total Unusual Items": "-3,439,000", "Normalized EBITDA": "1,151,300", "Tax Rate for Calcs": "0", "Tax Effect of Unusual Items": "-687,800"}, "12/31/2019": {"Duration": "12/31/2019", "Total Revenue": "13,409,100", "Cost of Revenue": "10,950,700", "Gross Profit": "2,458,400", "Operating Expense": "1,391,000", "Operating Income": "1,067,400", "Net Non Operating Interest Income Expense": "-451,300", "Other Income Expense": "-2,751,900", "Pretax Income": "-2,135,800", "Tax Provision": "276,300", "Net Income Common Stockholders": "-2,415,200", "Diluted NI Available to Com Stockholders": "-2,415,200", "Basic EPS": "-5.39", "Diluted EPS": "-5.39", "Basic Average Shares": "448,000", "Diluted Average Shares": "448,000", "Total Expenses": "12,341,700", "Net Income from Continuing & Discontinued Operation": "-2,415,200", "Normalized Income": "-339,920", "Interest Income": "116,500", "Interest Expense": "567,800", "Net Interest Income": "-451,300", "EBIT": "-1,568,000", "EBITDA": "-", "Reconciled Cost of Revenue": "10,950,700", "Reconciled Depreciation": "509,600", "Net Income from Continuing Operation Net Minority Interest": "-2,415,200", "Total Unusual Items Excluding Goodwill": "-2,594,100", "Total Unusual Items": "-2,594,100", "Normalized EBITDA": "1,535,700", "Tax Rate for Calcs": "0", "Tax Effect of Unusual Items": "-518,820"}, "12/31/2018": {"Duration": "12/31/2018", "Total Revenue": "12,552,900", "Cost of Revenue": "10,273,000", "Gross Profit": "2,279,900", "Operating Expense": "1,329,800", "Operating Income": "950,100", "Net Non Operating Interest Income Expense": "-360,900", "Other Income Expense": "-2,077,300", "Pretax Income": "-1,488,100", "Tax Provision": "422,700", "Net Income Common Stockholders": "-1,921,600", "Diluted NI Available to Com Stockholders": "-1,921,600", "Basic EPS": "-4.20", "Diluted EPS": "-4.20", "Basic Average Shares": "458,000", "Diluted Average Shares": "458,000", "Total Expenses": "11,602,800", "Net Income from Continuing & Discontinued Operation": "-1,921,600", "Normalized Income": "-427,440", "Interest Income": "121,400", "Interest Expense": "482,300", "Net Interest Income": "-360,900", "EBIT": "-1,005,800", "EBITDA": "-", "Reconciled Cost of Revenue": "10,273,000", "Reconciled Depreciation": "550,400", "Net Income from Continuing Operation Net Minority Interest": "-1,921,600", "Total Unusual Items Excluding Goodwill": "-1,867,700", "Total Unusual Items": "-1,867,700", "Normalized EBITDA": "1,412,300", "Tax Rate for Calcs": "0", "Tax Effect of Unusual Items": "-373,540"}}, "bs": {"12/31/2020": {"Duration": "12/31/2020", "Total Assets": "19,692,600", "Total Liabilities Net Minority Interest": "15,478,300", "Total Equity Gross Minority Interest": "4,214,300", "Total Capitalization": "7,471,900", "Common Stock Equity": "4,154,200", "Capital Lease Obligations": "1,154,900", "Net Tangible Assets": "660,600", "Working Capital": "1,029,500", "Invested Capital": "8,108,100", "Tangible Book Value": "660,600", "Total Debt": "5,108,800", "Share Issued": "449,500", "Ordinary Shares Number": "449,500", "Treasury Shares Number": "-"}, "12/31/2019": {"Duration": "12/31/2019", "Total Assets": "23,518,800", "Total Liabilities Net Minority Interest": "15,830,700", "Total Equity Gross Minority Interest": "7,688,100", "Total Capitalization": "11,639,300", "Common Stock Equity": "7,659,300", "Capital Lease Obligations": "956,800", "Net Tangible Assets": "974,400", "Working Capital": "1,748,000", "Invested Capital": "12,134,700", "Tangible Book Value": "974,400", "Total Debt": "5,432,200", "Share Issued": "447,100", "Ordinary Shares Number": "447,100", "Treasury Shares Number": "-"}, "12/31/2018": {"Duration": "12/31/2018", "Total Assets": "24,784,500", "Total Liabilities Net Minority Interest": "14,353,600", "Total Equity Gross Minority Interest": "10,430,900", "Total Capitalization": "14,523,900", "Common Stock Equity": "10,399,600", "Capital Lease Obligations": "-", "Net Tangible Assets": "1,615,300", "Working Capital": "2,646,800", "Invested Capital": "14,591,300", "Tangible Book Value": "1,615,300", "Total Debt": "4,191,700", "Share Issued": "450,500", "Ordinary Shares Number": "450,500", "Treasury Shares Number": "0"}}, "cf": {"TTM": {"Duration": "TTM", "Operating Cash Flow": "656,900", "Investing Cash Flow": "-180,600", "Financing Cash Flow": "-1,082,200", "End Cash Position": "4,807,800", "Income Tax Paid Supplemental Data": "219,700", "Interest Paid Supplemental Data": "107,000", "Capital Expenditure": "-291,800", "Issuance of Debt": "223,200", "Repayment of Debt": "-1,002,800", "Repurchase of Capital Stock": "0", "Free Cash Flow": "365,100"}, "12/31/2020": {"Duration": "12/31/2020", "Operating Cash Flow": "656,900", "Investing Cash Flow": "-180,600", "Financing Cash Flow": "-1,082,200", "End Cash Position": "4,807,800", "Income Tax Paid Supplemental Data": "219,700", "Interest Paid Supplemental Data": "107,000", "Capital Expenditure": "-291,800", "Issuance of Debt": "223,200", "Repayment of Debt": "-1,002,800", "Repurchase of Capital Stock": "0", "Free Cash Flow": "365,100"}, "12/31/2019": {"Duration": "12/31/2019", "Operating Cash Flow": "848,500", "Investing Cash Flow": "-419,800", "Financing Cash Flow": "-784,400", "End Cash Position": "5,190,200", "Income Tax Paid Supplemental Data": "374,500", "Interest Paid Supplemental Data": "109,400", "Capital Expenditure": "-454,400", "Issuance of Debt": "153,500", "Repayment of Debt": "0", "Repurchase of Capital Stock": "-92,700", "Free Cash Flow": "394,100"}, "12/31/2018": {"Duration": "12/31/2018", "Operating Cash Flow": "-185,400", "Investing Cash Flow": "-460,200", "Financing Cash Flow": "-444,800", "End Cash Position": "5,540,000", "Income Tax Paid Supplemental Data": "410,600", "Interest Paid Supplemental Data": "99,000", "Capital Expenditure": "-368,100", "Issuance of Debt": "496,600", "Repayment of Debt": "0", "Repurchase of Capital Stock": "-442,600", "Free Cash Flow": "-553,500"}}}}, {"GIFI": {"quote": {"04/03/2021": {"value": "3.8500", "Market Cap": "59.741M", "Beta (5Y Monthly)": "0.86", "PE Ratio (TTM)": "N/A", "EPS (TTM)": "-1.7880", "Earnings Date": "May 04, 2021 - May 10, 2021", "Forward Dividend & Yield": "N/A (N/A)", "Ex-Dividend Date": "Nov 09, 2017", "1y Target Est": "4.00"}}, "fin": {"TTM": {"Duration": "TTM", "Total Revenue": "250,959", "Cost of Revenue": "268,710", "Gross Profit": "-17,751", "Operating Expense": "5,278", "Operating Income": "-23,029", "Net Non Operating Interest Income Expense": "-268", "Other Income Expense": "-4,130", "Pretax Income": "-27,427", "Tax Provision": "-52", "Net Income Common Stockholders": "-27,375", "Diluted NI Available to Com Stockholders": "-27,375", "Basic EPS": "-", "Diluted EPS": "-", "Basic Average Shares": "-", "Diluted Average Shares": "-", "Total Operating Income as Reported": "-27,159", "Total Expenses": "273,988", "Net Income from Continuing & Discontinued Operation": "-27,375", "Normalized Income": "-23,253", "Interest Expense": "-", "Net Interest Income": "-268", "EBIT": "-23,029", "EBITDA": "-14,349", "Reconciled Cost of Revenue": "268,710", "Reconciled Depreciation": "8,680", "Net Income from Continuing Operation Net Minority Interest": "-27,375", "Total Unusual Items Excluding Goodwill": "-4,130", "Total Unusual Items": "-4,130", "Normalized EBITDA": "-10,219", "Tax Rate for Calcs": "0", "Tax Effect of Unusual Items": "-7.8302"}, "12/31/2020": {"Duration": "12/31/2020", "Total Revenue": "250,959", "Cost of Revenue": "268,710", "Gross Profit": "-17,751", "Operating Expense": "5,278", "Operating Income": "-23,029", "Net Non Operating Interest Income Expense": "-268", "Other Income Expense": "-4,130", "Pretax Income": "-27,427", "Tax Provision": "-52", "Net Income Common Stockholders": "-27,375", "Diluted NI Available to Com Stockholders": "-27,375", "Basic EPS": "-", "Diluted EPS": "-", "Basic Average Shares": "-", "Diluted Average Shares": "-", "Total Operating Income as Reported": "-27,159", "Total Expenses": "273,988", "Net Income from Continuing & Discontinued Operation": "-27,375", "Normalized Income": "-23,253", "Interest Expense": "-", "Net Interest Income": "-268", "EBIT": "-23,029", "EBITDA": "-", "Reconciled Cost of Revenue": "268,710", "Reconciled Depreciation": "8,680", "Net Income from Continuing Operation Net Minority Interest": "-27,375", "Total Unusual Items Excluding Goodwill": "-4,130", "Total Unusual Items": "-4,130", "Normalized EBITDA": "-10,219", "Tax Rate for Calcs": "0", "Tax Effect of Unusual Items": "-7.8302"}, "12/31/2019": {"Duration": "12/31/2019", "Total Revenue": "303,308", "Cost of Revenue": "320,307", "Gross Profit": "-16,999", "Operating Expense": "15,494", "Operating Income": "-32,493", "Net Non Operating Interest Income Expense": "531", "Other Income Expense": "-17,528", "Pretax Income": "-49,490", "Tax Provision": "-96", "Net Income Common Stockholders": "-49,394", "Diluted NI Available to Com Stockholders": "-49,394", "Basic EPS": "-3.24", "Diluted EPS": "-3.24", "Basic Average Shares": "15,245", "Diluted Average Shares": "15,245", "Total Operating Income as Reported": "-50,021", "Total Expenses": "335,801", "Net Income from Continuing & Discontinued Operation": "-49,394", "Normalized Income": "-31,901", "Interest Expense": "-", "Net Interest Income": "531", "EBIT": "-32,493", "EBITDA": "-", "Reconciled Cost of Revenue": "320,307", "Reconciled Depreciation": "9,564", "Net Income from Continuing Operation Net Minority Interest": "-49,394", "Total Unusual Items Excluding Goodwill": "-17,528", "Total Unusual Items": "-17,528", "Normalized EBITDA": "-5,401", "Tax Rate for Calcs": "0", "Tax Effect of Unusual Items": "-35.056"}, "12/31/2018": {"Duration": "12/31/2018", "Total Revenue": "221,247", "Cost of Revenue": "228,443", "Gross Profit": "-7,196", "Operating Expense": "19,319", "Operating Income": "-26,515", "Net Non Operating Interest Income Expense": "-142", "Other Income Expense": "6,850", "Pretax Income": "-19,807", "Tax Provision": "571", "Net Income Common Stockholders": "-20,378", "Diluted NI Available to Com Stockholders": "-20,378", "Basic EPS": "-1.36", "Diluted EPS": "-1.36", "Basic Average Shares": "14,984", "Diluted Average Shares": "14,984", "Total Operating Income as Reported": "-19,665", "Total Expenses": "247,762", "Net Income from Continuing & Discontinued Operation": "-20,378", "Normalized Income": "-25,378", "Interest Expense": "-", "Net Interest Income": "-142", "EBIT": "-26,515", "EBITDA": "-", "Reconciled Cost of Revenue": "228,443", "Reconciled Depreciation": "10,430", "Net Income from Continuing Operation Net Minority Interest": "-20,378", "Total Unusual Items Excluding Goodwill": "6,850", "Total Unusual Items": "6,850", "Normalized EBITDA": "-22,935", "Tax Rate for Calcs": "0", "Tax Effect of Unusual Items": "1,850"}}, "bs": {"12/31/2020": {"Duration": "12/31/2020", "Total Assets": "231,343", "Total Liabilities Net Minority Interest": "104,981", "Total Equity Gross Minority Interest": "126,362", "Total Capitalization": "130,863", "Common Stock Equity": "126,362", "Net Tangible Assets": "126,362", "Working Capital": "48,950", "Invested Capital": "136,362", "Tangible Book Value": "126,362", "Total Debt": "10,000", "Share Issued": "15,359", "Ordinary Shares Number": "15,359"}, "12/31/2019": {"Duration": "12/31/2019", "Total Assets": "252,777", "Total Liabilities Net Minority Interest": "100,092", "Total Equity Gross Minority Interest": "152,685", "Total Capitalization": "152,685", "Common Stock Equity": "152,685", "Net Tangible Assets": "152,685", "Working Capital": "65,630", "Invested Capital": "152,685", "Tangible Book Value": "152,685", "Total Debt": "-", "Share Issued": "15,263", "Ordinary Shares Number": "15,263"}, "12/31/2018": {"Duration": "12/31/2018", "Total Assets": "258,290", "Total Liabilities Net Minority Interest": "57,190", "Total Equity Gross Minority Interest": "201,100", "Total Capitalization": "201,100", "Common Stock Equity": "201,100", "Net Tangible Assets": "201,100", "Working Capital": "103,854", "Invested Capital": "201,100", "Tangible Book Value": "201,100", "Total Debt": "-", "Share Issued": "15,090", "Ordinary Shares Number": "15,090"}}, "cf": {"TTM": {"Duration": "TTM", "Operating Cash Flow": "-19,008", "Investing Cash Flow": "2,609", "Financing Cash Flow": "9,855", "End Cash Position": "43,159", "Income Tax Paid Supplemental Data": "63", "Interest Paid Supplemental Data": "470", "Capital Expenditure": "-11,212", "Issuance of Debt": "10,000", "Repayment of Debt": "0", "Free Cash Flow": "-30,220"}, "12/31/2020": {"Duration": "12/31/2020", "Operating Cash Flow": "-19,008", "Investing Cash Flow": "2,609", "Financing Cash Flow": "9,855", "End Cash Position": "43,159", "Income Tax Paid Supplemental Data": "-", "Interest Paid Supplemental Data": "376", "Capital Expenditure": "-11,212", "Issuance of Debt": "10,000", "Repayment of Debt": "0", "Free Cash Flow": "-30,220"}, "12/31/2019": {"Duration": "12/31/2019", "Operating Cash Flow": "-7,140", "Investing Cash Flow": "-12,771", "Financing Cash Flow": "-843", "End Cash Position": "49,703", "Income Tax Paid Supplemental Data": "63", "Interest Paid Supplemental Data": "470", "Capital Expenditure": "-3,790", "Issuance of Debt": "0", "Repayment of Debt": "0", "Free Cash Flow": "-10,930"}, "12/31/2018": {"Duration": "12/31/2018", "Operating Cash Flow": "-20,392", "Investing Cash Flow": "82,718", "Financing Cash Flow": "-852", "End Cash Position": "70,457", "Income Tax Paid Supplemental Data": "6", "Interest Paid Supplemental Data": "352", "Capital Expenditure": "-3,481", "Issuance of Debt": "15,000", "Repayment of Debt": "-15,000", "Free Cash Flow": "-23,873"}}}}, {"WG": {"quote": {"04/03/2021": {"value": "", "Net Assets": "N/A", "Beta (5Y Monthly)": "N/A", "Yield": "N/A", "5y Average Return": "N/A", "Holdings Turnover": "N/A", "Last Dividend": "N/A", "Average for Category": "N/A", "Inception Date": "N/A"}}, "fin": {}, "bs": {}, "cf": {}}}, {"MRC": {"quote": {"04/03/2021": {"value": "9.64", "Market Cap": "1.03B", "Beta (5Y Monthly)": "2.55", "PE Ratio (TTM)": "N/A", "EPS (TTM)": "-3.63", "Earnings Date": "Apr 27, 2021", "Forward Dividend & Yield": "N/A (N/A)", "Ex-Dividend Date": "N/A", "1y Target Est": "9.71"}}, "fin": {"TTM": {"Duration": "TTM", "Total Revenue": "2,560,000", "Cost of Revenue": "2,129,000", "Gross Profit": "431,000", "Operating Expense": "449,000", "Operating Income": "-18,000", "Net Non Operating Interest Income Expense": "-28,000", "Other Income Expense": "-237,000", "Pretax Income": "-283,000", "Tax Provision": "-9,000", "Net Income Common Stockholders": "-298,000", "Diluted NI Available to Com Stockholders": "-298,000", "Basic EPS": "-", "Diluted EPS": "-", "Basic Average Shares": "-", "Diluted Average Shares": "-", "Total Operating Income as Reported": "-260,000", "Total Expenses": "2,578,000", "Net Income from Continuing & Discontinued Operation": "-274,000", "Normalized Income": "-39,260", "Interest Expense": "28,000", "Net Interest Income": "-28,000", "EBIT": "-255,000", "EBITDA": "-209,000", "Reconciled Cost of Revenue": "2,129,000", "Reconciled Depreciation": "46,000", "Net Income from Continuing Operation Net Minority Interest": "-274,000", "Total Unusual Items Excluding Goodwill": "-242,000", "Total Unusual Items": "-242,000", "Normalized EBITDA": "33,000", "Tax Rate for Calcs": "0", "Tax Effect of Unusual Items": "-7,260"}, "12/31/2020": {"Duration": "12/31/2020", "Total Revenue": "2,560,000", "Cost of Revenue": "2,129,000", "Gross Profit": "431,000", "Operating Expense": "449,000", "Operating Income": "-18,000", "Net Non Operating Interest Income Expense": "-28,000", "Other Income Expense": "-237,000", "Pretax Income": "-283,000", "Tax Provision": "-9,000", "Net Income Common Stockholders": "-298,000", "Diluted NI Available to Com Stockholders": "-298,000", "Basic EPS": "-", "Diluted EPS": "-", "Basic Average Shares": "-", "Diluted Average Shares": "-", "Total Operating Income as Reported": "-260,000", "Total Expenses": "2,578,000", "Net Income from Continuing & Discontinued Operation": "-274,000", "Normalized Income": "-39,260", "Interest Expense": "28,000", "Net Interest Income": "-28,000", "EBIT": "-255,000", "EBITDA": "-", "Reconciled Cost of Revenue": "2,129,000", "Reconciled Depreciation": "46,000", "Net Income from Continuing Operation Net Minority Interest": "-274,000", "Total Unusual Items Excluding Goodwill": "-242,000", "Total Unusual Items": "-242,000", "Normalized EBITDA": "33,000", "Tax Rate for Calcs": "0", "Tax Effect of Unusual Items": "-7,260"}, "12/31/2019": {"Duration": "12/31/2019", "Total Revenue": "3,662,000", "Cost of Revenue": "3,009,000", "Gross Profit": "653,000", "Operating Expense": "550,000", "Operating Income": "103,000", "Net Non Operating Interest Income Expense": "-40,000", "Other Income Expense": "3,000", "Pretax Income": "66,000", "Tax Provision": "27,000", "Net Income Common Stockholders": "15,000", "Diluted NI Available to Com Stockholders": "15,000", "Basic EPS": "0.18", "Diluted EPS": "0.18", "Basic Average Shares": "83,000", "Diluted Average Shares": "83,900", "Total Operating Income as Reported": "103,000", "Total Expenses": "3,559,000", "Net Income from Continuing & Discontinued Operation": "39,000", "Normalized Income": "39,000", "Interest Expense": "40,000", "Net Interest Income": "-40,000", "EBIT": "106,000", "EBITDA": "-", "Reconciled Cost of Revenue": "3,009,000", "Reconciled Depreciation": "63,000", "Net Income from Continuing Operation Net Minority Interest": "39,000", "Total Unusual Items Excluding Goodwill": "0", "Total Unusual Items": "0", "Normalized EBITDA": "169,000", "Tax Rate for Calcs": "0", "Tax Effect of Unusual Items": "0"}, "12/31/2018": {"Duration": "12/31/2018", "Total Revenue": "4,172,000", "Cost of Revenue": "3,483,000", "Gross Profit": "689,000", "Operating Expense": "562,000", "Operating Income": "127,000", "Net Non Operating Interest Income Expense": "-38,000", "Other Income Expense": "6,000", "Pretax Income": "95,000", "Tax Provision": "21,000", "Net Income Common Stockholders": "50,000", "Diluted NI Available to Com Stockholders": "50,000", "Basic EPS": "0.55", "Diluted EPS": "0.54", "Basic Average Shares": "90,100", "Diluted Average Shares": "91,800", "Total Operating Income as Reported": "127,000", "Total Expenses": "4,045,000", "Net Income from Continuing & Discontinued Operation": "74,000", "Normalized Income": "74,780", "Interest Expense": "38,000", "Net Interest Income": "-38,000", "EBIT": "133,000", "EBITDA": "-", "Reconciled Cost of Revenue": "3,483,000", "Reconciled Depreciation": "68,000", "Net Income from Continuing Operation Net Minority Interest": "74,000", "Total Unusual Items Excluding Goodwill": "-1,000", "Total Unusual Items": "-1,000", "Normalized EBITDA": "202,000", "Tax Rate for Calcs": "0", "Tax Effect of Unusual Items": "-220"}}, "bs": {"12/31/2020": {"Duration": "12/31/2020", "Total Assets": "1,781,000", "Total Liabilities Net Minority Interest": "1,076,000", "Total Equity Gross Minority Interest": "705,000", "Total Capitalization": "1,084,000", "Preferred Stock Equity": "355,000", "Common Stock Equity": "350,000", "Capital Lease Obligations": "224,000", "Net Tangible Assets": "212,000", "Working Capital": "567,000", "Invested Capital": "733,000", "Tangible Book Value": "-143,000", "Total Debt": "607,000", "Net Debt": "264,000", "Share Issued": "106,315", "Ordinary Shares Number": "82,099", "Preferred Shares Number": "363", "Treasury Shares Number": "24,216"}, "12/31/2019": {"Duration": "12/31/2019", "Total Assets": "2,325,000", "Total Liabilities Net Minority Interest": "1,328,000", "Total Equity Gross Minority Interest": "997,000", "Total Capitalization": "1,544,000", "Preferred Stock Equity": "355,000", "Common Stock Equity": "642,000", "Capital Lease Obligations": "201,000", "Net Tangible Assets": "233,000", "Working Capital": "732,000", "Invested Capital": "1,193,000", "Tangible Book Value": "-122,000", "Total Debt": "752,000", "Net Debt": "519,000", "Share Issued": "105,625", "Ordinary Shares Number": "81,408", "Preferred Shares Number": "363", "Treasury Shares Number": "24,216"}, "12/31/2018": {"Duration": "12/31/2018", "Total Assets": "2,434,000", "Total Liabilities Net Minority Interest": "1,387,000", "Total Equity Gross Minority Interest": "1,047,000", "Total Capitalization": "1,727,000", "Preferred Stock Equity": "355,000", "Common Stock Equity": "692,000", "Capital Lease Obligations": "-", "Net Tangible Assets": "241,000", "Working Capital": "896,000", "Invested Capital": "1,376,000", "Tangible Book Value": "-114,000", "Total Debt": "684,000", "Net Debt": "641,000", "Share Issued": "104,954", "Ordinary Shares Number": "85,606", "Preferred Shares Number": "363", "Treasury Shares Number": "19,348"}}, "cf": {"TTM": {"Duration": "TTM", "Operating Cash Flow": "261,000", "Investing Cash Flow": "19,000", "Financing Cash Flow": "-195,000", "End Cash Position": "119,000", "Income Tax Paid Supplemental Data": "3,000", "Interest Paid Supplemental Data": "27,000", "Capital Expenditure": "-11,000", "Issuance of Capital Stock": "-", "Issuance of Debt": "658,000", "Repayment of Debt": "-819,000", "Repurchase of Capital Stock": "-4,000", "Free Cash Flow": "250,000"}, "12/31/2020": {"Duration": "12/31/2020", "Operating Cash Flow": "261,000", "Investing Cash Flow": "19,000", "Financing Cash Flow": "-195,000", "End Cash Position": "119,000", "Income Tax Paid Supplemental Data": "3,000", "Interest Paid Supplemental Data": "27,000", "Capital Expenditure": "-11,000", "Issuance of Capital Stock": "-", "Issuance of Debt": "658,000", "Repayment of Debt": "-819,000", "Repurchase of Capital Stock": "-4,000", "Free Cash Flow": "250,000"}, "12/31/2019": {"Duration": "12/31/2019", "Operating Cash Flow": "242,000", "Investing Cash Flow": "-16,000", "Financing Cash Flow": "-238,000", "End Cash Position": "32,000", "Income Tax Paid Supplemental Data": "34,000", "Interest Paid Supplemental Data": "39,000", "Capital Expenditure": "-18,000", "Issuance of Capital Stock": "-", "Issuance of Debt": "1,016,000", "Repayment of Debt": "-1,145,000", "Repurchase of Capital Stock": "-81,000", "Free Cash Flow": "224,000"}, "12/31/2018": {"Duration": "12/31/2018", "Operating Cash Flow": "-11,000", "Investing Cash Flow": "-14,000", "Financing Cash Flow": "24,000", "End Cash Position": "43,000", "Income Tax Paid Supplemental Data": "39,000", "Interest Paid Supplemental Data": "37,000", "Capital Expenditure": "-20,000", "Issuance of Capital Stock": "-", "Issuance of Debt": "1,280,000", "Repayment of Debt": "-1,118,000", "Repurchase of Capital Stock": "-130,000", "Free Cash Flow": "-31,000"}}}}, {"PROP": {"quote": {"04/03/2021": {"value": "0.0066", "Market Cap": "3.196M", "Beta (5Y Monthly)": "1.15", "PE Ratio (TTM)": "N/A", "EPS (TTM)": "N/A", "Earnings Date": "N/A", "Forward Dividend & Yield": "N/A (N/A)", "Ex-Dividend Date": "N/A", "1y Target Est": "N/A"}}, "fin": {"TTM": {"Duration": "TTM", "Total Revenue": "0", "Cost of Revenue": "5.391", "Gross Profit": "-5.391", "Operating Expense": "889.903", "Operating Income": "-895.294", "Net Non Operating Interest Income Expense": "0.469", "Pretax Income": "-880.167", "Tax Provision": "0", "Net Income Common Stockholders": "-1,065", "Diluted NI Available to Com Stockholders": "-1,065", "Basic EPS": "-", "Diluted EPS": "-", "Basic Average Shares": "-", "Diluted Average Shares": "-", "Total Operating Income as Reported": "-895.294", "Total Expenses": "895.294", "Net Income from Continuing & Discontinued Operation": "-880.167", "Normalized Income": "-880.167", "Interest Income": "-", "Net Interest Income": "0.469", "EBIT": "-881.378", "EBITDA": "-876.328", "Reconciled Cost of Revenue": "5.391", "Reconciled Depreciation": "5.05", "Net Income from Continuing Operation Net Minority Interest": "-880.167", "Normalized EBITDA": "-876.328", "Tax Rate for Calcs": "0", "Tax Effect of Unusual Items": "0"}}, "bs": {"12/31/2018": {"Duration": "12/31/2018", "Total Assets": "171.378", "Total Liabilities Net Minority Interest": "103.508", "Total Equity Gross Minority Interest": "67.87", "Total Capitalization": "67.87", "Preferred Stock Equity": "0.04", "Common Stock Equity": "67.83", "Net Tangible Assets": "67.87", "Working Capital": "62.235", "Invested Capital": "72.83", "Tangible Book Value": "67.83", "Total Debt": "5", "Share Issued": "484,256", "Ordinary Shares Number": "484,256", "Preferred Shares Number": "-"}}, "cf": {"TTM": {"Duration": "TTM", "Operating Cash Flow": "-744.517", "Investing Cash Flow": "648.78", "Financing Cash Flow": "-8,500", "End Cash Position": "160.067", "Income Tax Paid Supplemental Data": "0", "Interest Paid Supplemental Data": "0", "Free Cash Flow": "-744.517"}}}}, {"NOV": {"quote": {"04/03/2021": {"value": "14.19", "Market Cap": "5.509B", "Beta (5Y Monthly)": "2.31", "PE Ratio (TTM)": "N/A", "EPS (TTM)": "-6.62", "Earnings Date": "Apr 27, 2021", "Forward Dividend & Yield": "N/A (N/A)", "Ex-Dividend Date": "Mar 12, 2020", "1y Target Est": "16.14"}}, "fin": {"TTM": {"Duration": "TTM", "Total Revenue": "6,090,000", "Cost of Revenue": "5,656,000", "Gross Profit": "434,000", "Operating Expense": "968,000", "Operating Income": "-534,000", "Net Non Operating Interest Income Expense": "-77,000", "Other Income Expense": "-2,168,000", "Pretax Income": "-2,779,000", "Tax Provision": "-242,000", "Net Income Common Stockholders": "-2,542,000", "Diluted NI Available to Com Stockholders": "-2,542,000", "Basic EPS": "-", "Diluted EPS": "-", "Basic Average Shares": "-", "Diluted Average Shares": "-", "Total Operating Income as Reported": "-2,425,000", "Total Expenses": "6,624,000", "Net Income from Continuing & Discontinued Operation": "-2,542,000", "Normalized Income": "-815,517", "Interest Income": "7,000", "Interest Expense": "84,000", "Net Interest Income": "-77,000", "EBIT": "-2,695,000", "EBITDA": "-2,343,000", "Reconciled Cost of Revenue": "5,656,000", "Reconciled Depreciation": "352,000", "Net Income from Continuing Operation Net Minority Interest": "-2,542,000", "Total Unusual Items Excluding Goodwill": "-1,891,000", "Total Unusual Items": "-1,891,000", "Normalized EBITDA": "-452,000", "Tax Rate for Calcs": "0", "Tax Effect of Unusual Items": "-164,517"}, "12/31/2020": {"Duration": "12/31/2020", "Total Revenue": "6,090,000", "Cost of Revenue": "5,656,000", "Gross Profit": "434,000", "Operating Expense": "968,000", "Operating Income": "-534,000", "Net Non Operating Interest Income Expense": "-77,000", "Other Income Expense": "-2,168,000", "Pretax Income": "-2,779,000", "Tax Provision": "-242,000", "Net Income Common Stockholders": "-2,542,000", "Diluted NI Available to Com Stockholders": "-2,542,000", "Basic EPS": "-", "Diluted EPS": "-", "Basic Average Shares": "-", "Diluted Average Shares": "-", "Total Operating Income as Reported": "-2,425,000", "Total Expenses": "6,624,000", "Net Income from Continuing & Discontinued Operation": "-2,542,000", "Normalized Income": "-815,517", "Interest Income": "7,000", "Interest Expense": "84,000", "Net Interest Income": "-77,000", "EBIT": "-2,695,000", "EBITDA": "-", "Reconciled Cost of Revenue": "5,656,000", "Reconciled Depreciation": "352,000", "Net Income from Continuing Operation Net Minority Interest": "-2,542,000", "Total Unusual Items Excluding Goodwill": "-1,891,000", "Total Unusual Items": "-1,891,000", "Normalized EBITDA": "-452,000", "Tax Rate for Calcs": "0", "Tax Effect of Unusual Items": "-164,517"}, "12/31/2019": {"Duration": "12/31/2019", "Total Revenue": "8,479,000", "Cost of Revenue": "7,634,000", "Gross Profit": "845,000", "Operating Expense": "1,303,000", "Operating Income": "-458,000", "Net Non Operating Interest Income Expense": "-80,000", "Other Income Expense": "-5,924,000", "Pretax Income": "-6,462,000", "Tax Provision": "-369,000", "Net Income Common Stockholders": "-6,095,000", "Diluted NI Available to Com Stockholders": "-6,095,000", "Basic EPS": "-15.96", "Diluted EPS": "-15.96", "Basic Average Shares": "382,000", "Diluted Average Shares": "382,000", "Total Operating Income as Reported": "-6,279,000", "Total Expenses": "8,937,000", "Net Income from Continuing & Discontinued Operation": "-6,095,000", "Normalized Income": "-605,797", "Interest Income": "20,000", "Interest Expense": "100,000", "Net Interest Income": "-80,000", "EBIT": "-6,362,000", "EBITDA": "-", "Reconciled Cost of Revenue": "7,634,000", "Reconciled Depreciation": "533,000", "Net Income from Continuing Operation Net Minority Interest": "-6,095,000", "Total Unusual Items Excluding Goodwill": "-5,821,000", "Total Unusual Items": "-5,821,000", "Normalized EBITDA": "-8,000", "Tax Rate for Calcs": "0", "Tax Effect of Unusual Items": "-331,797"}, "12/31/2018": {"Duration": "12/31/2018", "Total Revenue": "8,453,000", "Cost of Revenue": "7,009,000", "Gross Profit": "1,444,000", "Operating Expense": "1,233,000", "Operating Income": "211,000", "Net Non Operating Interest Income Expense": "-68,000", "Other Income Expense": "-102,000", "Pretax Income": "41,000", "Tax Provision": "63,000", "Net Income Common Stockholders": "-31,000", "Diluted NI Available to Com Stockholders": "-31,000", "Basic EPS": "-0.08", "Diluted EPS": "-0.08", "Basic Average Shares": "378,000", "Diluted Average Shares": "378,000", "Total Operating Income as Reported": "211,000", "Total Expenses": "8,242,000", "Net Income from Continuing & Discontinued Operation": "-31,000", "Normalized Income": "-31,000", "Interest Income": "25,000", "Interest Expense": "93,000", "Net Interest Income": "-68,000", "EBIT": "134,000", "EBITDA": "-", "Reconciled Cost of Revenue": "7,009,000", "Reconciled Depreciation": "690,000", "Net Income from Continuing Operation Net Minority Interest": "-31,000", "Total Unusual Items Excluding Goodwill": "0", "Total Unusual Items": "0", "Normalized EBITDA": "824,000", "Tax Rate for Calcs": "0", "Tax Effect of Unusual Items": "0"}}, "bs": {"12/31/2020": {"Duration": "12/31/2020", "Total Assets": "9,929,000", "Total Liabilities Net Minority Interest": "4,650,000", "Total Equity Gross Minority Interest": "5,279,000", "Total Capitalization": "7,044,000", "Common Stock Equity": "5,210,000", "Capital Lease Obligations": "722,000", "Net Tangible Assets": "3,190,000", "Working Capital": "3,342,000", "Invested Capital": "7,044,000", "Tangible Book Value": "3,190,000", "Total Debt": "2,556,000", "Net Debt": "142,000", "Share Issued": "388,255", "Ordinary Shares Number": "388,255"}, "12/31/2019": {"Duration": "12/31/2019", "Total Assets": "13,149,000", "Total Liabilities Net Minority Interest": "5,303,000", "Total Equity Gross Minority Interest": "7,846,000", "Total Capitalization": "9,767,000", "Common Stock Equity": "7,778,000", "Capital Lease Obligations": "788,000", "Net Tangible Assets": "4,119,000", "Working Capital": "3,866,000", "Invested Capital": "9,767,000", "Tangible Book Value": "4,119,000", "Total Debt": "2,777,000", "Net Debt": "818,000", "Share Issued": "385,887", "Ordinary Shares Number": "385,887"}, "12/31/2018": {"Duration": "12/31/2018", "Total Assets": "19,796,000", "Total Liabilities Net Minority Interest": "5,907,000", "Total Equity Gross Minority Interest": "13,889,000", "Total Capitalization": "16,523,000", "Common Stock Equity": "13,819,000", "Capital Lease Obligations": "-", "Net Tangible Assets": "4,535,000", "Working Capital": "4,938,000", "Invested Capital": "16,530,000", "Tangible Book Value": "4,535,000", "Total Debt": "2,711,000", "Net Debt": "1,284,000", "Share Issued": "383,427", "Ordinary Shares Number": "383,427"}}, "cf": {"TTM": {"Duration": "TTM", "Operating Cash Flow": "926,000", "Investing Cash Flow": "-144,000", "Financing Cash Flow": "-259,000", "End Cash Position": "1,692,000", "Income Tax Paid Supplemental Data": "-", "Interest Paid Supplemental Data": "83,000", "Capital Expenditure": "-226,000", "Issuance of Debt": "36,000", "Repayment of Debt": "-217,000", "Repurchase of Capital Stock": "-", "Free Cash Flow": "700,000"}, "12/31/2020": {"Duration": "12/31/2020", "Operating Cash Flow": "926,000", "Investing Cash Flow": "-144,000", "Financing Cash Flow": "-259,000", "End Cash Position": "1,692,000", "Income Tax Paid Supplemental Data": "-", "Interest Paid Supplemental Data": "83,000", "Capital Expenditure": "-226,000", "Issuance of Debt": "36,000", "Repayment of Debt": "-217,000", "Repurchase of Capital Stock": "-", "Free Cash Flow": "700,000"}, "12/31/2019": {"Duration": "12/31/2019", "Operating Cash Flow": "714,000", "Investing Cash Flow": "-315,000", "Financing Cash Flow": "-647,000", "End Cash Position": "1,171,000", "Income Tax Paid Supplemental Data": "144,000", "Interest Paid Supplemental Data": "85,000", "Capital Expenditure": "-233,000", "Issuance of Debt": "511,000", "Repayment of Debt": "-1,000,000", "Repurchase of Capital Stock": "-", "Free Cash Flow": "481,000"}, "12/31/2018": {"Duration": "12/31/2018", "Operating Cash Flow": "521,000", "Investing Cash Flow": "-457,000", "Financing Cash Flow": "-30,000", "End Cash Position": "1,427,000", "Income Tax Paid Supplemental Data": "64,000", "Interest Paid Supplemental Data": "90,000", "Capital Expenditure": "-244,000", "Issuance of Debt": "0", "Repayment of Debt": "-8,000", "Repurchase of Capital Stock": "-", "Free Cash Flow": "277,000"}}}}, {"TDW": {"quote": {"04/03/2021": {"value": "13.00", "Market Cap": "529.303M", "Beta (5Y Monthly)": "1.90", "PE Ratio (TTM)": "N/A", "EPS (TTM)": "-4.86", "Earnings Date": "May 10, 2021 - May 14, 2021", "Forward Dividend & Yield": "N/A (N/A)", "Ex-Dividend Date": "N/A", "1y Target Est": "11.37"}}, "fin": {"TTM": {"Duration": "TTM", "Total Revenue": "397,038", "Cost of Revenue": "388,894", "Gross Profit": "8,144", "Operating Expense": "73,940", "Operating Income": "-65,796", "Net Non Operating Interest Income Expense": "-22,928", "Other Income Expense": "-108,937", "Pretax Income": "-197,661", "Tax Provision": "-965", "Net Income Common Stockholders": "-196,242", "Diluted NI Available to Com Stockholders": "-196,242", "Basic EPS": "-", "Diluted EPS": "-", "Basic Average Shares": "-", "Diluted Average Shares": "-", "Total Operating Income as Reported": "-186,802", "Rent Expense Supplemental": "-", "Total Expenses": "462,834", "Net Income from Continuing & Discontinued Operation": "-196,242", "Normalized Income": "-87,674", "Interest Income": "1,228", "Interest Expense": "24,156", "Net Interest Income": "-22,928", "EBIT": "-173,505", "EBITDA": "-100,475", "Reconciled Cost of Revenue": "388,894", "Reconciled Depreciation": "73,030", "Net Income from Continuing Operation Net Minority Interest": "-196,242", "Total Unusual Items Excluding Goodwill": "-109,101", "Total Unusual Items": "-109,101", "Normalized EBITDA": "8,626", "Tax Rate for Calcs": "0", "Tax Effect of Unusual Items": "-532.6416"}, "12/31/2020": {"Duration": "12/31/2020", "Total Revenue": "397,038", "Cost of Revenue": "388,894", "Gross Profit": "8,144", "Operating Expense": "73,940", "Operating Income": "-65,796", "Net Non Operating Interest Income Expense": "-22,928", "Other Income Expense": "-108,937", "Pretax Income": "-197,661", "Tax Provision": "-965", "Net Income Common Stockholders": "-196,242", "Diluted NI Available to Com Stockholders": "-196,242", "Basic EPS": "-4.86", "Diluted EPS": "-4.86", "Basic Average Shares": "40,355", "Diluted Average Shares": "40,355", "Total Operating Income as Reported": "-186,802", "Rent Expense Supplemental": "-", "Total Expenses": "462,834", "Net Income from Continuing & Discontinued Operation": "-196,242", "Normalized Income": "-87,674", "Interest Income": "1,228", "Interest Expense": "24,156", "Net Interest Income": "-22,928", "EBIT": "-173,505", "EBITDA": "-", "Reconciled Cost of Revenue": "388,894", "Reconciled Depreciation": "73,030", "Net Income from Continuing Operation Net Minority Interest": "-196,242", "Total Unusual Items Excluding Goodwill": "-109,101", "Total Unusual Items": "-109,101", "Normalized EBITDA": "8,626", "Tax Rate for Calcs": "0", "Tax Effect of Unusual Items": "-532.6416"}, "12/31/2019": {"Duration": "12/31/2019", "Total Revenue": "486,549", "Cost of Revenue": "433,927", "Gross Profit": "52,622", "Operating Expense": "91,101", "Operating Income": "-38,479", "Net Non Operating Interest Income Expense": "-22,470", "Other Income Expense": "-52,546", "Pretax Income": "-113,495", "Tax Provision": "27,724", "Net Income Common Stockholders": "-141,743", "Diluted NI Available to Com Stockholders": "-141,743", "Basic EPS": "-3.71", "Diluted EPS": "-3.71", "Basic Average Shares": "38,205", "Diluted Average Shares": "38,205", "Total Operating Income as Reported": "-86,604", "Rent Expense Supplemental": "0", "Total Expenses": "525,028", "Net Income from Continuing & Discontinued Operation": "-141,743", "Normalized Income": "-105,685", "Interest Income": "6,598", "Interest Expense": "29,068", "Net Interest Income": "-22,470", "EBIT": "-84,427", "EBITDA": "-", "Reconciled Cost of Revenue": "433,927", "Reconciled Depreciation": "77,045", "Net Income from Continuing Operation Net Minority Interest": "-141,743", "Total Unusual Items Excluding Goodwill": "-49,394", "Total Unusual Items": "-49,394", "Normalized EBITDA": "42,012", "Tax Rate for Calcs": "0", "Tax Effect of Unusual Items": "-13,336"}, "12/31/2018": {"Duration": "12/31/2018", "Total Revenue": "406,520", "Cost of Revenue": "333,403", "Gross Profit": "73,117", "Operating Expense": "102,327", "Operating Income": "-29,210", "Net Non Operating Interest Income Expense": "-19,145", "Other Income Expense": "-105,164", "Pretax Income": "-153,519", "Tax Provision": "18,252", "Net Income Common Stockholders": "-171,517", "Diluted NI Available to Com Stockholders": "-171,517", "Basic EPS": "-6.45", "Diluted EPS": "-6.45", "Basic Average Shares": "26,590", "Diluted Average Shares": "26,590", "Total Operating Income as Reported": "-107,497", "Rent Expense Supplemental": "0", "Total Expenses": "435,730", "Net Income from Continuing & Discontinued Operation": "-171,517", "Normalized Income": "-108,518", "Interest Income": "11,294", "Interest Expense": "30,439", "Net Interest Income": "-19,145", "EBIT": "-123,080", "EBITDA": "-", "Reconciled Cost of Revenue": "333,403", "Reconciled Depreciation": "51,332", "Net Income from Continuing Operation Net Minority Interest": "-171,517", "Total Unusual Items Excluding Goodwill": "-86,300", "Total Unusual Items": "-86,300", "Normalized EBITDA": "14,552", "Tax Rate for Calcs": "0", "Tax Effect of Unusual Items": "-23,301"}}, "bs": {"12/31/2020": {"Duration": "12/31/2020", "Total Assets": "1,251,177", "Total Liabilities Net Minority Interest": "427,905", "Total Equity Gross Minority Interest": "823,272", "Total Capitalization": "987,049", "Common Stock Equity": "822,115", "Net Tangible Assets": "822,115", "Working Capital": "205,470", "Invested Capital": "1,014,846", "Tangible Book Value": "822,115", "Total Debt": "192,731", "Net Debt": "42,798", "Share Issued": "40,705", "Ordinary Shares Number": "40,705"}, "12/31/2019": {"Duration": "12/31/2019", "Total Assets": "1,579,528", "Total Liabilities Net Minority Interest": "563,118", "Total Equity Gross Minority Interest": "1,016,410", "Total Capitalization": "1,293,843", "Common Stock Equity": "1,014,799", "Net Tangible Assets": "1,014,799", "Working Capital": "351,619", "Invested Capital": "1,303,733", "Tangible Book Value": "1,014,799", "Total Debt": "288,934", "Net Debt": "70,644", "Share Issued": "39,941", "Ordinary Shares Number": "39,941"}, "12/31/2018": {"Duration": "12/31/2018", "Total Assets": "1,827,739", "Total Liabilities Net Minority Interest": "682,816", "Total Equity Gross Minority Interest": "1,144,923", "Total Capitalization": "1,574,272", "Common Stock Equity": "1,143,836", "Net Tangible Assets": "1,143,836", "Working Capital": "524,947", "Invested Capital": "1,582,840", "Tangible Book Value": "1,143,836", "Total Debt": "439,004", "Net Debt": "67,213", "Share Issued": "36,978", "Ordinary Shares Number": "36,978"}}, "cf": {"TTM": {"Duration": "TTM", "Operating Cash Flow": "3,986", "Investing Cash Flow": "23,396", "Financing Cash Flow": "-99,765", "End Cash Position": "155,225", "Income Tax Paid Supplemental Data": "13,018", "Interest Paid Supplemental Data": "21,235", "Capital Expenditure": "-14,900", "Issuance of Capital Stock": "0", "Repayment of Debt": "-98,080", "Free Cash Flow": "-10,914"}, "12/31/2020": {"Duration": "12/31/2020", "Operating Cash Flow": "3,986", "Investing Cash Flow": "23,396", "Financing Cash Flow": "-99,765", "End Cash Position": "155,225", "Income Tax Paid Supplemental Data": "13,018", "Interest Paid Supplemental Data": "21,235", "Capital Expenditure": "-14,900", "Issuance of Capital Stock": "0", "Repayment of Debt": "-98,080", "Free Cash Flow": "-10,914"}, "12/31/2019": {"Duration": "12/31/2019", "Operating Cash Flow": "-31,423", "Investing Cash Flow": "10,849", "Financing Cash Flow": "-149,562", "End Cash Position": "227,608", "Income Tax Paid Supplemental Data": "14,378", "Interest Paid Supplemental Data": "32,687", "Capital Expenditure": "-17,998", "Issuance of Capital Stock": "0", "Repayment of Debt": "-133,693", "Free Cash Flow": "-49,421"}}}}, {"OII": {"quote": {"04/03/2021": {"value": "12.36", "Market Cap": "1.231B", "Beta (5Y Monthly)": "3.68", "PE Ratio (TTM)": "N/A", "EPS (TTM)": "-5.01", "Earnings Date": "Apr 28, 2021", "Forward Dividend & Yield": "N/A (N/A)", "Ex-Dividend Date": "Aug 23, 2017", "1y Target Est": "13.95"}}, "fin": {"TTM": {"Duration": "TTM", "Total Revenue": "1,827,889", "Cost of Revenue": "1,663,948", "Gross Profit": "163,941", "Operating Expense": "195,695", "Operating Income": "-31,754", "Net Non Operating Interest Income Expense": "-40,817", "Other Income Expense": "-426,326", "Pretax Income": "-498,897", "Tax Provision": "-2,146", "Net Income Common Stockholders": "-496,751", "Diluted NI Available to Com Stockholders": "-496,751", "Basic EPS": "-", "Diluted EPS": "-", "Basic Average Shares": "-", "Diluted Average Shares": "-", "Total Operating Income as Reported": "-446,079", "Total Expenses": "1,859,643", "Net Income from Continuing & Discontinued Operation": "-496,751", "Normalized Income": "-84,208", "Interest Income": "3,083", "Interest Expense": "43,900", "Net Interest Income": "-40,817", "EBIT": "-454,997", "EBITDA": "73,898", "Reconciled Cost of Revenue": "1,663,948", "Reconciled Depreciation": "528,895", "Net Income from Continuing Operation Net Minority Interest": "-496,751", "Total Unusual Items Excluding Goodwill": "-414,325", "Total Unusual Items": "-414,325", "Normalized EBITDA": "488,223", "Tax Rate for Calcs": "0", "Tax Effect of Unusual Items": "-1,782"}, "12/31/2020": {"Duration": "12/31/2020", "Total Revenue": "1,827,889", "Cost of Revenue": "1,663,948", "Gross Profit": "163,941", "Operating Expense": "195,695", "Operating Income": "-31,754", "Net Non Operating Interest Income Expense": "-40,817", "Other Income Expense": "-426,326", "Pretax Income": "-498,897", "Tax Provision": "-2,146", "Net Income Common Stockholders": "-496,751", "Diluted NI Available to Com Stockholders": "-496,751", "Basic EPS": "-", "Diluted EPS": "-", "Basic Average Shares": "-", "Diluted Average Shares": "-", "Total Operating Income as Reported": "-446,079", "Total Expenses": "1,859,643", "Net Income from Continuing & Discontinued Operation": "-496,751", "Normalized Income": "-84,208", "Interest Income": "3,083", "Interest Expense": "43,900", "Net Interest Income": "-40,817", "EBIT": "-454,997", "EBITDA": "-", "Reconciled Cost of Revenue": "1,663,948", "Reconciled Depreciation": "528,895", "Net Income from Continuing Operation Net Minority Interest": "-496,751", "Total Unusual Items Excluding Goodwill": "-414,325", "Total Unusual Items": "-414,325", "Normalized EBITDA": "488,223", "Tax Rate for Calcs": "0", "Tax Effect of Unusual Items": "-1,782"}, "12/31/2019": {"Duration": "12/31/2019", "Total Revenue": "2,048,124", "Cost of Revenue": "1,949,880", "Gross Profit": "98,244", "Operating Expense": "214,891", "Operating Income": "-116,647", "Net Non Operating Interest Income Expense": "-34,818", "Other Income Expense": "-179,356", "Pretax Income": "-330,821", "Tax Provision": "17,623", "Net Income Common Stockholders": "-348,444", "Diluted NI Available to Com Stockholders": "-348,444", "Basic EPS": "-3.52", "Diluted EPS": "-3.52", "Basic Average Shares": "98,931", "Diluted Average Shares": "98,931", "Total Operating Income as Reported": "-290,713", "Total Expenses": "2,164,771", "Net Income from Continuing & Discontinued Operation": "-348,444", "Normalized Income": "-221,376", "Interest Income": "7,893", "Interest Expense": "42,711", "Net Interest Income": "-34,818", "EBIT": "-288,110", "EBITDA": "-", "Reconciled Cost of Revenue": "1,949,880", "Reconciled Depreciation": "263,427", "Net Income from Continuing Operation Net Minority Interest": "-348,444", "Total Unusual Items Excluding Goodwill": "-174,066", "Total Unusual Items": "-174,066", "Normalized EBITDA": "149,383", "Tax Rate for Calcs": "0", "Tax Effect of Unusual Items": "-46,998"}, "12/31/2018": {"Duration": "12/31/2018", "Total Revenue": "1,909,482", "Cost of Revenue": "1,780,256", "Gross Profit": "129,226", "Operating Expense": "198,259", "Operating Income": "-69,033", "Net Non Operating Interest Income Expense": "-27,780", "Other Income Expense": "-89,020", "Pretax Income": "-185,833", "Tax Provision": "26,494", "Net Income Common Stockholders": "-212,327", "Diluted NI Available to Com Stockholders": "-212,327", "Basic EPS": "-2.15", "Diluted EPS": "-2.16", "Basic Average Shares": "98,539", "Diluted Average Shares": "98,539", "Total Operating Income as Reported": "-145,482", "Total Expenses": "1,978,515", "Net Income from Continuing & Discontinued Operation": "-212,327", "Normalized Income": "-156,519", "Interest Income": "9,962", "Interest Expense": "37,742", "Net Interest Income": "-27,780", "EBIT": "-148,091", "EBITDA": "-", "Reconciled Cost of Revenue": "1,780,256", "Reconciled Depreciation": "293,590", "Net Income from Continuing Operation Net Minority Interest": "-212,327", "Total Unusual Items Excluding Goodwill": "-76,449", "Total Unusual Items": "-76,449", "Normalized EBITDA": "221,948", "Tax Rate for Calcs": "0", "Tax Effect of Unusual Items": "-20,641"}}, "bs": {"12/31/2020": {"Duration": "12/31/2020", "Total Assets": "2,045,842", "Total Liabilities Net Minority Interest": "1,487,685", "Total Equity Gross Minority Interest": "558,157", "Total Capitalization": "1,346,475", "Common Stock Equity": "552,094", "Capital Lease Obligations": "174,872", "Net Tangible Assets": "502,761", "Working Capital": "733,147", "Invested Capital": "1,346,475", "Tangible Book Value": "502,761", "Total Debt": "969,253", "Net Debt": "342,365", "Share Issued": "110,834", "Ordinary Shares Number": "99,308", "Treasury Shares Number": "11,526"}, "12/31/2019": {"Duration": "12/31/2019", "Total Assets": "2,740,663", "Total Liabilities Net Minority Interest": "1,665,254", "Total Equity Gross Minority Interest": "1,075,409", "Total Capitalization": "1,862,627", "Common Stock Equity": "1,069,346", "Capital Lease Obligations": "180,851", "Net Tangible Assets": "638,493", "Working Capital": "643,480", "Invested Capital": "1,862,627", "Tangible Book Value": "638,493", "Total Debt": "974,132", "Net Debt": "419,626", "Share Issued": "110,834", "Ordinary Shares Number": "98,931", "Treasury Shares Number": "11,903"}, "12/31/2018": {"Duration": "12/31/2018", "Total Assets": "2,824,998", "Total Liabilities Net Minority Interest": "1,409,700", "Total Equity Gross Minority Interest": "1,415,298", "Total Capitalization": "2,201,415", "Common Stock Equity": "1,409,235", "Capital Lease Obligations": "-", "Net Tangible Assets": "916,119", "Working Capital": "750,148", "Invested Capital": "2,201,415", "Tangible Book Value": "916,119", "Total Debt": "792,180", "Net Debt": "437,921", "Share Issued": "110,834", "Ordinary Shares Number": "98,539", "Treasury Shares Number": "12,295"}}, "cf": {"TTM": {"Duration": "TTM", "Operating Cash Flow": "136,647", "Investing Cash Flow": "-52,590", "Financing Cash Flow": "-1,699", "End Cash Position": "452,016", "Capital Expenditure": "-60,687", "Issuance of Debt": "-", "Repayment of Debt": "-", "Free Cash Flow": "75,960"}, "12/31/2020": {"Duration": "12/31/2020", "Operating Cash Flow": "136,647", "Investing Cash Flow": "-52,590", "Financing Cash Flow": "-1,699", "End Cash Position": "452,016", "Capital Expenditure": "-60,687", "Issuance of Debt": "-", "Repayment of Debt": "-", "Free Cash Flow": "75,960"}, "12/31/2019": {"Duration": "12/31/2019", "Operating Cash Flow": "157,569", "Investing Cash Flow": "-134,787", "Financing Cash Flow": "-2,299", "End Cash Position": "373,655", "Capital Expenditure": "-147,684", "Issuance of Debt": "0", "Repayment of Debt": "0", "Free Cash Flow": "9,885"}, "12/31/2018": {"Duration": "12/31/2018", "Operating Cash Flow": "36,567", "Investing Cash Flow": "-98,842", "Financing Cash Flow": "-5,628", "End Cash Position": "354,259", "Capital Expenditure": "-109,467", "Issuance of Debt": "295,816", "Repayment of Debt": "-300,000", "Free Cash Flow": "-72,900"}}}}, {"TTI": {"quote": {"04/03/2021": {"value": "2.8000", "Market Cap": "354.581M", "Beta (5Y Monthly)": "3.30", "PE Ratio (TTM)": "N/A", "EPS (TTM)": "-0.4060", "Earnings Date": "May 03, 2021 - May 07, 2021", "Forward Dividend & Yield": "N/A (N/A)", "Ex-Dividend Date": "N/A", "1y Target Est": "3.50"}}, "fin": {"TTM": {"Duration": "TTM", "Total Revenue": "377,715", "Cost of Revenue": "310,172", "Gross Profit": "67,543", "Operating Expense": "76,697", "Operating Income": "-9,154", "Net Non Operating Interest Income Expense": "-18,926", "Other Income Expense": "2,994", "Pretax Income": "-25,086", "Tax Provision": "1,758", "Net Income Common Stockholders": "-51,143", "Diluted NI Available to Com Stockholders": "-51,143", "Basic EPS": "-", "Diluted EPS": "-", "Basic Average Shares": "-", "Diluted Average Shares": "-", "Total Operating Income as Reported": "-", "Total Expenses": "386,869", "Net Income from Continuing & Discontinued Operation": "-51,143", "Normalized Income": "18,662", "Interest Expense": "18,926", "Net Interest Income": "-18,926", "EBIT": "-6,160", "EBITDA": "112,587", "Reconciled Cost of Revenue": "310,172", "Reconciled Depreciation": "118,747", "Net Income from Continuing Operation Net Minority Interest": "20,946", "Total Unusual Items Excluding Goodwill": "3,129", "Total Unusual Items": "3,129", "Normalized EBITDA": "109,458", "Tax Rate for Calcs": "0", "Tax Effect of Unusual Items": "844.83"}, "12/31/2020": {"Duration": "12/31/2020", "Total Revenue": "377,715", "Cost of Revenue": "310,172", "Gross Profit": "67,543", "Operating Expense": "76,697", "Operating Income": "-9,154", "Net Non Operating Interest Income Expense": "-18,926", "Other Income Expense": "2,994", "Pretax Income": "-25,086", "Tax Provision": "1,758", "Net Income Common Stockholders": "-51,143", "Diluted NI Available to Com Stockholders": "-51,143", "Basic EPS": "-", "Diluted EPS": "-", "Basic Average Shares": "-", "Diluted Average Shares": "-", "Total Operating Income as Reported": "-", "Total Expenses": "386,869", "Net Income from Continuing & Discontinued Operation": "-51,143", "Normalized Income": "18,662", "Interest Expense": "18,926", "Net Interest Income": "-18,926", "EBIT": "-6,160", "EBITDA": "-", "Reconciled Cost of Revenue": "310,172", "Reconciled Depreciation": "118,747", "Net Income from Continuing Operation Net Minority Interest": "20,946", "Total Unusual Items Excluding Goodwill": "3,129", "Total Unusual Items": "3,129", "Normalized EBITDA": "109,458", "Tax Rate for Calcs": "0", "Tax Effect of Unusual Items": "844.83"}, "12/31/2019": {"Duration": "12/31/2019", "Total Revenue": "1,037,933", "Cost of Revenue": "946,134", "Gross Profit": "91,799", "Operating Expense": "139,747", "Operating Income": "-47,948", "Net Non Operating Interest Income Expense": "-73,230", "Other Income Expense": "-22,945", "Pretax Income": "-144,123", "Tax Provision": "6,164", "Net Income Common Stockholders": "-147,413", "Diluted NI Available to Com Stockholders": "-147,413", "Basic EPS": "-1.17", "Diluted EPS": "-1.17", "Basic Average Shares": "125,600", "Diluted Average Shares": "125,600", "Total Operating Income as Reported": "-", "Total Expenses": "1,085,881", "Net Income from Continuing & Discontinued Operation": "-147,413", "Normalized Income": "-121,266", "Interest Expense": "73,230", "Net Interest Income": "-73,230", "EBIT": "-70,893", "EBITDA": "-", "Reconciled Cost of Revenue": "946,134", "Reconciled Depreciation": "124,278", "Net Income from Continuing Operation Net Minority Interest": "-137,200", "Total Unusual Items Excluding Goodwill": "-21,827", "Total Unusual Items": "-21,827", "Normalized EBITDA": "75,212", "Tax Rate for Calcs": "0", "Tax Effect of Unusual Items": "-5,893"}, "12/31/2018": {"Duration": "12/31/2018", "Total Revenue": "998,775", "Cost of Revenue": "836,477", "Gross Profit": "162,298", "Operating Expense": "132,446", "Operating Income": "29,852", "Net Non Operating Interest Income Expense": "-70,946", "Other Income Expense": "4,668", "Pretax Income": "-36,426", "Tax Provision": "6,299", "Net Income Common Stockholders": "-61,617", "Diluted NI Available to Com Stockholders": "-61,617", "Basic EPS": "-0.50", "Diluted EPS": "-0.50", "Basic Average Shares": "124,101", "Diluted Average Shares": "124,101", "Total Operating Income as Reported": "-", "Total Expenses": "968,923", "Net Income from Continuing & Discontinued Operation": "-61,617", "Normalized Income": "-28,226", "Interest Expense": "70,946", "Net Interest Income": "-70,946", "EBIT": "34,520", "EBITDA": "-", "Reconciled Cost of Revenue": "836,477", "Reconciled Depreciation": "117,010", "Net Income from Continuing Operation Net Minority Interest": "-20,102", "Total Unusual Items Excluding Goodwill": "11,129", "Total Unusual Items": "11,129", "Normalized EBITDA": "140,401", "Tax Rate for Calcs": "0", "Tax Effect of Unusual Items": "3,005"}}, "bs": {"12/31/2020": {"Duration": "12/31/2020", "Total Assets": "1,132,839", "Total Liabilities Net Minority Interest": "1,061,777", "Total Equity Gross Minority Interest": "71,062", "Total Capitalization": "190,254", "Common Stock Equity": "-9,640", "Capital Lease Obligations": "46,364", "Net Tangible Assets": "-51,127", "Working Capital": "133,468", "Invested Capital": "190,254", "Tangible Book Value": "-51,127", "Total Debt": "246,258", "Net Debt": "132,642", "Share Issued": "128,930", "Ordinary Shares Number": "125,976", "Treasury Shares Number": "2,954"}, "12/31/2019": {"Duration": "12/31/2019", "Total Assets": "1,271,922", "Total Liabilities Net Minority Interest": "1,109,096", "Total Equity Gross Minority Interest": "162,826", "Total Capitalization": "877,244", "Common Stock Equity": "34,373", "Capital Lease Obligations": "69,769", "Net Tangible Assets": "-39,826", "Working Capital": "162,631", "Invested Capital": "877,244", "Tangible Book Value": "-39,826", "Total Debt": "912,640", "Net Debt": "825,167", "Share Issued": "128,304", "Ordinary Shares Number": "125,481", "Treasury Shares Number": "2,823"}, "12/31/2018": {"Duration": "12/31/2018", "Total Assets": "1,385,527", "Total Liabilities Net Minority Interest": "1,072,778", "Total Equity Gross Minority Interest": "312,749", "Total Capitalization": "988,960", "Common Stock Equity": "173,400", "Capital Lease Obligations": "-", "Net Tangible Assets": "65,357", "Working Capital": "200,340", "Invested Capital": "988,960", "Tangible Book Value": "65,357", "Total Debt": "815,560", "Net Debt": "775,522", "Share Issued": "128,455", "Ordinary Shares Number": "125,738", "Treasury Shares Number": "2,718"}}, "cf": {"TTM": {"Duration": "TTM", "Operating Cash Flow": "76,912", "Investing Cash Flow": "6,038", "Financing Cash Flow": "-17,629", "End Cash Position": "83,894", "Income Tax Paid Supplemental Data": "5,633", "Interest Paid Supplemental Data": "63,935", "Capital Expenditure": "-29,386", "Issuance of Capital Stock": "0", "Issuance of Debt": "477,647", "Repayment of Debt": "-487,574", "Repurchase of Capital Stock": "0", "Free Cash Flow": "47,526"}, "12/31/2020": {"Duration": "12/31/2020", "Operating Cash Flow": "76,912", "Investing Cash Flow": "6,038", "Financing Cash Flow": "-17,629", "End Cash Position": "83,894", "Income Tax Paid Supplemental Data": "5,633", "Interest Paid Supplemental Data": "63,935", "Capital Expenditure": "-29,386", "Issuance of Capital Stock": "0", "Issuance of Debt": "477,647", "Repayment of Debt": "-487,574", "Repurchase of Capital Stock": "0", "Free Cash Flow": "47,526"}, "12/31/2019": {"Duration": "12/31/2019", "Operating Cash Flow": "90,232", "Investing Cash Flow": "-106,442", "Financing Cash Flow": "-5,925", "End Cash Position": "17,768", "Income Tax Paid Supplemental Data": "7,274", "Interest Paid Supplemental Data": "68,332", "Capital Expenditure": "-108,273", "Issuance of Capital Stock": "0", "Issuance of Debt": "282,590", "Repayment of Debt": "-258,217", "Repurchase of Capital Stock": "-28,049", "Free Cash Flow": "-18,041"}, "12/31/2018": {"Duration": "12/31/2018", "Operating Cash Flow": "46,586", "Investing Cash Flow": "-188,646", "Financing Cash Flow": "154,994", "End Cash Position": "40,102", "Income Tax Paid Supplemental Data": "4,680", "Interest Paid Supplemental Data": "56,261", "Capital Expenditure": "-141,931", "Issuance of Capital Stock": "251", "Issuance of Debt": "767,887", "Repayment of Debt": "-581,935", "Repurchase of Capital Stock": "-", "Free Cash Flow": "-95,345"}}}}, {"OIS": {"quote": {"04/03/2021": {"value": "6.39", "Market Cap": "391.616M", "Beta (5Y Monthly)": "4.11", "PE Ratio (TTM)": "N/A", "EPS (TTM)": "-7.83", "Earnings Date": "Apr 27, 2021 - May 03, 2021", "Forward Dividend & Yield": "N/A (N/A)", "Ex-Dividend Date": "N/A", "1y Target Est": "7.84"}}, "fin": {"TTM": {"Duration": "TTM", "Total Revenue": "638,075", "Cost of Revenue": "660,348", "Gross Profit": "-22,273", "Operating Expense": "93,564", "Operating Income": "-115,837", "Net Non Operating Interest Income Expense": "-13,869", "Other Income Expense": "-404,623", "Pretax Income": "-534,329", "Tax Provision": "-65,946", "Net Income Common Stockholders": "-468,383", "Average Dilution Earnings": "-", "Diluted NI Available to Com Stockholders": "-468,383", "Basic EPS": "-", "Diluted EPS": "-", "Basic Average Shares": "-", "Diluted Average Shares": "-", "Total Operating Income as Reported": "-534,340", "Total Expenses": "753,912", "Net Income from Continuing & Discontinued Operation": "-468,383", "Normalized Income": "-101,356", "Interest Income": "390", "Interest Expense": "14,259", "Net Interest Income": "-13,869", "EBIT": "-520,070", "EBITDA": "-421,527", "Reconciled Cost of Revenue": "660,348", "Reconciled Depreciation": "98,543", "Net Income from Continuing Operation Net Minority Interest": "-468,383", "Total Unusual Items Excluding Goodwill": "-418,503", "Total Unusual Items": "-418,503", "Normalized EBITDA": "-3,024", "Tax Rate for Calcs": "0", "Tax Effect of Unusual Items": "-51,476"}, "12/31/2020": {"Duration": "12/31/2020", "Total Revenue": "638,075", "Cost of Revenue": "660,348", "Gross Profit": "-22,273", "Operating Expense": "93,564", "Operating Income": "-115,837", "Net Non Operating Interest Income Expense": "-13,869", "Other Income Expense": "-404,623", "Pretax Income": "-534,329", "Tax Provision": "-65,946", "Net Income Common Stockholders": "-468,383", "Average Dilution Earnings": "-", "Diluted NI Available to Com Stockholders": "-468,383", "Basic EPS": "-", "Diluted EPS": "-", "Basic Average Shares": "-", "Diluted Average Shares": "-", "Total Operating Income as Reported": "-534,340", "Total Expenses": "753,912", "Net Income from Continuing & Discontinued Operation": "-468,383", "Normalized Income": "-101,356", "Interest Income": "390", "Interest Expense": "14,259", "Net Interest Income": "-13,869", "EBIT": "-520,070", "EBITDA": "-", "Reconciled Cost of Revenue": "660,348", "Reconciled Depreciation": "98,543", "Net Income from Continuing Operation Net Minority Interest": "-468,383", "Total Unusual Items Excluding Goodwill": "-418,503", "Total Unusual Items": "-418,503", "Normalized EBITDA": "-3,024", "Tax Rate for Calcs": "0", "Tax Effect of Unusual Items": "-51,476"}, "12/31/2019": {"Duration": "12/31/2019", "Total Revenue": "1,017,354", "Cost of Revenue": "925,908", "Gross Profit": "91,446", "Operating Expense": "120,929", "Operating Income": "-29,483", "Net Non Operating Interest Income Expense": "-17,636", "Other Income Expense": "-193,608", "Pretax Income": "-240,727", "Tax Provision": "-8,919", "Net Income Common Stockholders": "-231,808", "Average Dilution Earnings": "-", "Diluted NI Available to Com Stockholders": "-231,808", "Basic EPS": "-3.90", "Diluted EPS": "-3.90", "Basic Average Shares": "59,379", "Diluted Average Shares": "59,379", "Total Operating Income as Reported": "-228,180", "Total Expenses": "1,046,837", "Net Income from Continuing & Discontinued Operation": "-231,808", "Normalized Income": "-40,473", "Interest Income": "262", "Interest Expense": "17,898", "Net Interest Income": "-17,636", "EBIT": "-222,829", "EBITDA": "-", "Reconciled Cost of Revenue": "925,908", "Reconciled Depreciation": "123,319", "Net Income from Continuing Operation Net Minority Interest": "-231,808", "Total Unusual Items Excluding Goodwill": "-198,697", "Total Unusual Items": "-198,697", "Normalized EBITDA": "99,187", "Tax Rate for Calcs": "0", "Tax Effect of Unusual Items": "-7,362"}, "12/31/2018": {"Duration": "12/31/2018", "Total Revenue": "1,088,133", "Cost of Revenue": "958,043", "Gross Profit": "130,090", "Operating Expense": "135,966", "Operating Income": "-5,876", "Net Non Operating Interest Income Expense": "-18,995", "Other Income Expense": "3,139", "Pretax Income": "-21,732", "Tax Provision": "-2,627", "Net Income Common Stockholders": "-19,105", "Average Dilution Earnings": "0", "Diluted NI Available to Com Stockholders": "-19,105", "Basic EPS": "-0.33", "Diluted EPS": "-0.33", "Basic Average Shares": "58,712", "Diluted Average Shares": "58,712", "Total Operating Income as Reported": "-5,876", "Total Expenses": "1,094,009", "Net Income from Continuing & Discontinued Operation": "-19,105", "Normalized Income": "-19,105", "Interest Income": "319", "Interest Expense": "19,314", "Net Interest Income": "-18,995", "EBIT": "-2,418", "EBITDA": "-", "Reconciled Cost of Revenue": "958,043", "Reconciled Depreciation": "123,530", "Net Income from Continuing Operation Net Minority Interest": "-19,105", "Total Unusual Items Excluding Goodwill": "-", "Total Unusual Items": "-", "Normalized EBITDA": "121,112", "Tax Rate for Calcs": "0", "Tax Effect of Unusual Items": "0"}}, "bs": {"12/31/2020": {"Duration": "12/31/2020", "Total Assets": "1,152,260", "Total Liabilities Net Minority Interest": "394,629", "Total Equity Gross Minority Interest": "757,631", "Total Capitalization": "923,390", "Common Stock Equity": "757,631", "Capital Lease Obligations": "36,786", "Net Tangible Assets": "475,393", "Working Capital": "261,461", "Invested Capital": "941,168", "Tangible Book Value": "475,393", "Total Debt": "220,323", "Net Debt": "111,526", "Share Issued": "73,289", "Ordinary Shares Number": "61,005", "Treasury Shares Number": "12,284"}, "12/31/2019": {"Duration": "12/31/2019", "Total Assets": "1,727,867", "Total Liabilities Net Minority Interest": "503,900", "Total Equity Gross Minority Interest": "1,223,967", "Total Capitalization": "1,446,519", "Common Stock Equity": "1,223,967", "Capital Lease Obligations": "44,088", "Net Tangible Assets": "511,570", "Working Capital": "300,358", "Invested Capital": "1,472,136", "Tangible Book Value": "511,570", "Total Debt": "292,257", "Net Debt": "239,676", "Share Issued": "72,546", "Ordinary Shares Number": "60,501", "Treasury Shares Number": "12,045"}, "12/31/2018": {"Duration": "12/31/2018", "Total Assets": "2,003,821", "Total Liabilities Net Minority Interest": "564,053", "Total Equity Gross Minority Interest": "1,439,768", "Total Capitalization": "1,745,945", "Common Stock Equity": "1,439,768", "Capital Lease Obligations": "-", "Net Tangible Assets": "537,449", "Working Capital": "352,997", "Invested Capital": "1,771,506", "Tangible Book Value": "537,449", "Total Debt": "331,738", "Net Debt": "312,422", "Share Issued": "71,754", "Ordinary Shares Number": "59,970", "Treasury Shares Number": "11,784"}}, "cf": {"TTM": {"Duration": "TTM", "Operating Cash Flow": "132,755", "Investing Cash Flow": "-3,729", "Financing Cash Flow": "-65,017", "End Cash Position": "72,011", "Income Tax Paid Supplemental Data": "-", "Interest Paid Supplemental Data": "6,402", "Capital Expenditure": "-12,749", "Issuance of Debt": "72,173", "Repayment of Debt": "-133,404", "Repurchase of Capital Stock": "-2,745", "Free Cash Flow": "120,006"}, "12/31/2020": {"Duration": "12/31/2020", "Operating Cash Flow": "132,755", "Investing Cash Flow": "-3,729", "Financing Cash Flow": "-65,017", "End Cash Position": "72,011", "Income Tax Paid Supplemental Data": "-", "Interest Paid Supplemental Data": "6,402", "Capital Expenditure": "-12,749", "Issuance of Debt": "72,173", "Repayment of Debt": "-133,404", "Repurchase of Capital Stock": "-2,745", "Free Cash Flow": "120,006"}, "12/31/2019": {"Duration": "12/31/2019", "Operating Cash Flow": "137,432", "Investing Cash Flow": "-51,982", "Financing Cash Flow": "-95,908", "End Cash Position": "8,493", "Income Tax Paid Supplemental Data": "-", "Interest Paid Supplemental Data": "9,626", "Capital Expenditure": "-56,116", "Issuance of Debt": "246,828", "Repayment of Debt": "-338,265", "Repurchase of Capital Stock": "-4,455", "Free Cash Flow": "81,316"}, "12/31/2018": {"Duration": "12/31/2018", "Operating Cash Flow": "103,170", "Investing Cash Flow": "-461,375", "Financing Cash Flow": "324,058", "End Cash Position": "19,316", "Income Tax Paid Supplemental Data": "2,993", "Interest Paid Supplemental Data": "9,864", "Capital Expenditure": "-88,024", "Issuance of Debt": "1,035,467", "Repayment of Debt": "-699,859", "Repurchase of Capital Stock": "-4,178", "Free Cash Flow": "15,146"}}}}, {"SLB": {"quote": {"04/03/2021": {"value": "28.10", "Market Cap": "39.291B", "Beta (5Y Monthly)": "2.42", "PE Ratio (TTM)": "N/A", "EPS (TTM)": "-7.57", "Earnings Date": "Apr 23, 2021", "Forward Dividend & Yield": "0.50 (1.84%)", "Ex-Dividend Date": "Feb 16, 2021", "1y Target Est": "29.04"}}, "fin": {"TTM": {"Duration": "TTM", "Total Revenue": "23,601,000", "Cost of Revenue": "21,000,000", "Gross Profit": "2,601,000", "Operating Expense": "945,000", "Operating Income": "1,656,000", "Net Non Operating Interest Income Expense": "-530,000", "Other Income Expense": "-12,424,000", "Pretax Income": "-11,298,000", "Tax Provision": "-812,000", "Net Income Common Stockholders": "-10,518,000", "Diluted NI Available to Com Stockholders": "-10,518,000", "Basic EPS": "-", "Diluted EPS": "-", "Basic Average Shares": "-", "Diluted Average Shares": "-", "Total Expenses": "21,945,000", "Net Income from Continuing & Discontinued Operation": "-10,518,000", "Normalized Income": "1,120,950", "Interest Income": "33,000", "Interest Expense": "563,000", "Net Interest Income": "-530,000", "EBIT": "-10,735,000", "EBITDA": "-8,169,000", "Reconciled Cost of Revenue": "21,000,000", "Reconciled Depreciation": "2,566,000", "Net Income from Continuing Operation Net Minority Interest": "-10,518,000", "Total Unusual Items Excluding Goodwill": "-12,515,000", "Total Unusual Items": "-12,515,000", "Normalized EBITDA": "4,346,000", "Tax Rate for Calcs": "0", "Tax Effect of Unusual Items": "-876,050"}, "12/31/2020": {"Duration": "12/31/2020", "Total Revenue": "23,601,000", "Cost of Revenue": "21,000,000", "Gross Profit": "2,601,000", "Operating Expense": "945,000", "Operating Income": "1,656,000", "Net Non Operating Interest Income Expense": "-530,000", "Other Income Expense": "-12,424,000", "Pretax Income": "-11,298,000", "Tax Provision": "-812,000", "Net Income Common Stockholders": "-10,518,000", "Diluted NI Available to Com Stockholders": "-10,518,000", "Basic EPS": "-7.57", "Diluted EPS": "-7.57", "Basic Average Shares": "1,390,000", "Diluted Average Shares": "1,390,000", "Total Expenses": "21,945,000", "Net Income from Continuing & Discontinued Operation": "-10,518,000", "Normalized Income": "1,120,950", "Interest Income": "33,000", "Interest Expense": "563,000", "Net Interest Income": "-530,000", "EBIT": "-10,735,000", "EBITDA": "-", "Reconciled Cost of Revenue": "21,000,000", "Reconciled Depreciation": "2,566,000", "Net Income from Continuing Operation Net Minority Interest": "-10,518,000", "Total Unusual Items Excluding Goodwill": "-12,515,000", "Total Unusual Items": "-12,515,000", "Normalized EBITDA": "4,346,000", "Tax Rate for Calcs": "0", "Tax Effect of Unusual Items": "-876,050"}, "12/31/2019": {"Duration": "12/31/2019", "Total Revenue": "32,917,000", "Cost of Revenue": "28,720,000", "Gross Profit": "4,197,000", "Operating Expense": "1,191,000", "Operating Income": "3,006,000", "Net Non Operating Interest Income Expense": "-568,000", "Other Income Expense": "-12,856,000", "Pretax Income": "-10,418,000", "Tax Provision": "-311,000", "Net Income Common Stockholders": "-10,137,000", "Diluted NI Available to Com Stockholders": "-10,137,000", "Basic EPS": "-7.32", "Diluted EPS": "-7.32", "Basic Average Shares": "1,385,000", "Diluted Average Shares": "1,385,000", "Total Expenses": "29,911,000", "Net Income from Continuing & Discontinued Operation": "-10,137,000", "Normalized Income": "2,376,970", "Interest Income": "41,000", "Interest Expense": "609,000", "Net Interest Income": "-568,000", "EBIT": "-9,809,000", "EBITDA": "-", "Reconciled Cost of Revenue": "28,720,000", "Reconciled Depreciation": "3,589,000", "Net Income from Continuing Operation Net Minority Interest": "-10,137,000", "Total Unusual Items Excluding Goodwill": "-12,901,000", "Total Unusual Items": "-12,901,000", "Normalized EBITDA": "6,681,000", "Tax Rate for Calcs": "0", "Tax Effect of Unusual Items": "-387,030"}, "12/31/2018": {"Duration": "12/31/2018", "Total Revenue": "32,815,000", "Cost of Revenue": "28,478,000", "Gross Profit": "4,337,000", "Operating Expense": "1,146,000", "Operating Income": "3,191,000", "Net Non Operating Interest Income Expense": "-515,000", "Other Income Expense": "-52,000", "Pretax Income": "2,624,000", "Tax Provision": "447,000", "Net Income Common Stockholders": "2,138,000", "Diluted NI Available to Com Stockholders": "2,138,000", "Basic EPS": "1.54", "Diluted EPS": "1.53", "Basic Average Shares": "1,385,000", "Diluted Average Shares": "1,393,000", "Total Expenses": "29,624,000", "Net Income from Continuing & Discontinued Operation": "2,138,000", "Normalized Income": "2,255,030", "Interest Income": "60,000", "Interest Expense": "575,000", "Net Interest Income": "-515,000", "EBIT": "3,199,000", "EBITDA": "-", "Reconciled Cost of Revenue": "28,478,000", "Reconciled Depreciation": "3,556,000", "Net Income from Continuing Operation Net Minority Interest": "2,138,000", "Total Unusual Items Excluding Goodwill": "-141,000", "Total Unusual Items": "-141,000", "Normalized EBITDA": "6,896,000", "Tax Rate for Calcs": "0", "Tax Effect of Unusual Items": "-23,970"}}, "bs": {"12/31/2020": {"Duration": "12/31/2020", "Total Assets": "42,434,000", "Total Liabilities Net Minority Interest": "29,945,000", "Total Equity Gross Minority Interest": "12,489,000", "Total Capitalization": "28,107,000", "Common Stock Equity": "12,071,000", "Net Tangible Assets": "-4,364,000", "Working Capital": "2,428,000", "Invested Capital": "28,957,000", "Tangible Book Value": "-4,364,000", "Total Debt": "16,886,000", "Net Debt": "16,042,000", "Share Issued": "1,434,326", "Ordinary Shares Number": "1,392,326", "Treasury Shares Number": "42,000"}, "12/31/2019": {"Duration": "12/31/2019", "Total Assets": "56,312,000", "Total Liabilities Net Minority Interest": "32,136,000", "Total Equity Gross Minority Interest": "24,176,000", "Total Capitalization": "38,530,000", "Common Stock Equity": "23,760,000", "Net Tangible Assets": "629,000", "Working Capital": "2,432,000", "Invested Capital": "39,054,000", "Tangible Book Value": "629,000", "Total Debt": "15,294,000", "Net Debt": "14,157,000", "Share Issued": "1,434,515", "Ordinary Shares Number": "1,384,515", "Treasury Shares Number": "50,000"}, "12/31/2018": {"Duration": "12/31/2018", "Total Assets": "70,507,000", "Total Liabilities Net Minority Interest": "33,921,000", "Total Equity Gross Minority Interest": "36,586,000", "Total Capitalization": "50,806,000", "Common Stock Equity": "36,162,000", "Net Tangible Assets": "2,504,000", "Working Capital": "2,245,000", "Invested Capital": "52,213,000", "Tangible Book Value": "2,504,000", "Total Debt": "16,051,000", "Net Debt": "14,618,000", "Share Issued": "1,433,964", "Ordinary Shares Number": "1,382,964", "Treasury Shares Number": "51,000"}}, "cf": {"TTM": {"Duration": "TTM", "Operating Cash Flow": "2,944,000", "Investing Cash Flow": "-2,353,000", "Financing Cash Flow": "-873,000", "End Cash Position": "844,000", "Income Tax Paid Supplemental Data": "582,000", "Interest Paid Supplemental Data": "598,000", "Capital Expenditure": "-1,116,000", "Issuance of Debt": "5,837,000", "Repayment of Debt": "-5,163,000", "Repurchase of Capital Stock": "-26,000", "Free Cash Flow": "1,828,000"}, "12/31/2020": {"Duration": "12/31/2020", "Operating Cash Flow": "2,944,000", "Investing Cash Flow": "-2,353,000", "Financing Cash Flow": "-873,000", "End Cash Position": "844,000", "Income Tax Paid Supplemental Data": "582,000", "Interest Paid Supplemental Data": "598,000", "Capital Expenditure": "-1,116,000", "Issuance of Debt": "5,837,000", "Repayment of Debt": "-5,163,000", "Repurchase of Capital Stock": "-26,000", "Free Cash Flow": "1,828,000"}, "12/31/2019": {"Duration": "12/31/2019", "Operating Cash Flow": "5,431,000", "Investing Cash Flow": "-2,011,000", "Financing Cash Flow": "-3,718,000", "End Cash Position": "1,137,000", "Income Tax Paid Supplemental Data": "-", "Interest Paid Supplemental Data": "-", "Capital Expenditure": "-1,724,000", "Issuance of Debt": "4,004,000", "Repayment of Debt": "-4,799,000", "Repurchase of Capital Stock": "-278,000", "Free Cash Flow": "3,707,000"}, "12/31/2018": {"Duration": "12/31/2018", "Operating Cash Flow": "5,713,000", "Investing Cash Flow": "-1,040,000", "Financing Cash Flow": "-5,020,000", "End Cash Position": "1,433,000", "Income Tax Paid Supplemental Data": "628,000", "Interest Paid Supplemental Data": "592,000", "Capital Expenditure": "-2,160,000", "Issuance of Debt": "898,000", "Repayment of Debt": "-2,861,000", "Repurchase of Capital Stock": "-400,000", "Free Cash Flow": "3,553,000"}}}}, {"RCON": {"quote": {"04/03/2021": {"value": "5.16", "Market Cap": "94.48M", "Beta (5Y Monthly)": "2.82", "PE Ratio (TTM)": "N/A", "EPS (TTM)": "-0.63", "Earnings Date": "Oct 09, 2020", "Forward Dividend & Yield": "N/A (N/A)", "Ex-Dividend Date": "N/A", "1y Target Est": "N/A"}}, "fin": {"TTM": {"Duration": "TTM", "Total Revenue": "65,116", "Cost of Revenue": "45,509", "Gross Profit": "19,606", "Operating Expense": "38,573", "Operating Income": "-18,967", "Net Non Operating Interest Income Expense": "-1,397", "Other Income Expense": "523.576", "Pretax Income": "-19,840", "Tax Provision": "282.322", "Net Income Common Stockholders": "-19,247", "Diluted NI Available to Com Stockholders": "-19,247", "Basic EPS": "-", "Diluted EPS": "-", "Basic Average Shares": "-", "Diluted Average Shares": "-", "Total Operating Income as Reported": "-20,177", "Total Expenses": "84,082", "Net Income from Continuing & Discontinued Operation": "-19,247", "Normalized Income": "-19,233", "Interest Income": "54.746", "Interest Expense": "1,452", "Net Interest Income": "-1,397", "EBIT": "-18,388", "EBITDA": "-15,370", "Reconciled Cost of Revenue": "45,509", "Reconciled Depreciation": "3,018", "Net Income from Continuing Operation Net Minority Interest": "-19,247", "Total Unusual Items Excluding Goodwill": "-17.72", "Total Unusual Items": "-17.72", "Normalized EBITDA": "-15,352", "Tax Rate for Calcs": "0", "Tax Effect of Unusual Items": "-4.43"}, "6/30/2020": {"Duration": "6/30/2020", "Total Revenue": "65,116", "Cost of Revenue": "45,509", "Gross Profit": "19,606", "Operating Expense": "38,573", "Operating Income": "-18,967", "Net Non Operating Interest Income Expense": "-1,397", "Other Income Expense": "523.576", "Pretax Income": "-19,840", "Tax Provision": "282.322", "Net Income Common Stockholders": "-19,247", "Diluted NI Available to Com Stockholders": "-19,247", "Basic EPS": "-", "Diluted EPS": "-", "Basic Average Shares": "-", "Diluted Average Shares": "-", "Total Operating Income as Reported": "-20,177", "Total Expenses": "84,082", "Net Income from Continuing & Discontinued Operation": "-19,247", "Normalized Income": "-19,233", "Interest Income": "54.746", "Interest Expense": "1,452", "Net Interest Income": "-1,397", "EBIT": "-18,388", "EBITDA": "-", "Reconciled Cost of Revenue": "45,509", "Reconciled Depreciation": "3,018", "Net Income from Continuing Operation Net Minority Interest": "-19,247", "Total Unusual Items Excluding Goodwill": "-17.72", "Total Unusual Items": "-17.72", "Normalized EBITDA": "-15,352", "Tax Rate for Calcs": "0", "Tax Effect of Unusual Items": "-4.43"}, "6/30/2019": {"Duration": "6/30/2019", "Total Revenue": "102,384", "Cost of Revenue": "72,519", "Gross Profit": "29,865", "Operating Expense": "52,960", "Operating Income": "-23,095", "Net Non Operating Interest Income Expense": "-1,549", "Other Income Expense": "-740.717", "Pretax Income": "-25,384", "Tax Provision": "398.477", "Net Income Common Stockholders": "-25,356", "Diluted NI Available to Com Stockholders": "-25,356", "Basic EPS": "-6.50", "Diluted EPS": "-6.50", "Basic Average Shares": "3,909", "Diluted Average Shares": "3,909", "Total Operating Income as Reported": "-24,244", "Total Expenses": "125,479", "Net Income from Continuing & Discontinued Operation": "-25,356", "Normalized Income": "-25,398", "Interest Income": "40.391", "Interest Expense": "1,589", "Net Interest Income": "-1,549", "EBIT": "-23,795", "EBITDA": "-", "Reconciled Cost of Revenue": "72,519", "Reconciled Depreciation": "1,124", "Net Income from Continuing Operation Net Minority Interest": "-25,356", "Total Unusual Items Excluding Goodwill": "56.603", "Total Unusual Items": "56.603", "Normalized EBITDA": "-22,727", "Tax Rate for Calcs": "0", "Tax Effect of Unusual Items": "14.1508"}, "6/30/2018": {"Duration": "6/30/2018", "Total Revenue": "84,430", "Cost of Revenue": "80,280", "Gross Profit": "4,150", "Operating Expense": "44,703", "Operating Income": "-40,553", "Net Non Operating Interest Income Expense": "-829.493", "Other Income Expense": "-3,976", "Pretax Income": "-45,359", "Tax Provision": "16.23", "Net Income Common Stockholders": "-44,072", "Diluted NI Available to Com Stockholders": "-44,072", "Basic EPS": "-19.20", "Diluted EPS": "-19.20", "Basic Average Shares": "2,297", "Diluted Average Shares": "2,297", "Total Operating Income as Reported": "-40,925", "Total Expenses": "124,983", "Net Income from Continuing & Discontinued Operation": "-44,072", "Normalized Income": "-44,069", "Interest Income": "68.028", "Interest Expense": "897.521", "Net Interest Income": "-829.493", "EBIT": "-44,461", "EBITDA": "-", "Reconciled Cost of Revenue": "80,280", "Reconciled Depreciation": "1,119", "Net Income from Continuing Operation Net Minority Interest": "-44,072", "Total Unusual Items Excluding Goodwill": "-4.068", "Total Unusual Items": "-4.068", "Normalized EBITDA": "-43,338", "Tax Rate for Calcs": "0", "Tax Effect of Unusual Items": "-1.017"}}, "bs": {"6/30/2020": {"Duration": "6/30/2020", "Total Assets": "194,415", "Total Liabilities Net Minority Interest": "73,771", "Total Equity Gross Minority Interest": "120,644", "Total Capitalization": "117,409", "Common Stock Equity": "110,030", "Capital Lease Obligations": "2,539", "Net Tangible Assets": "108,749", "Working Capital": "64,101", "Invested Capital": "138,207", "Tangible Book Value": "108,749", "Total Debt": "30,716", "Net Debt": "-", "Share Issued": "7,203", "Ordinary Shares Number": "7,203"}, "6/30/2019": {"Duration": "6/30/2019", "Total Assets": "156,982", "Total Liabilities Net Minority Interest": "50,281", "Total Equity Gross Minority Interest": "106,701", "Total Capitalization": "103,812", "Common Stock Equity": "95,616", "Capital Lease Obligations": "-", "Net Tangible Assets": "94,308", "Working Capital": "55,740", "Invested Capital": "117,184", "Tangible Book Value": "94,308", "Total Debt": "21,569", "Net Debt": "17,047", "Share Issued": "4,360", "Ordinary Shares Number": "4,360"}, "6/30/2018": {"Duration": "6/30/2018", "Total Assets": "121,808", "Total Liabilities Net Minority Interest": "34,936", "Total Equity Gross Minority Interest": "86,872", "Total Capitalization": "84,954", "Common Stock Equity": "76,010", "Capital Lease Obligations": "-", "Net Tangible Assets": "74,675", "Working Capital": "74,843", "Invested Capital": "94,692", "Tangible Book Value": "74,675", "Total Debt": "18,682", "Net Debt": "-", "Share Issued": "3,696", "Ordinary Shares Number": "3,696"}}, "cf": {"TTM": {"Duration": "TTM", "Operating Cash Flow": "-5,231", "Investing Cash Flow": "-2,108", "Financing Cash Flow": "33,238", "End Cash Position": "30,337", "Income Tax Paid Supplemental Data": "282.322", "Interest Paid Supplemental Data": "1,400", "Capital Expenditure": "-3,869", "Issuance of Capital Stock": "26,141", "Issuance of Debt": "27,135", "Repayment of Debt": "-20,443", "Free Cash Flow": "-9,100"}, "6/30/2020": {"Duration": "6/30/2020", "Operating Cash Flow": "-5,231", "Investing Cash Flow": "-2,108", "Financing Cash Flow": "33,238", "End Cash Position": "30,337", "Income Tax Paid Supplemental Data": "282.322", "Interest Paid Supplemental Data": "1,400", "Capital Expenditure": "-3,869", "Issuance of Capital Stock": "26,141", "Issuance of Debt": "27,135", "Repayment of Debt": "-20,443", "Free Cash Flow": "-9,100"}, "6/30/2019": {"Duration": "6/30/2019", "Operating Cash Flow": "-32,212", "Investing Cash Flow": "-13,548", "Financing Cash Flow": "3,547", "End Cash Position": "4,521", "Income Tax Paid Supplemental Data": "2.002", "Interest Paid Supplemental Data": "1,542", "Capital Expenditure": "-6,343", "Issuance of Capital Stock": "0", "Issuance of Debt": "8,581", "Repayment of Debt": "-5,684", "Free Cash Flow": "-38,555"}, "6/30/2018": {"Duration": "6/30/2018", "Operating Cash Flow": "-21,095", "Investing Cash Flow": "-16,028", "Financing Cash Flow": "76,889", "End Cash Position": "45,341", "Income Tax Paid Supplemental Data": "-", "Interest Paid Supplemental Data": "868.042", "Capital Expenditure": "-12,022", "Issuance of Capital Stock": "65,005", "Issuance of Debt": "34,833", "Repayment of Debt": "-26,649", "Free Cash Flow": "-33,117"}}}}, {"CCLP": {"quote": {"04/03/2021": {"value": "1.8500", "Market Cap": "88.747M", "Beta (5Y Monthly)": "1.90", "PE Ratio (TTM)": "N/A", "EPS (TTM)": "-1.5390", "Earnings Date": "Feb 24, 2021", "Forward Dividend & Yield": "0.04 (2.20%)", "Ex-Dividend Date": "Jan 28, 2021", "1y Target Est": "1.00"}}, "fin": {"TTM": {"Duration": "TTM", "Total Revenue": "301,587", "Cost of Revenue": "174,233", "Gross Profit": "127,354", "Operating Expense": "114,302", "Operating Income": "13,052", "Net Non Operating Interest Income Expense": "-54,468", "Other Income Expense": "-18,394", "Pretax Income": "-59,810", "Tax Provision": "3,144", "Net Income Common Stockholders": "-73,840", "Diluted NI Available to Com Stockholders": "-73,840", "Basic EPS": "-", "Diluted EPS": "-", "Basic Average Shares": "-", "Diluted Average Shares": "-", "Total Operating Income as Reported": "-", "Total Expenses": "288,535", "Net Income from Continuing & Discontinued Operation": "-73,840", "Normalized Income": "-52,113", "Interest Expense": "54,468", "Net Interest Income": "-54,468", "EBIT": "-5,342", "EBITDA": "74,665", "Reconciled Cost of Revenue": "174,233", "Reconciled Depreciation": "80,007", "Net Income from Continuing Operation Net Minority Interest": "-62,954", "Total Unusual Items Excluding Goodwill": "-14,850", "Total Unusual Items": "-14,850", "Normalized EBITDA": "89,515", "Tax Rate for Calcs": "0", "Tax Effect of Unusual Items": "-4,009"}, "12/31/2020": {"Duration": "12/31/2020", "Total Revenue": "301,587", "Cost of Revenue": "254,240", "Gross Profit": "47,347", "Operating Expense": "34,295", "Operating Income": "13,052", "Net Non Operating Interest Income Expense": "-54,468", "Other Income Expense": "-18,394", "Pretax Income": "-59,810", "Tax Provision": "3,144", "Net Income Common Stockholders": "-72,803", "Diluted NI Available to Com Stockholders": "-72,803", "Basic EPS": "-", "Diluted EPS": "-", "Basic Average Shares": "-", "Diluted Average Shares": "-", "Total Operating Income as Reported": "-", "Total Expenses": "288,535", "Net Income from Continuing & Discontinued Operation": "-73,840", "Normalized Income": "-52,113", "Interest Expense": "54,468", "Net Interest Income": "-54,468", "EBIT": "-5,342", "EBITDA": "-", "Reconciled Cost of Revenue": "254,240", "Reconciled Depreciation": "80,533", "Net Income from Continuing Operation Net Minority Interest": "-62,954", "Total Unusual Items Excluding Goodwill": "-14,850", "Total Unusual Items": "-14,850", "Normalized EBITDA": "90,041", "Tax Rate for Calcs": "0", "Tax Effect of Unusual Items": "-4,009"}, "12/31/2019": {"Duration": "12/31/2019", "Total Revenue": "476,581", "Cost of Revenue": "317,499", "Gross Profit": "159,082", "Operating Expense": "119,763", "Operating Income": "39,319", "Net Non Operating Interest Income Expense": "-53,375", "Other Income Expense": "-3,564", "Pretax Income": "-17,620", "Tax Provision": "3,353", "Net Income Common Stockholders": "-20,675", "Diluted NI Available to Com Stockholders": "-20,675", "Basic EPS": "-0.45", "Diluted EPS": "-0.45", "Basic Average Shares": "47,079", "Diluted Average Shares": "47,666", "Total Operating Income as Reported": "-", "Total Expenses": "437,262", "Net Income from Continuing & Discontinued Operation": "-20,973", "Normalized Income": "-19,071", "Interest Expense": "53,375", "Net Interest Income": "-53,375", "EBIT": "35,755", "EBITDA": "-", "Reconciled Cost of Revenue": "317,499", "Reconciled Depreciation": "76,663", "Net Income from Continuing Operation Net Minority Interest": "-20,973", "Total Unusual Items Excluding Goodwill": "-2,605", "Total Unusual Items": "-2,605", "Normalized EBITDA": "115,023", "Tax Rate for Calcs": "0", "Tax Effect of Unusual Items": "-703.35"}, "12/31/2018": {"Duration": "12/31/2018", "Total Revenue": "438,663", "Cost of Revenue": "308,397", "Gross Profit": "130,266", "Operating Expense": "110,100", "Operating Income": "20,166", "Net Non Operating Interest Income Expense": "-52,585", "Other Income Expense": "-1,944", "Pretax Income": "-34,363", "Tax Provision": "2,615", "Net Income Common Stockholders": "-36,371", "Diluted NI Available to Com Stockholders": "-36,371", "Basic EPS": "-0.81", "Diluted EPS": "-0.88", "Basic Average Shares": "45,769", "Diluted Average Shares": "45,769", "Total Operating Income as Reported": "-", "Total Expenses": "418,497", "Net Income from Continuing & Discontinued Operation": "-36,978", "Normalized Income": "-36,481", "Interest Expense": "52,585", "Net Interest Income": "-52,585", "EBIT": "18,222", "EBITDA": "-", "Reconciled Cost of Revenue": "308,397", "Reconciled Depreciation": "70,500", "Net Income from Continuing Operation Net Minority Interest": "-36,978", "Total Unusual Items Excluding Goodwill": "-681", "Total Unusual Items": "-681", "Normalized EBITDA": "89,403", "Tax Rate for Calcs": "0", "Tax Effect of Unusual Items": "-183.87"}}, "bs": {"12/31/2020": {"Duration": "12/31/2020", "Total Assets": "709,966", "Total Liabilities Net Minority Interest": "735,299", "Total Equity Gross Minority Interest": "-25,333", "Total Capitalization": "613,298", "Common Stock Equity": "-25,333", "Capital Lease Obligations": "24,059", "Net Tangible Assets": "-25,057", "Working Capital": "37,410", "Invested Capital": "613,298", "Tangible Book Value": "-50,390", "Total Debt": "662,690", "Net Debt": "622,054", "Share Issued": "47,352", "Ordinary Shares Number": "47,352"}, "12/31/2019": {"Duration": "12/31/2019", "Total Assets": "822,246", "Total Liabilities Net Minority Interest": "773,255", "Total Equity Gross Minority Interest": "48,991", "Total Capitalization": "687,229", "Common Stock Equity": "48,991", "Capital Lease Obligations": "13,822", "Net Tangible Assets": "-28,017", "Working Capital": "19,666", "Invested Capital": "687,229", "Tangible Book Value": "20,974", "Total Debt": "652,060", "Net Debt": "635,868", "Share Issued": "47,079", "Ordinary Shares Number": "47,079"}, "12/31/2018": {"Duration": "12/31/2018", "Total Assets": "826,744", "Total Liabilities Net Minority Interest": "759,341", "Total Equity Gross Minority Interest": "67,403", "Total Capitalization": "700,416", "Common Stock Equity": "67,403", "Capital Lease Obligations": "-", "Net Tangible Assets": "-30,978", "Working Capital": "57,394", "Invested Capital": "700,416", "Tangible Book Value": "36,425", "Total Debt": "633,013", "Net Debt": "617,155", "Share Issued": "45,769", "Ordinary Shares Number": "45,769"}}, "cf": {"TTM": {"Duration": "TTM", "Operating Cash Flow": "20,762", "Investing Cash Flow": "5,183", "Financing Cash Flow": "-11,685", "End Cash Position": "16,577", "Income Tax Paid Supplemental Data": "2,718", "Interest Paid Supplemental Data": "49,765", "Capital Expenditure": "-14,698", "Issuance of Capital Stock": "-", "Issuance of Debt": "411,134", "Repayment of Debt": "-413,110", "Repurchase of Capital Stock": "0", "Free Cash Flow": "6,064"}, "12/31/2020": {"Duration": "12/31/2020", "Operating Cash Flow": "20,762", "Investing Cash Flow": "5,183", "Financing Cash Flow": "-11,685", "End Cash Position": "16,577", "Income Tax Paid Supplemental Data": "2,718", "Interest Paid Supplemental Data": "49,765", "Capital Expenditure": "-14,698", "Issuance of Capital Stock": "-", "Issuance of Debt": "411,134", "Repayment of Debt": "-413,110", "Repurchase of Capital Stock": "0", "Free Cash Flow": "6,064"}, "12/31/2019": {"Duration": "12/31/2019", "Operating Cash Flow": "67,696", "Investing Cash Flow": "-64,218", "Financing Cash Flow": "-16,970", "End Cash Position": "2,370", "Income Tax Paid Supplemental Data": "3,133", "Interest Paid Supplemental Data": "47,788", "Capital Expenditure": "-75,798", "Issuance of Capital Stock": "-", "Issuance of Debt": "45,000", "Repayment of Debt": "-41,567", "Repurchase of Capital Stock": "-31,913", "Free Cash Flow": "-8,102"}, "12/31/2018": {"Duration": "12/31/2018", "Operating Cash Flow": "30,121", "Investing Cash Flow": "-103,490", "Financing Cash Flow": "81,707", "End Cash Position": "15,858", "Income Tax Paid Supplemental Data": "2,056", "Interest Paid Supplemental Data": "38,550", "Capital Expenditure": "-103,489", "Issuance of Capital Stock": "0", "Issuance of Debt": "380,000", "Repayment of Debt": "-258,000", "Repurchase of Capital Stock": "-", "Free Cash Flow": "-73,368"}}}}, {"CSSV": {"quote": {"04/03/2021": {"value": "0.0060", "Market Cap": "263,287", "Beta (5Y Monthly)": "-0.53", "PE Ratio (TTM)": "N/A", "EPS (TTM)": "-0.6130", "Earnings Date": "N/A", "Forward Dividend & Yield": "N/A (N/A)", "Ex-Dividend Date": "N/A", "1y Target Est": "0.01"}}, "fin": {}, "bs": {}, "cf": {}}}, {"GLFH": {"quote": {"04/03/2021": {"value": "0.0650", "Market Cap": "6.236M", "Beta (5Y Monthly)": "0.80", "PE Ratio (TTM)": "65.00", "EPS (TTM)": "0.0010", "Earnings Date": "May 22, 2018", "Forward Dividend & Yield": "N/A (N/A)", "Ex-Dividend Date": "N/A", "1y Target Est": "N/A"}}, "fin": {"TTM": {"Duration": "TTM", "Total Revenue": "0", "Operating Expense": "94.923", "Operating Income": "-94.923", "Net Non Operating Interest Income Expense": "-43.196", "Other Income Expense": "3.192", "Pretax Income": "-134.927", "Net Income Common Stockholders": "-162.572", "Diluted NI Available to Com Stockholders": "-162.572", "Basic EPS": "-", "Diluted EPS": "-", "Basic Average Shares": "-", "Diluted Average Shares": "-", "Total Operating Income as Reported": "-94.923", "Total Expenses": "94.923", "Net Income from Continuing & Discontinued Operation": "-162.572", "Normalized Income": "-127.234", "Interest Income": "0", "Interest Expense": "43.196", "Net Interest Income": "-43.196", "EBIT": "-91.731", "EBITDA": "-91.731", "Reconciled Depreciation": "0", "Net Income from Continuing Operation Net Minority Interest": "-134.927", "Total Unusual Items Excluding Goodwill": "-7.693", "Total Unusual Items": "-7.693", "Normalized EBITDA": "-84.038", "Tax Rate for Calcs": "0", "Tax Effect of Unusual Items": "0"}}, "bs": {"12/31/2018": {"Duration": "12/31/2018", "Total Assets": "2,290", "Total Liabilities Net Minority Interest": "2,313", "Total Equity Gross Minority Interest": "-23.493", "Total Capitalization": "271.072", "Preferred Stock Equity": "34.648", "Common Stock Equity": "-58.141", "Net Tangible Assets": "-309.99", "Working Capital": "-748.804", "Invested Capital": "1,435", "Tangible Book Value": "-344.638", "Total Debt": "1,493", "Net Debt": "1,312", "Share Issued": "72,300", "Ordinary Shares Number": "72,300"}}, "cf": {"TTM": {"Duration": "TTM", "Operating Cash Flow": "-97.324", "Investing Cash Flow": "-19.513", "Financing Cash Flow": "-12.667", "End Cash Position": "0.469", "Income Tax Paid Supplemental Data": "0", "Interest Paid Supplemental Data": "6.313", "Issuance of Debt": "121.138", "Repayment of Debt": "-49.805", "Free Cash Flow": "-97.324"}}}}, {"AMRR": {"fin": {}, "bs": {}, "cf": {}}}, {"BRS": {"fin": {}, "bs": {}, "cf": {}}}, {"BAS": {"fin": {}, "bs": {}, "cf": {}}}, {"CLB": {"fin": {"TTM": {"Duration": "TTM", "Total Revenue": "487,267", "Cost of Revenue": "395,634", "Gross Profit": "91,633", "Operating Expense": "37,976", "Operating Income": "53,657", "Net Non Operating Interest Income Expense": "-14,372", "Other Income Expense": "-130,458", "Pretax Income": "-91,177", "Tax Provision": "5,896", "Net Income Common Stockholders": "-97,637", "Diluted NI Available to Com Stockholders": "-97,637", "Basic EPS": "-", "Diluted EPS": "-", "Basic Average Shares": "-", "Diluted Average Shares": "-", "Total Operating Income as Reported": "-76,805", "Total Expenses": "433,610", "Net Income from Continuing & Discontinued Operation": "-97,637", "Normalized Income": "1,399", "Interest Income": "-", "Interest Expense": "14,372", "Net Interest Income": "-14,372", "EBIT": "-76,805", "EBITDA": "-55,938", "Reconciled Cost of Revenue": "395,634", "Reconciled Depreciation": "20,867", "Net Income from Continuing Operation Net Minority Interest": "-97,213", "Total Unusual Items Excluding Goodwill": "-131,483", "Total Unusual Items": "-131,483", "Normalized EBITDA": "75,545", "Tax Rate for Calcs": "0", "Tax Effect of Unusual Items": "-32,871"}, "12/31/2020": {"Duration": "12/31/2020", "Total Revenue": "487,267", "Cost of Revenue": "395,634", "Gross Profit": "91,633", "Operating Expense": "37,976", "Operating Income": "53,657", "Net Non Operating Interest Income Expense": "-14,372", "Other Income Expense": "-130,458", "Pretax Income": "-91,177", "Tax Provision": "5,896", "Net Income Common Stockholders": "-97,637", "Diluted NI Available to Com Stockholders": "-97,637", "Basic EPS": "-", "Diluted EPS": "-", "Basic Average Shares": "-", "Diluted Average Shares": "-", "Total Operating Income as Reported": "-76,805", "Total Expenses": "433,610", "Net Income from Continuing & Discontinued Operation": "-97,637", "Normalized Income": "1,399", "Interest Income": "-", "Interest Expense": "14,372", "Net Interest Income": "-14,372", "EBIT": "-76,805", "EBITDA": "-", "Reconciled Cost of Revenue": "395,634", "Reconciled Depreciation": "20,867", "Net Income from Continuing Operation Net Minority Interest": "-97,213", "Total Unusual Items Excluding Goodwill": "-131,483", "Total Unusual Items": "-131,483", "Normalized EBITDA": "75,545", "Tax Rate for Calcs": "0", "Tax Effect of Unusual Items": "-32,871"}, "12/31/2019": {"Duration": "12/31/2019", "Total Revenue": "668,210", "Cost of Revenue": "518,184", "Gross Profit": "150,026", "Operating Expense": "48,023", "Operating Income": "102,003", "Net Non Operating Interest Income Expense": "-14,690", "Other Income Expense": "-5,319", "Pretax Income": "81,994", "Tax Provision": "-12,290", "Net Income Common Stockholders": "101,983", "Diluted NI Available to Com Stockholders": "101,983", "Basic EPS": "2.29", "Diluted EPS": "2.28", "Basic Average Shares": "44,466", "Diluted Average Shares": "44,646", "Total Operating Income as Reported": "96,684", "Total Expenses": "566,207", "Net Income from Continuing & Discontinued Operation": "101,983", "Normalized Income": "95,264", "Interest Income": "-", "Interest Expense": "14,690", "Net Interest Income": "-14,690", "EBIT": "96,684", "EBITDA": "-", "Reconciled Cost of Revenue": "518,184", "Reconciled Depreciation": "22,605", "Net Income from Continuing Operation Net Minority Interest": "94,150", "Total Unusual Items Excluding Goodwill": "-1,485", "Total Unusual Items": "-1,485", "Normalized EBITDA": "120,774", "Tax Rate for Calcs": "0", "Tax Effect of Unusual Items": "-371.25"}, "12/31/2018": {"Duration": "12/31/2018", "Total Revenue": "700,846", "Cost of Revenue": "520,051", "Gross Profit": "180,795", "Operating Expense": "62,910", "Operating Income": "117,885", "Net Non Operating Interest Income Expense": "-13,328", "Other Income Expense": "737", "Pretax Income": "105,294", "Tax Provision": "25,447", "Net Income Common Stockholders": "79,526", "Diluted NI Available to Com Stockholders": "79,526", "Basic EPS": "1.79", "Diluted EPS": "1.79", "Basic Average Shares": "44,317", "Diluted Average Shares": "44,474", "Total Operating Income as Reported": "118,622", "Total Expenses": "582,961", "Net Income from Continuing & Discontinued Operation": "79,526", "Normalized Income": "80,184", "Interest Income": "-", "Interest Expense": "13,328", "Net Interest Income": "-13,328", "EBIT": "118,622", "EBITDA": "-", "Reconciled Cost of Revenue": "520,051", "Reconciled Depreciation": "23,087", "Net Income from Continuing Operation Net Minority Interest": "79,584", "Total Unusual Items Excluding Goodwill": "-792", "Total Unusual Items": "-792", "Normalized EBITDA": "142,501", "Tax Rate for Calcs": "0", "Tax Effect of Unusual Items": "-191.664"}}, "bs": {"12/31/2020": {"Duration": "12/31/2020", "Total Assets": "568,579", "Total Liabilities Net Minority Interest": "493,006", "Total Equity Gross Minority Interest": "75,573", "Total Capitalization": "330,946", "Common Stock Equity": "71,513", "Capital Lease Obligations": "67,545", "Net Tangible Assets": "-36,515", "Working Capital": "76,098", "Invested Capital": "330,946", "Tangible Book Value": "-36,515", "Total Debt": "326,978", "Net Debt": "245,627", "Share Issued": "44,796", "Ordinary Shares Number": "44,573", "Treasury Shares Number": "223.451"}, "12/31/2019": {"Duration": "12/31/2019", "Total Assets": "774,673", "Total Liabilities Net Minority Interest": "592,533", "Total Equity Gross Minority Interest": "182,140", "Total Capitalization": "483,148", "Common Stock Equity": "177,865", "Capital Lease Obligations": "76,501", "Net Tangible Assets": "-53,010", "Working Capital": "109,643", "Invested Capital": "483,148", "Tangible Book Value": "-53,010", "Total Debt": "381,784", "Net Debt": "294,191", "Share Issued": "44,796", "Ordinary Shares Number": "44,466", "Treasury Shares Number": "330.69"}, "12/31/2018": {"Duration": "12/31/2018", "Total Assets": "648,827", "Total Liabilities Net Minority Interest": "487,927", "Total Equity Gross Minority Interest": "160,900", "Total Capitalization": "446,529", "Common Stock Equity": "156,759", "Capital Lease Obligations": "-", "Net Tangible Assets": "-75,707", "Working Capital": "128,430", "Invested Capital": "446,529", "Tangible Book Value": "-75,707", "Total Debt": "289,770", "Net Debt": "276,654", "Share Issued": "44,796", "Ordinary Shares Number": "44,317", "Treasury Shares Number": "479.407"}}, "cf": {"TTM": {"Duration": "TTM", "Operating Cash Flow": "57,868", "Investing Cash Flow": "7,851", "Financing Cash Flow": "-63,005", "End Cash Position": "13,806", "Income Tax Paid Supplemental Data": "21,325", "Interest Paid Supplemental Data": "11,669", "Capital Expenditure": "-12,378", "Issuance of Capital Stock": "-", "Issuance of Debt": "56,000", "Repayment of Debt": "-102,000", "Repurchase of Capital Stock": "-2,793", "Free Cash Flow": "45,490"}, "12/31/2020": {"Duration": "12/31/2020", "Operating Cash Flow": "57,868", "Investing Cash Flow": "7,851", "Financing Cash Flow": "-63,005", "End Cash Position": "13,806", "Income Tax Paid Supplemental Data": "21,325", "Interest Paid Supplemental Data": "11,669", "Capital Expenditure": "-12,378", "Issuance of Capital Stock": "-", "Issuance of Debt": "56,000", "Repayment of Debt": "-102,000", "Repurchase of Capital Stock": "-2,793", "Free Cash Flow": "45,490"}, "12/31/2019": {"Duration": "12/31/2019", "Operating Cash Flow": "89,527", "Investing Cash Flow": "-5,677", "Financing Cash Flow": "-85,874", "End Cash Position": "11,092", "Income Tax Paid Supplemental Data": "13,804", "Interest Paid Supplemental Data": "13,631", "Capital Expenditure": "-22,449", "Issuance of Capital Stock": "-", "Issuance of Debt": "138,000", "Repayment of Debt": "-123,000", "Repurchase of Capital Stock": "-3,308", "Free Cash Flow": "67,078"}, "12/31/2018": {"Duration": "12/31/2018", "Operating Cash Flow": "111,827", "Investing Cash Flow": "-70,639", "Financing Cash Flow": "-42,472", "End Cash Position": "13,116", "Income Tax Paid Supplemental Data": "31,928", "Interest Paid Supplemental Data": "11,499", "Capital Expenditure": "-22,931", "Issuance of Capital Stock": "0", "Issuance of Debt": "178,000", "Repayment of Debt": "-114,000", "Repurchase of Capital Stock": "-7,451", "Free Cash Flow": "88,896"}}}}, {"IO": {"fin": {"TTM": {"Duration": "TTM", "Total Revenue": "122,674", "Cost of Revenue": "81,017", "Gross Profit": "41,657", "Operating Expense": "52,096", "Operating Income": "-10,439", "Net Non Operating Interest Income Expense": "-13,805", "Other Income Expense": "2,748", "Pretax Income": "-21,496", "Tax Provision": "15,616", "Net Income Common Stockholders": "-37,225", "Diluted NI Available to Com Stockholders": "-37,225", "Basic EPS": "-", "Diluted EPS": "-", "Basic Average Shares": "-", "Diluted Average Shares": "-", "Total Operating Income as Reported": "-14,589", "Total Expenses": "133,113", "Net Income from Continuing & Discontinued Operation": "-37,225", "Normalized Income": "-34,195", "Interest Expense": "13,805", "Net Interest Income": "-13,805", "EBIT": "-7,691", "EBITDA": "18,605", "Reconciled Cost of Revenue": "81,017", "Reconciled Depreciation": "26,296", "Net Income from Continuing Operation Net Minority Interest": "-37,225", "Total Unusual Items Excluding Goodwill": "-4,150", "Total Unusual Items": "-4,150", "Normalized EBITDA": "22,755", "Tax Rate for Calcs": "0", "Tax Effect of Unusual Items": "-1,120"}, "12/31/2020": {"Duration": "12/31/2020", "Total Revenue": "122,674", "Cost of Revenue": "81,017", "Gross Profit": "41,657", "Operating Expense": "52,096", "Operating Income": "-10,439", "Net Non Operating Interest Income Expense": "-13,805", "Other Income Expense": "2,748", "Pretax Income": "-21,496", "Tax Provision": "15,616", "Net Income Common Stockholders": "-37,225", "Diluted NI Available to Com Stockholders": "-37,225", "Basic EPS": "-", "Diluted EPS": "-", "Basic Average Shares": "-", "Diluted Average Shares": "-", "Total Operating Income as Reported": "-14,589", "Total Expenses": "133,113", "Net Income from Continuing & Discontinued Operation": "-37,225", "Normalized Income": "-34,195", "Interest Expense": "13,805", "Net Interest Income": "-13,805", "EBIT": "-7,691", "EBITDA": "-", "Reconciled Cost of Revenue": "81,017", "Reconciled Depreciation": "26,296", "Net Income from Continuing Operation Net Minority Interest": "-37,225", "Total Unusual Items Excluding Goodwill": "-4,150", "Total Unusual Items": "-4,150", "Normalized EBITDA": "22,755", "Tax Rate for Calcs": "0", "Tax Effect of Unusual Items": "-1,120"}, "12/31/2019": {"Duration": "12/31/2019", "Total Revenue": "174,679", "Cost of Revenue": "114,657", "Gross Profit": "60,022", "Operating Expense": "84,481", "Operating Income": "-24,459", "Net Non Operating Interest Income Expense": "-13,074", "Other Income Expense": "-1,617", "Pretax Income": "-39,150", "Tax Provision": "8,064", "Net Income Common Stockholders": "-48,199", "Diluted NI Available to Com Stockholders": "-48,199", "Basic EPS": "-3.41", "Diluted EPS": "-3.41", "Basic Average Shares": "14,131", "Diluted Average Shares": "14,131", "Total Operating Income as Reported": "-24,459", "Total Expenses": "199,138", "Net Income from Continuing & Discontinued Operation": "-48,199", "Normalized Income": "-48,199", "Interest Expense": "13,074", "Net Interest Income": "-13,074", "EBIT": "-26,076", "EBITDA": "-", "Reconciled Cost of Revenue": "114,657", "Reconciled Depreciation": "43,198", "Net Income from Continuing Operation Net Minority Interest": "-48,199", "Total Unusual Items Excluding Goodwill": "0", "Total Unusual Items": "0", "Normalized EBITDA": "17,122", "Tax Rate for Calcs": "0", "Tax Effect of Unusual Items": "0"}, "12/31/2018": {"Duration": "12/31/2018", "Total Revenue": "180,045", "Cost of Revenue": "120,425", "Gross Profit": "59,620", "Operating Expense": "77,339", "Operating Income": "-17,719", "Net Non Operating Interest Income Expense": "-12,972", "Other Income Expense": "-36,989", "Pretax Income": "-67,680", "Tax Provision": "2,718", "Net Income Common Stockholders": "-71,171", "Diluted NI Available to Com Stockholders": "-71,171", "Basic EPS": "-5.20", "Diluted EPS": "-5.20", "Basic Average Shares": "13,692", "Diluted Average Shares": "13,692", "Total Operating Income as Reported": "-54,272", "Total Expenses": "197,764", "Net Income from Continuing & Discontinued Operation": "-71,171", "Normalized Income": "-44,487", "Interest Expense": "12,972", "Net Interest Income": "-12,972", "EBIT": "-54,708", "EBITDA": "-", "Reconciled Cost of Revenue": "120,425", "Reconciled Depreciation": "57,751", "Net Income from Continuing Operation Net Minority Interest": "-71,171", "Total Unusual Items Excluding Goodwill": "-36,553", "Total Unusual Items": "-36,553", "Normalized EBITDA": "39,596", "Tax Rate for Calcs": "0", "Tax Effect of Unusual Items": "-9,869"}}, "bs": {"12/31/2020": {"Duration": "12/31/2020", "Total Assets": "193,593", "Total Liabilities Net Minority Interest": "264,683", "Total Equity Gross Minority Interest": "-71,090", "Total Capitalization": "-72,702", "Common Stock Equity": "-72,702", "Capital Lease Obligations": "46,676", "Net Tangible Assets": "-143,181", "Working Capital": "-150,913", "Invested Capital": "70,295", "Tangible Book Value": "-143,181", "Total Debt": "189,673", "Net Debt": "105,511", "Share Issued": "14,333", "Ordinary Shares Number": "14,333"}, "12/31/2019": {"Duration": "12/31/2019", "Total Assets": "233,194", "Total Liabilities Net Minority Interest": "267,826", "Total Equity Gross Minority Interest": "-34,632", "Total Capitalization": "82,532", "Common Stock Equity": "-36,820", "Capital Lease Obligations": "41,888", "Net Tangible Assets": "-120,789", "Working Capital": "-23,561", "Invested Capital": "84,639", "Tangible Book Value": "-120,789", "Total Debt": "163,347", "Net Debt": "88,394", "Share Issued": "14,225", "Ordinary Shares Number": "14,225"}, "12/31/2018": {"Duration": "12/31/2018", "Total Assets": "244,749", "Total Liabilities Net Minority Interest": "236,925", "Total Equity Gross Minority Interest": "7,824", "Total Capitalization": "125,745", "Common Stock Equity": "6,232", "Capital Lease Obligations": "-", "Net Tangible Assets": "-90,227", "Working Capital": "20,105", "Invested Capital": "127,973", "Tangible Book Value": "-90,227", "Total Debt": "121,741", "Net Debt": "88,190", "Share Issued": "14,016", "Ordinary Shares Number": "14,016"}}, "cf": {"TTM": {"Duration": "TTM", "Operating Cash Flow": "9,159", "Investing Cash Flow": "-28,368", "Financing Cash Flow": "25,768", "End Cash Position": "39,813", "Income Tax Paid Supplemental Data": "-", "Interest Paid Supplemental Data": "-", "Capital Expenditure": "-28,368", "Issuance of Capital Stock": "0", "Issuance of Debt": "34,173", "Repayment of Debt": "-7,159", "Repurchase of Capital Stock": "-", "Free Cash Flow": "-19,209"}, "12/31/2020": {"Duration": "12/31/2020", "Operating Cash Flow": "9,159", "Investing Cash Flow": "-28,368", "Financing Cash Flow": "25,768", "End Cash Position": "39,813", "Income Tax Paid Supplemental Data": "-", "Interest Paid Supplemental Data": "-", "Capital Expenditure": "-28,368", "Issuance of Capital Stock": "0", "Issuance of Debt": "34,173", "Repayment of Debt": "-7,159", "Repurchase of Capital Stock": "-", "Free Cash Flow": "-19,209"}, "12/31/2019": {"Duration": "12/31/2019", "Operating Cash Flow": "34,150", "Investing Cash Flow": "-31,215", "Financing Cash Flow": "-3,546", "End Cash Position": "33,118", "Income Tax Paid Supplemental Data": "-", "Interest Paid Supplemental Data": "-", "Capital Expenditure": "-31,215", "Issuance of Capital Stock": "0", "Issuance of Debt": "40,000", "Repayment of Debt": "-42,553", "Repurchase of Capital Stock": "-", "Free Cash Flow": "2,935"}, "12/31/2018": {"Duration": "12/31/2018", "Operating Cash Flow": "7,098", "Investing Cash Flow": "-29,790", "Financing Cash Flow": "3,808", "End Cash Position": "33,854", "Income Tax Paid Supplemental Data": "3,260", "Interest Paid Supplemental Data": "5,731", "Capital Expenditure": "-29,790", "Issuance of Capital Stock": "46,999", "Issuance of Debt": "0", "Repayment of Debt": "-40,807", "Repurchase of Capital Stock": "0", "Free Cash Flow": "-22,692"}}}}, {"CRR": {"fin": {}, "bs": {}, "cf": {}}}, {"PKD": {"fin": {}, "bs": {}, "cf": {}}}, {"CKH": {"fin": {"TTM": {"Duration": "TTM", "Total Revenue": "753,826", "Cost of Revenue": "618,593", "Gross Profit": "135,233", "Operating Expense": "113,313", "Operating Income": "21,920", "Net Non Operating Interest Income Expense": "-9,756", "Other Income Expense": "14,228", "Pretax Income": "26,392", "Tax Provision": "-7,122", "Earnings from Equity Interest Net of Tax": "-10,183", "Net Income Common Stockholders": "23,311", "Average Dilution Earnings": "1,120", "Diluted NI Available to Com Stockholders": "24,431", "Basic EPS": "-", "Diluted EPS": "-", "Basic Average Shares": "-", "Diluted Average Shares": "-", "Total Operating Income as Reported": "32,655", "Total Expenses": "731,906", "Interest Income": "6,193", "Interest Expense": "15,949", "Net Interest Income": "-9,756", "Net Income from Continuing & Discontinued Operation": "23,311", "Normalized Income": "15,183", "EBIT": "42,341", "EBITDA": "157,626", "Reconciled Cost of Revenue": "618,593", "Reconciled Depreciation": "115,285", "Net Income from Continuing Operation Net Minority Interest": "23,311", "Total Unusual Items Excluding Goodwill": "11,134", "Total Unusual Items": "11,134", "Normalized EBITDA": "146,492", "Tax Rate for Calcs": "0", "Tax Effect of Unusual Items": "3,006"}, "12/31/2020": {"Duration": "12/31/2020", "Total Revenue": "753,826", "Cost of Revenue": "618,593", "Gross Profit": "135,233", "Operating Expense": "113,313", "Operating Income": "21,920", "Net Non Operating Interest Income Expense": "-9,756", "Other Income Expense": "14,228", "Pretax Income": "26,392", "Tax Provision": "-7,122", "Earnings from Equity Interest Net of Tax": "-10,183", "Net Income Common Stockholders": "23,311", "Average Dilution Earnings": "1,120", "Diluted NI Available to Com Stockholders": "24,431", "Basic EPS": "-", "Diluted EPS": "-", "Basic Average Shares": "-", "Diluted Average Shares": "-", "Total Operating Income as Reported": "32,655", "Total Expenses": "731,906", "Interest Income": "6,193", "Interest Expense": "15,949", "Net Interest Income": "-9,756", "Net Income from Continuing & Discontinued Operation": "23,311", "Normalized Income": "15,183", "EBIT": "42,341", "EBITDA": "-", "Reconciled Cost of Revenue": "618,593", "Reconciled Depreciation": "115,285", "Net Income from Continuing Operation Net Minority Interest": "23,311", "Total Unusual Items Excluding Goodwill": "11,134", "Total Unusual Items": "11,134", "Normalized EBITDA": "146,492", "Tax Rate for Calcs": "0", "Tax Effect of Unusual Items": "3,006"}, "12/31/2019": {"Duration": "12/31/2019", "Total Revenue": "799,966", "Cost of Revenue": "652,204", "Gross Profit": "147,762", "Operating Expense": "105,517", "Operating Income": "42,245", "Net Non Operating Interest Income Expense": "-11,762", "Other Income Expense": "18,614", "Pretax Income": "49,097", "Tax Provision": "9,829", "Earnings from Equity Interest Net of Tax": "-5,250", "Net Income Common Stockholders": "26,774", "Average Dilution Earnings": "1,273", "Diluted NI Available to Com Stockholders": "28,047", "Basic EPS": "1.41", "Diluted EPS": "1.38", "Basic Average Shares": "18,950", "Diluted Average Shares": "20,306", "Total Operating Income as Reported": "45,155", "Total Expenses": "757,721", "Interest Income": "7,471", "Interest Expense": "19,233", "Net Interest Income": "-11,762", "Net Income from Continuing & Discontinued Operation": "26,774", "Normalized Income": "11,776", "EBIT": "68,330", "EBITDA": "-", "Reconciled Cost of Revenue": "652,204", "Reconciled Depreciation": "111,434", "Net Income from Continuing Operation Net Minority Interest": "26,774", "Total Unusual Items Excluding Goodwill": "18,748", "Total Unusual Items": "18,748", "Normalized EBITDA": "161,016", "Tax Rate for Calcs": "0", "Tax Effect of Unusual Items": "3,750"}, "12/31/2018": {"Duration": "12/31/2018", "Total Revenue": "835,750", "Cost of Revenue": "666,427", "Gross Profit": "169,323", "Operating Expense": "102,907", "Operating Income": "66,416", "Net Non Operating Interest Income Expense": "-22,953", "Other Income Expense": "48,226", "Pretax Income": "91,689", "Tax Provision": "8,415", "Earnings from Equity Interest Net of Tax": "-72", "Net Income Common Stockholders": "58,148", "Average Dilution Earnings": "1,273", "Diluted NI Available to Com Stockholders": "59,421", "Basic EPS": "3.22", "Diluted EPS": "3.04", "Basic Average Shares": "18,081", "Diluted Average Shares": "19,576", "Total Operating Income as Reported": "85,999", "Total Expenses": "769,334", "Interest Income": "8,730", "Interest Expense": "31,683", "Net Interest Income": "-22,953", "Net Income from Continuing & Discontinued Operation": "58,148", "Normalized Income": "64,266", "EBIT": "123,372", "EBITDA": "-", "Reconciled Cost of Revenue": "666,427", "Reconciled Depreciation": "74,579", "Net Income from Continuing Operation Net Minority Interest": "58,148", "Total Unusual Items Excluding Goodwill": "-6,738", "Total Unusual Items": "-6,738", "Normalized EBITDA": "204,689", "Tax Rate for Calcs": "0", "Tax Effect of Unusual Items": "-619.896"}}, "bs": {"12/31/2020": {"Duration": "12/31/2020", "Total Assets": "1,532,104", "Total Liabilities Net Minority Interest": "686,687", "Total Equity Gross Minority Interest": "845,417", "Total Capitalization": "1,108,816", "Common Stock Equity": "844,611", "Capital Lease Obligations": "117,018", "Net Tangible Assets": "791,811", "Working Capital": "221,977", "Invested Capital": "1,121,655", "Tangible Book Value": "791,811", "Total Debt": "394,062", "Net Debt": "211,341", "Share Issued": "41,114", "Ordinary Shares Number": "20,473", "Treasury Shares Number": "20,641"}, "12/31/2019": {"Duration": "12/31/2019", "Total Assets": "1,512,972", "Total Liabilities Net Minority Interest": "700,458", "Total Equity Gross Minority Interest": "812,514", "Total Capitalization": "1,067,338", "Common Stock Equity": "811,726", "Capital Lease Obligations": "144,306", "Net Tangible Assets": "758,029", "Working Capital": "121,548", "Invested Capital": "1,126,192", "Tangible Book Value": "758,029", "Total Debt": "458,772", "Net Debt": "237,244", "Share Issued": "40,820", "Ordinary Shares Number": "20,176", "Treasury Shares Number": "20,644"}, "12/31/2018": {"Duration": "12/31/2018", "Total Assets": "1,471,024", "Total Liabilities Net Minority Interest": "617,182", "Total Equity Gross Minority Interest": "853,842", "Total Capitalization": "1,050,282", "Common Stock Equity": "704,154", "Capital Lease Obligations": "-", "Net Tangible Assets": "646,895", "Working Capital": "274,386", "Invested Capital": "1,058,779", "Tangible Book Value": "646,895", "Total Debt": "354,625", "Net Debt": "210,404", "Share Issued": "39,002", "Ordinary Shares Number": "18,330", "Treasury Shares Number": "20,672"}}, "cf": {"TTM": {"Duration": "TTM", "Operating Cash Flow": "37,583", "Investing Cash Flow": "-34,626", "Financing Cash Flow": "-14,687", "Cash Flow from Discontinued Operation": "-", "End Cash Position": "65,703", "Capital Expenditure": "-31,525", "Issuance of Debt": "53,662", "Repayment of Debt": "-72,633", "Repurchase of Capital Stock": "-1,961", "Free Cash Flow": "6,058"}, "12/31/2020": {"Duration": "12/31/2020", "Operating Cash Flow": "37,583", "Investing Cash Flow": "-34,626", "Financing Cash Flow": "-14,687", "Cash Flow from Discontinued Operation": "-", "End Cash Position": "65,703", "Capital Expenditure": "-31,525", "Issuance of Debt": "53,662", "Repayment of Debt": "-72,633", "Repurchase of Capital Stock": "-1,961", "Free Cash Flow": "6,058"}, "12/31/2019": {"Duration": "12/31/2019", "Operating Cash Flow": "119,273", "Investing Cash Flow": "-32,568", "Financing Cash Flow": "-155,471", "Cash Flow from Discontinued Operation": "-", "End Cash Position": "77,222", "Capital Expenditure": "-37,786", "Issuance of Debt": "120,740", "Repayment of Debt": "-169,625", "Repurchase of Capital Stock": "-525", "Free Cash Flow": "81,487"}, "12/31/2018": {"Duration": "12/31/2018", "Operating Cash Flow": "49,428", "Investing Cash Flow": "80,492", "Financing Cash Flow": "-224,799", "Cash Flow from Discontinued Operation": "0", "End Cash Position": "144,221", "Capital Expenditure": "-50,272", "Issuance of Debt": "-", "Repayment of Debt": "-228,036", "Repurchase of Capital Stock": "0", "Free Cash Flow": "-844"}}}}, {"DPDW": {"fin": {"TTM": {"Duration": "TTM", "Total Revenue": "12,977", "Cost of Revenue": "8,062", "Gross Profit": "4,915", "Operating Expense": "10,952", "Operating Income": "-6,037", "Net Non Operating Interest Income Expense": "-", "Other Income Expense": "-7", "Pretax Income": "-6,044", "Tax Provision": "13", "Net Income Common Stockholders": "-6,057", "Diluted NI Available to Com Stockholders": "-6,057", "Basic EPS": "-", "Diluted EPS": "-", "Basic Average Shares": "-", "Diluted Average Shares": "-", "Total Operating Income as Reported": "-6,037", "Total Expenses": "19,014", "Net Interest Income": "-", "Net Income from Continuing & Discontinued Operation": "-6,057", "Normalized Income": "-6,057", "EBIT": "-6,037", "EBITDA": "-6,037", "Reconciled Cost of Revenue": "8,062", "Reconciled Depreciation": "-", "Net Income from Continuing Operation Net Minority Interest": "-6,057", "Total Unusual Items Excluding Goodwill": "-", "Total Unusual Items": "-", "Normalized EBITDA": "-6,037", "Tax Rate for Calcs": "0", "Tax Effect of Unusual Items": "0"}, "12/31/2020": {"Duration": "12/31/2020", "Total Revenue": "12,977", "Cost of Revenue": "8,062", "Gross Profit": "4,915", "Operating Expense": "10,952", "Operating Income": "-6,037", "Net Non Operating Interest Income Expense": "-", "Other Income Expense": "-7", "Pretax Income": "-6,044", "Tax Provision": "13", "Net Income Common Stockholders": "-6,057", "Diluted NI Available to Com Stockholders": "-6,057", "Basic EPS": "-", "Diluted EPS": "-", "Basic Average Shares": "-", "Diluted Average Shares": "-", "Total Operating Income as Reported": "-6,037", "Total Expenses": "19,014", "Net Interest Income": "-", "Net Income from Continuing & Discontinued Operation": "-6,057", "Normalized Income": "-6,057", "EBIT": "-6,037", "EBITDA": "-", "Reconciled Cost of Revenue": "8,062", "Reconciled Depreciation": "-", "Net Income from Continuing Operation Net Minority Interest": "-6,057", "Total Unusual Items Excluding Goodwill": "-", "Total Unusual Items": "-", "Normalized EBITDA": "-6,037", "Tax Rate for Calcs": "0", "Tax Effect of Unusual Items": "0"}, "12/31/2019": {"Duration": "12/31/2019", "Total Revenue": "18,915", "Cost of Revenue": "12,118", "Gross Profit": "6,797", "Operating Expense": "9,202", "Operating Income": "-2,405", "Net Non Operating Interest Income Expense": "12", "Other Income Expense": "-389", "Pretax Income": "-2,782", "Tax Provision": "-8", "Net Income Common Stockholders": "-2,774", "Diluted NI Available to Com Stockholders": "-2,774", "Basic EPS": "-0.21", "Diluted EPS": "-0.21", "Basic Average Shares": "13,386", "Diluted Average Shares": "13,386", "Total Operating Income as Reported": "-2,801", "Total Expenses": "21,320", "Net Interest Income": "12", "Net Income from Continuing & Discontinued Operation": "-2,774", "Normalized Income": "-2,386", "EBIT": "-2,405", "EBITDA": "-", "Reconciled Cost of Revenue": "11,013", "Reconciled Depreciation": "1,381", "Net Income from Continuing Operation Net Minority Interest": "-2,774", "Total Unusual Items Excluding Goodwill": "-389", "Total Unusual Items": "-389", "Normalized EBITDA": "-635", "Tax Rate for Calcs": "0", "Tax Effect of Unusual Items": "-1.1281"}, "12/31/2018": {"Duration": "12/31/2018", "Total Revenue": "16,175", "Cost of Revenue": "11,393", "Gross Profit": "4,782", "Operating Expense": "8,100", "Operating Income": "-3,318", "Net Non Operating Interest Income Expense": "35", "Other Income Expense": "-1,451", "Pretax Income": "-4,734", "Tax Provision": "8", "Net Income Common Stockholders": "-4,742", "Diluted NI Available to Com Stockholders": "-4,742", "Basic EPS": "-0.35", "Diluted EPS": "-0.35", "Basic Average Shares": "13,553", "Diluted Average Shares": "13,553", "Total Operating Income as Reported": "-5,208", "Total Expenses": "19,493", "Net Interest Income": "35", "Net Income from Continuing & Discontinued Operation": "-4,742", "Normalized Income": "-3,683", "EBIT": "-3,318", "EBITDA": "-", "Reconciled Cost of Revenue": "9,803", "Reconciled Depreciation": "1,872", "Net Income from Continuing Operation Net Minority Interest": "-4,742", "Total Unusual Items Excluding Goodwill": "-1,451", "Total Unusual Items": "-1,451", "Normalized EBITDA": "5", "Tax Rate for Calcs": "0", "Tax Effect of Unusual Items": "-391.77"}}, "bs": {"12/31/2020": {"Duration": "12/31/2020", "Total Assets": "14,939", "Total Liabilities Net Minority Interest": "7,041", "Total Equity Gross Minority Interest": "7,898", "Total Capitalization": "8,146", "Common Stock Equity": "7,898", "Capital Lease Obligations": "-", "Net Tangible Assets": "7,898", "Working Capital": "4,080", "Invested Capital": "248", "Tangible Book Value": "7,898", "Total Debt": "248", "Share Issued": "12,389", "Ordinary Shares Number": "12,389", "Treasury Shares Number": "-"}, "12/31/2019": {"Duration": "12/31/2019", "Total Assets": "21,551", "Total Liabilities Net Minority Interest": "7,188", "Total Equity Gross Minority Interest": "14,363", "Total Capitalization": "14,363", "Common Stock Equity": "14,363", "Capital Lease Obligations": "4,361", "Net Tangible Assets": "14,313", "Working Capital": "4,939", "Invested Capital": "14,363", "Tangible Book Value": "14,313", "Total Debt": "4,361", "Share Issued": "15,906", "Ordinary Shares Number": "13,285", "Treasury Shares Number": "2,621"}, "12/31/2018": {"Duration": "12/31/2018", "Total Assets": "20,120", "Total Liabilities Net Minority Interest": "3,011", "Total Equity Gross Minority Interest": "17,109", "Total Capitalization": "17,156", "Common Stock Equity": "17,109", "Capital Lease Obligations": "-", "Net Tangible Assets": "17,053", "Working Capital": "7,026", "Invested Capital": "17,165", "Tangible Book Value": "17,053", "Total Debt": "56", "Share Issued": "15,706", "Ordinary Shares Number": "13,679", "Treasury Shares Number": "2,027"}}, "cf": {"TTM": {"Duration": "TTM", "Operating Cash Flow": "-", "Investing Cash Flow": "-", "Financing Cash Flow": "-", "End Cash Position": "-", "Capital Expenditure": "-", "Repayment of Debt": "-", "Repurchase of Capital Stock": "-", "Free Cash Flow": "-"}, "12/31/2019": {"Duration": "12/31/2019", "Operating Cash Flow": "237", "Investing Cash Flow": "1,549", "Financing Cash Flow": "-278", "End Cash Position": "3,523", "Capital Expenditure": "-91", "Repayment of Debt": "-56", "Repurchase of Capital Stock": "-222", "Free Cash Flow": "146"}, "12/31/2018": {"Duration": "12/31/2018", "Operating Cash Flow": "-1,545", "Investing Cash Flow": "-346", "Financing Cash Flow": "-33", "End Cash Position": "2,015", "Capital Expenditure": "-882", "Repayment of Debt": "-11", "Repurchase of Capital Stock": "-22", "Free Cash Flow": "-2,427"}}}}, {"KEG": {"fin": {}, "bs": {}, "cf": {}}}, {"EMES": {"fin": {}, "bs": {}, "cf": {}}}, {"SPN": {"fin": {}, "bs": {}, "cf": {}}}, {"ESES": {"fin": {}, "bs": {}, "cf": {}}}, {"PFIE": {"fin": {"TTM": {"Duration": "TTM", "Total Revenue": "21,459", "Cost of Revenue": "12,599", "Gross Profit": "8,860", "Operating Expense": "11,940", "Operating Income": "-3,080", "Net Non Operating Interest Income Expense": "181.254", "Other Income Expense": "239.793", "Pretax Income": "-2,659", "Tax Provision": "-483.567", "Net Income Common Stockholders": "-2,176", "Average Dilution Earnings": "0", "Diluted NI Available to Com Stockholders": "-2,176", "Basic EPS": "-", "Diluted EPS": "-", "Basic Average Shares": "-", "Diluted Average Shares": "-", "Total Operating Income as Reported": "-3,080", "Total Expenses": "24,539", "Net Income from Continuing & Discontinued Operation": "-2,176", "Normalized Income": "-2,427", "Interest Income": "181.254", "Net Interest Income": "181.254", "EBIT": "-3,080", "EBITDA": "-1,904", "Reconciled Cost of Revenue": "12,599", "Reconciled Depreciation": "1,177", "Net Income from Continuing Operation Net Minority Interest": "-2,176", "Total Unusual Items Excluding Goodwill": "306.871", "Total Unusual Items": "306.871", "Normalized EBITDA": "-2,210", "Tax Rate for Calcs": "0", "Tax Effect of Unusual Items": "55.8505"}, "12/31/2020": {"Duration": "12/31/2020", "Total Revenue": "21,459", "Cost of Revenue": "12,599", "Gross Profit": "8,860", "Operating Expense": "11,940", "Operating Income": "-3,080", "Net Non Operating Interest Income Expense": "181.254", "Other Income Expense": "239.793", "Pretax Income": "-2,659", "Tax Provision": "-483.567", "Net Income Common Stockholders": "-2,176", "Average Dilution Earnings": "0", "Diluted NI Available to Com Stockholders": "-2,176", "Basic EPS": "-", "Diluted EPS": "-", "Basic Average Shares": "-", "Diluted Average Shares": "-", "Total Operating Income as Reported": "-3,080", "Total Expenses": "24,539", "Net Income from Continuing & Discontinued Operation": "-2,176", "Normalized Income": "-2,427", "Interest Income": "181.254", "Net Interest Income": "181.254", "EBIT": "-3,080", "EBITDA": "-", "Reconciled Cost of Revenue": "12,599", "Reconciled Depreciation": "1,177", "Net Income from Continuing Operation Net Minority Interest": "-2,176", "Total Unusual Items Excluding Goodwill": "306.871", "Total Unusual Items": "306.871", "Normalized EBITDA": "-2,210", "Tax Rate for Calcs": "0", "Tax Effect of Unusual Items": "55.8505"}, "12/31/2019": {"Duration": "12/31/2019", "Total Revenue": "38,981", "Cost of Revenue": "20,430", "Gross Profit": "18,552", "Operating Expense": "15,387", "Operating Income": "3,164", "Net Non Operating Interest Income Expense": "283.476", "Other Income Expense": "119.685", "Pretax Income": "3,568", "Tax Provision": "1,546", "Net Income Common Stockholders": "2,021", "Average Dilution Earnings": "-", "Diluted NI Available to Com Stockholders": "2,021", "Basic EPS": "0.04", "Diluted EPS": "0.04", "Basic Average Shares": "47,491", "Diluted Average Shares": "48,134", "Total Operating Income as Reported": "3,164", "Total Expenses": "35,817", "Net Income from Continuing & Discontinued Operation": "2,021", "Normalized Income": "1,938", "Interest Income": "283.476", "Net Interest Income": "283.476", "EBIT": "3,164", "EBITDA": "-", "Reconciled Cost of Revenue": "20,430", "Reconciled Depreciation": "1,467", "Net Income from Continuing Operation Net Minority Interest": "2,021", "Total Unusual Items Excluding Goodwill": "114.641", "Total Unusual Items": "114.641", "Normalized EBITDA": "4,517", "Tax Rate for Calcs": "0", "Tax Effect of Unusual Items": "30.9531"}, "12/31/2018": {"Duration": "12/31/2018", "Total Revenue": "45,615", "Cost of Revenue": "23,214", "Gross Profit": "22,401", "Operating Expense": "14,427", "Operating Income": "7,974", "Net Non Operating Interest Income Expense": "501.429", "Other Income Expense": "122.575", "Pretax Income": "8,598", "Tax Provision": "2,517", "Net Income Common Stockholders": "6,081", "Average Dilution Earnings": "0", "Diluted NI Available to Com Stockholders": "6,081", "Basic EPS": "0.13", "Diluted EPS": "0.12", "Basic Average Shares": "48,471", "Diluted Average Shares": "49,222", "Total Operating Income as Reported": "7,974", "Total Expenses": "37,641", "Net Income from Continuing & Discontinued Operation": "6,081", "Normalized Income": "5,989", "Interest Income": "501.429", "Net Interest Income": "501.429", "EBIT": "7,974", "EBITDA": "-", "Reconciled Cost of Revenue": "23,214", "Reconciled Depreciation": "896.681", "Net Income from Continuing Operation Net Minority Interest": "6,081", "Total Unusual Items Excluding Goodwill": "129.989", "Total Unusual Items": "129.989", "Normalized EBITDA": "8,741", "Tax Rate for Calcs": "0", "Tax Effect of Unusual Items": "38.0868"}}, "bs": {"12/31/2020": {"Duration": "12/31/2020", "Total Assets": "48,323", "Total Liabilities Net Minority Interest": "2,951", "Total Equity Gross Minority Interest": "45,372", "Total Capitalization": "45,372", "Common Stock Equity": "45,372", "Capital Lease Obligations": "52.12", "Net Tangible Assets": "41,021", "Working Capital": "23,420", "Invested Capital": "45,372", "Tangible Book Value": "41,021", "Total Debt": "52.12", "Share Issued": "51,385", "Ordinary Shares Number": "47,973", "Preferred Shares Number": "10,000", "Treasury Shares Number": "3,412"}, "12/31/2019": {"Duration": "12/31/2019", "Total Assets": "52,248", "Total Liabilities Net Minority Interest": "5,677", "Total Equity Gross Minority Interest": "46,572", "Total Capitalization": "46,572", "Common Stock Equity": "46,572", "Capital Lease Obligations": "111.496", "Net Tangible Assets": "42,002", "Working Capital": "22,915", "Invested Capital": "46,572", "Tangible Book Value": "42,002", "Total Debt": "111.496", "Share Issued": "50,824", "Ordinary Shares Number": "47,412", "Preferred Shares Number": "10,000", "Treasury Shares Number": "3,412"}, "12/31/2018": {"Duration": "12/31/2018", "Total Assets": "49,363", "Total Liabilities Net Minority Interest": "4,107", "Total Equity Gross Minority Interest": "45,256", "Total Capitalization": "45,256", "Common Stock Equity": "45,256", "Capital Lease Obligations": "-", "Net Tangible Assets": "43,828", "Working Capital": "27,744", "Invested Capital": "45,256", "Tangible Book Value": "43,828", "Total Debt": "-", "Share Issued": "49,708", "Ordinary Shares Number": "47,932", "Preferred Shares Number": "10,000", "Treasury Shares Number": "1,776"}}, "cf": {"TTM": {"Duration": "TTM", "Operating Cash Flow": "264.4", "Investing Cash Flow": "1,767", "Financing Cash Flow": "-210.435", "End Cash Position": "9,148", "Income Tax Paid Supplemental Data": "402.51", "Interest Paid Supplemental Data": "6.09", "Capital Expenditure": "-1,547", "Repayment of Debt": "-57.796", "Repurchase of Capital Stock": "0", "Free Cash Flow": "-1,283"}, "12/31/2020": {"Duration": "12/31/2020", "Operating Cash Flow": "264.4", "Investing Cash Flow": "1,767", "Financing Cash Flow": "-210.435", "End Cash Position": "9,148", "Income Tax Paid Supplemental Data": "402.51", "Interest Paid Supplemental Data": "6.09", "Capital Expenditure": "-1,547", "Repayment of Debt": "-57.796", "Repurchase of Capital Stock": "0", "Free Cash Flow": "-1,283"}, "12/31/2019": {"Duration": "12/31/2019", "Operating Cash Flow": "7,713", "Investing Cash Flow": "-7,437", "Financing Cash Flow": "-3,050", "End Cash Position": "7,359", "Income Tax Paid Supplemental Data": "1,793", "Interest Paid Supplemental Data": "6.497", "Capital Expenditure": "-4,665", "Repayment of Debt": "-73.628", "Repurchase of Capital Stock": "-2,744", "Free Cash Flow": "3,049"}, "12/31/2018": {"Duration": "12/31/2018", "Operating Cash Flow": "5,553", "Investing Cash Flow": "-1,568", "Financing Cash Flow": "-5,233", "End Cash Position": "10,102", "Income Tax Paid Supplemental Data": "2,164", "Interest Paid Supplemental Data": "0", "Capital Expenditure": "-1,928", "Repayment of Debt": "-", "Repurchase of Capital Stock": "-4,670", "Free Cash Flow": "3,625"}}}}, {"ENGT": {"fin": {"TTM": {"Duration": "TTM", "Total Revenue": "3,040", "Cost of Revenue": "2,261", "Gross Profit": "778.845", "Operating Expense": "1,262", "Operating Income": "-483.353", "Net Non Operating Interest Income Expense": "-204.298", "Other Income Expense": "77.606", "Pretax Income": "-610.045", "Tax Provision": "0", "Net Income Common Stockholders": "-610.045", "Diluted NI Available to Com Stockholders": "-610.045", "Basic EPS": "-", "Diluted EPS": "-", "Basic Average Shares": "-", "Diluted Average Shares": "-", "Total Operating Income as Reported": "-483.353", "Total Expenses": "3,523", "Net Income from Continuing & Discontinued Operation": "-610.045", "Normalized Income": "-610.045", "Interest Income": "-", "Interest Expense": "204.423", "Net Interest Income": "-204.298", "EBIT": "-405.622", "EBITDA": "-134.032", "Reconciled Cost of Revenue": "2,098", "Reconciled Depreciation": "271.59", "Net Income from Continuing Operation Net Minority Interest": "-610.045", "Total Unusual Items Excluding Goodwill": "-", "Total Unusual Items": "-", "Normalized EBITDA": "-134.032", "Tax Rate for Calcs": "0", "Tax Effect of Unusual Items": "0"}}, "bs": {}, "cf": {"TTM": {"Duration": "TTM", "Operating Cash Flow": "-131.221", "Investing Cash Flow": "-119.631", "Financing Cash Flow": "202.551", "End Cash Position": "117.106", "Income Tax Paid Supplemental Data": "0", "Interest Paid Supplemental Data": "18.189", "Capital Expenditure": "-13.71", "Issuance of Debt": "-", "Free Cash Flow": "-144.931"}}}}, {"FTK": {"fin": {"TTM": {"Duration": "TTM", "Total Revenue": "53,141", "Cost of Revenue": "91,678", "Gross Profit": "-38,537", "Operating Expense": "23,524", "Operating Income": "-62,061", "Net Non Operating Interest Income Expense": "-60", "Other Income Expense": "-80,508", "Pretax Income": "-142,629", "Tax Provision": "-6,179", "Net Income Common Stockholders": "-136,450", "Diluted NI Available to Com Stockholders": "-136,450", "Basic EPS": "-", "Diluted EPS": "-", "Basic Average Shares": "-", "Diluted Average Shares": "-", "Total Operating Income as Reported": "-143,648", "Total Expenses": "115,202", "Net Income from Continuing & Discontinued Operation": "-136,450", "Normalized Income": "-58,922", "Interest Expense": "60", "Net Interest Income": "-60", "EBIT": "-142,569", "EBITDA": "-139,157", "Reconciled Cost of Revenue": "91,678", "Reconciled Depreciation": "3,412", "Net Income from Continuing Operation Net Minority Interest": "-136,450", "Total Unusual Items Excluding Goodwill": "-81,011", "Total Unusual Items": "-81,011", "Normalized EBITDA": "-58,146", "Tax Rate for Calcs": "0", "Tax Effect of Unusual Items": "-3,483"}, "12/31/2020": {"Duration": "12/31/2020", "Total Revenue": "53,141", "Cost of Revenue": "91,678", "Gross Profit": "-38,537", "Operating Expense": "23,524", "Operating Income": "-62,061", "Net Non Operating Interest Income Expense": "-60", "Other Income Expense": "-80,508", "Pretax Income": "-142,629", "Tax Provision": "-6,179", "Net Income Common Stockholders": "-136,450", "Diluted NI Available to Com Stockholders": "-136,450", "Basic EPS": "-2.00", "Diluted EPS": "-2.00", "Basic Average Shares": "68,312", "Diluted Average Shares": "68,312", "Total Operating Income as Reported": "-143,648", "Total Expenses": "115,202", "Net Income from Continuing & Discontinued Operation": "-136,450", "Normalized Income": "-58,922", "Interest Expense": "60", "Net Interest Income": "-60", "EBIT": "-142,569", "EBITDA": "-", "Reconciled Cost of Revenue": "91,678", "Reconciled Depreciation": "3,412", "Net Income from Continuing Operation Net Minority Interest": "-136,450", "Total Unusual Items Excluding Goodwill": "-81,011", "Total Unusual Items": "-81,011", "Normalized EBITDA": "-58,146", "Tax Rate for Calcs": "0", "Tax Effect of Unusual Items": "-3,483"}, "12/31/2019": {"Duration": "12/31/2019", "Total Revenue": "119,353", "Cost of Revenue": "157,690", "Gross Profit": "-38,337", "Operating Expense": "36,838", "Operating Income": "-75,175", "Net Non Operating Interest Income Expense": "-2,019", "Other Income Expense": "258", "Pretax Income": "-76,936", "Tax Provision": "-201", "Net Income Common Stockholders": "-32,279", "Diluted NI Available to Com Stockholders": "-32,279", "Basic EPS": "-0.55", "Diluted EPS": "-0.55", "Basic Average Shares": "58,750", "Diluted Average Shares": "58,750", "Total Operating Income as Reported": "-76,625", "Total Expenses": "194,528", "Net Income from Continuing & Discontinued Operation": "-32,279", "Normalized Income": "-75,289", "Interest Expense": "2,019", "Net Interest Income": "-2,019", "EBIT": "-74,917", "EBITDA": "-", "Reconciled Cost of Revenue": "157,690", "Reconciled Depreciation": "8,465", "Net Income from Continuing Operation Net Minority Interest": "-76,735", "Total Unusual Items Excluding Goodwill": "-1,450", "Total Unusual Items": "-1,450", "Normalized EBITDA": "-65,002", "Tax Rate for Calcs": "0", "Tax Effect of Unusual Items": "-4.35"}, "12/31/2018": {"Duration": "12/31/2018", "Total Revenue": "177,773", "Cost of Revenue": "169,024", "Gross Profit": "8,749", "Operating Expense": "41,823", "Operating Income": "-33,074", "Net Non Operating Interest Income Expense": "-2,866", "Other Income Expense": "-44,717", "Pretax Income": "-80,657", "Tax Provision": "-7,216", "Net Income Common Stockholders": "-70,340", "Diluted NI Available to Com Stockholders": "-70,340", "Basic EPS": "-1.21", "Diluted EPS": "-1.21", "Basic Average Shares": "57,995", "Diluted Average Shares": "57,995", "Total Operating Income as Reported": "-69,811", "Total Expenses": "210,847", "Net Income from Continuing & Discontinued Operation": "-70,340", "Normalized Income": "-36,937", "Interest Expense": "2,866", "Net Interest Income": "-2,866", "EBIT": "-77,791", "EBITDA": "-", "Reconciled Cost of Revenue": "169,024", "Reconciled Depreciation": "9,216", "Net Income from Continuing Operation Net Minority Interest": "-73,083", "Total Unusual Items Excluding Goodwill": "-39,677", "Total Unusual Items": "-39,677", "Normalized EBITDA": "-28,898", "Tax Rate for Calcs": "0", "Tax Effect of Unusual Items": "-3,531"}}, "bs": {"12/31/2020": {"Duration": "12/31/2020", "Total Assets": "86,210", "Total Liabilities Net Minority Interest": "39,039", "Total Equity Gross Minority Interest": "47,171", "Total Capitalization": "48,788", "Common Stock Equity": "47,171", "Capital Lease Obligations": "9,140", "Net Tangible Assets": "39,079", "Working Capital": "37,594", "Invested Capital": "52,836", "Tangible Book Value": "39,079", "Total Debt": "14,805", "Net Debt": "-", "Share Issued": "78,669", "Ordinary Shares Number": "73,088", "Treasury Shares Number": "5,581"}, "12/31/2019": {"Duration": "12/31/2019", "Total Assets": "231,847", "Total Liabilities Net Minority Interest": "58,571", "Total Equity Gross Minority Interest": "173,276", "Total Capitalization": "173,276", "Common Stock Equity": "173,276", "Capital Lease Obligations": "17,672", "Net Tangible Assets": "150,193", "Working Capital": "111,071", "Invested Capital": "173,276", "Tangible Book Value": "150,193", "Total Debt": "17,672", "Net Debt": "-", "Share Issued": "62,028", "Ordinary Shares Number": "57,882", "Treasury Shares Number": "4,145"}, "12/31/2018": {"Duration": "12/31/2018", "Total Assets": "285,883", "Total Liabilities Net Minority Interest": "84,259", "Total Equity Gross Minority Interest": "201,624", "Total Capitalization": "201,624", "Common Stock Equity": "201,624", "Capital Lease Obligations": "-", "Net Tangible Assets": "174,797", "Working Capital": "110,523", "Invested Capital": "251,355", "Tangible Book Value": "174,797", "Total Debt": "49,731", "Net Debt": "46,687", "Share Issued": "61,113", "Ordinary Shares Number": "57,342", "Treasury Shares Number": "3,770"}}, "cf": {"TTM": {"Duration": "TTM", "Operating Cash Flow": "-47,838", "Investing Cash Flow": "-17,701", "Financing Cash Flow": "3,727", "Cash Flow from Discontinued Operation": "-", "End Cash Position": "38,660", "Capital Expenditure": "-1,433", "Issuance of Capital Stock": "462", "Issuance of Debt": "4,788", "Repayment of Debt": "-70", "Repurchase of Capital Stock": "-253", "Free Cash Flow": "-49,271"}, "12/31/2020": {"Duration": "12/31/2020", "Operating Cash Flow": "-47,838", "Investing Cash Flow": "-17,701", "Financing Cash Flow": "3,727", "Cash Flow from Discontinued Operation": "-", "End Cash Position": "38,660", "Capital Expenditure": "-1,433", "Issuance of Capital Stock": "462", "Issuance of Debt": "4,788", "Repayment of Debt": "-70", "Repurchase of Capital Stock": "-253", "Free Cash Flow": "-49,271"}, "12/31/2019": {"Duration": "12/31/2019", "Operating Cash Flow": "-19,091", "Investing Cash Flow": "167,274", "Financing Cash Flow": "-49,994", "Cash Flow from Discontinued Operation": "-", "End Cash Position": "101,238", "Capital Expenditure": "-3,025", "Issuance of Capital Stock": "35", "Issuance of Debt": "42,984", "Repayment of Debt": "-92,766", "Repurchase of Capital Stock": "-247", "Free Cash Flow": "-22,116"}, "12/31/2018": {"Duration": "12/31/2018", "Operating Cash Flow": "-19,520", "Investing Cash Flow": "-3,412", "Financing Cash Flow": "21,480", "Cash Flow from Discontinued Operation": "-", "End Cash Position": "3,044", "Capital Expenditure": "-5,161", "Issuance of Capital Stock": "341", "Issuance of Debt": "277,599", "Repayment of Debt": "-255,818", "Repurchase of Capital Stock": "-173", "Free Cash Flow": "-24,681"}}}}, {"NGS": {"fin": {"TTM": {"Duration": "TTM", "Total Revenue": "68,055", "Cost of Revenue": "60,629", "Gross Profit": "7,426", "Operating Expense": "10,734", "Operating Income": "-3,308", "Net Non Operating Interest Income Expense": "-14", "Other Income Expense": "338", "Pretax Income": "-2,984", "Tax Provision": "-4,792", "Net Income Common Stockholders": "1,808", "Diluted NI Available to Com Stockholders": "1,808", "Basic EPS": "-", "Diluted EPS": "-", "Basic Average Shares": "-", "Diluted Average Shares": "-", "Total Operating Income as Reported": "-3,599", "Total Expenses": "71,363", "Net Income from Continuing & Discontinued Operation": "1,808", "Normalized Income": "2,020", "Interest Expense": "14", "Net Interest Income": "-14", "EBIT": "-2,970", "EBITDA": "22,228", "Reconciled Cost of Revenue": "60,629", "Reconciled Depreciation": "25,198", "Net Income from Continuing Operation Net Minority Interest": "1,808", "Total Unusual Items Excluding Goodwill": "-291", "Total Unusual Items": "-291", "Normalized EBITDA": "22,519", "Tax Rate for Calcs": "0", "Tax Effect of Unusual Items": "-78.57"}, "12/31/2020": {"Duration": "12/31/2020", "Total Revenue": "68,055", "Cost of Revenue": "60,629", "Gross Profit": "7,426", "Operating Expense": "10,734", "Operating Income": "-3,308", "Net Non Operating Interest Income Expense": "-14", "Other Income Expense": "338", "Pretax Income": "-2,984", "Tax Provision": "-4,792", "Net Income Common Stockholders": "1,808", "Diluted NI Available to Com Stockholders": "1,808", "Basic EPS": "-", "Diluted EPS": "-", "Basic Average Shares": "-", "Diluted Average Shares": "-", "Total Operating Income as Reported": "-3,599", "Total Expenses": "71,363", "Net Income from Continuing & Discontinued Operation": "1,808", "Normalized Income": "2,020", "Interest Expense": "14", "Net Interest Income": "-14", "EBIT": "-2,970", "EBITDA": "-", "Reconciled Cost of Revenue": "60,629", "Reconciled Depreciation": "25,198", "Net Income from Continuing Operation Net Minority Interest": "1,808", "Total Unusual Items Excluding Goodwill": "-291", "Total Unusual Items": "-291", "Normalized EBITDA": "22,519", "Tax Rate for Calcs": "0", "Tax Effect of Unusual Items": "-78.57"}, "12/31/2019": {"Duration": "12/31/2019", "Total Revenue": "78,444", "Cost of Revenue": "67,578", "Gross Profit": "10,866", "Operating Expense": "15,980", "Operating Income": "-5,114", "Net Non Operating Interest Income Expense": "-15", "Other Income Expense": "-9,428", "Pretax Income": "-14,557", "Tax Provision": "-693", "Net Income Common Stockholders": "-13,864", "Diluted NI Available to Com Stockholders": "-13,864", "Basic EPS": "-1.06", "Diluted EPS": "-1.06", "Basic Average Shares": "13,114", "Diluted Average Shares": "13,114", "Total Operating Income as Reported": "-15,153", "Total Expenses": "83,558", "Net Income from Continuing & Discontinued Operation": "-13,864", "Normalized Income": "-4,307", "Interest Expense": "15", "Net Interest Income": "-15", "EBIT": "-14,542", "EBITDA": "-", "Reconciled Cost of Revenue": "67,578", "Reconciled Depreciation": "23,268", "Net Income from Continuing Operation Net Minority Interest": "-13,864", "Total Unusual Items Excluding Goodwill": "-10,039", "Total Unusual Items": "-10,039", "Normalized EBITDA": "18,765", "Tax Rate for Calcs": "0", "Tax Effect of Unusual Items": "-481.872"}, "12/31/2018": {"Duration": "12/31/2018", "Total Revenue": "65,478", "Cost of Revenue": "55,744", "Gross Profit": "9,734", "Operating Expense": "9,096", "Operating Income": "638", "Net Non Operating Interest Income Expense": "-69", "Other Income Expense": "182", "Pretax Income": "751", "Tax Provision": "325", "Net Income Common Stockholders": "426", "Diluted NI Available to Com Stockholders": "426", "Basic EPS": "0.03", "Diluted EPS": "0.03", "Basic Average Shares": "12,965", "Diluted Average Shares": "13,233", "Total Operating Income as Reported": "638", "Total Expenses": "64,840", "Net Income from Continuing & Discontinued Operation": "426", "Normalized Income": "426", "Interest Expense": "69", "Net Interest Income": "-69", "EBIT": "820", "EBITDA": "-", "Reconciled Cost of Revenue": "55,744", "Reconciled Depreciation": "22,049", "Net Income from Continuing Operation Net Minority Interest": "426", "Total Unusual Items Excluding Goodwill": "-", "Total Unusual Items": "-", "Normalized EBITDA": "22,869", "Tax Rate for Calcs": "0", "Tax Effect of Unusual Items": "0"}}, "bs": {"12/31/2020": {"Duration": "12/31/2020", "Total Assets": "306,801", "Total Liabilities Net Minority Interest": "55,257", "Total Equity Gross Minority Interest": "251,544", "Total Capitalization": "251,544", "Common Stock Equity": "251,544", "Capital Lease Obligations": "483", "Net Tangible Assets": "250,393", "Working Capital": "61,857", "Invested Capital": "251,961", "Tangible Book Value": "250,393", "Total Debt": "900", "Share Issued": "13,252", "Ordinary Shares Number": "13,252", "Treasury Shares Number": "-"}, "12/31/2019": {"Duration": "12/31/2019", "Total Assets": "286,577", "Total Liabilities Net Minority Interest": "38,884", "Total Equity Gross Minority Interest": "247,693", "Total Capitalization": "247,693", "Common Stock Equity": "247,693", "Capital Lease Obligations": "604", "Net Tangible Assets": "246,417", "Working Capital": "36,907", "Invested Capital": "248,110", "Tangible Book Value": "246,417", "Total Debt": "1,021", "Share Issued": "13,178", "Ordinary Shares Number": "13,140", "Treasury Shares Number": "38"}, "12/31/2018": {"Duration": "12/31/2018", "Total Assets": "305,401", "Total Liabilities Net Minority Interest": "45,220", "Total Equity Gross Minority Interest": "260,181", "Total Capitalization": "260,598", "Common Stock Equity": "260,181", "Capital Lease Obligations": "-", "Net Tangible Assets": "248,741", "Working Capital": "85,453", "Invested Capital": "260,598", "Tangible Book Value": "248,741", "Total Debt": "417", "Share Issued": "13,005", "Ordinary Shares Number": "13,005", "Treasury Shares Number": "-"}}, "cf": {"TTM": {"Duration": "TTM", "Operating Cash Flow": "32,649", "Investing Cash Flow": "-15,159", "Financing Cash Flow": "-157", "End Cash Position": "28,925", "Income Tax Paid Supplemental Data": "105", "Interest Paid Supplemental Data": "14", "Capital Expenditure": "-15,257", "Repurchase of Capital Stock": "0", "Free Cash Flow": "17,392"}, "12/31/2020": {"Duration": "12/31/2020", "Operating Cash Flow": "32,649", "Investing Cash Flow": "-15,159", "Financing Cash Flow": "-157", "End Cash Position": "28,925", "Income Tax Paid Supplemental Data": "105", "Interest Paid Supplemental Data": "14", "Capital Expenditure": "-15,257", "Repurchase of Capital Stock": "0", "Free Cash Flow": "17,392"}, "12/31/2019": {"Duration": "12/31/2019", "Operating Cash Flow": "29,412", "Investing Cash Flow": "-70,175", "Financing Cash Flow": "-273", "End Cash Position": "11,592", "Income Tax Paid Supplemental Data": "275", "Interest Paid Supplemental Data": "39", "Capital Expenditure": "-69,938", "Repurchase of Capital Stock": "-490", "Free Cash Flow": "-40,526"}, "12/31/2018": {"Duration": "12/31/2018", "Operating Cash Flow": "23,414", "Investing Cash Flow": "-40,010", "Financing Cash Flow": "16", "End Cash Position": "52,628", "Income Tax Paid Supplemental Data": "85", "Interest Paid Supplemental Data": "14", "Capital Expenditure": "-39,790", "Repurchase of Capital Stock": "-", "Free Cash Flow": "-16,376"}}}}, {"HOS": {"fin": {}, "bs": {}, "cf": {}}}, {"SAEX": {"fin": {}, "bs": {}, "cf": {}}}, {"WFT": {"fin": {}, "bs": {}, "cf": {}}}, {"RES": {"fin": {"TTM": {"Duration": "TTM", "Total Revenue": "598,302", "Cost of Revenue": "480,739", "Gross Profit": "117,563", "Operating Expense": "219,228", "Operating Income": "-101,665", "Net Non Operating Interest Income Expense": "123", "Other Income Expense": "-207,889", "Pretax Income": "-309,431", "Tax Provision": "-97,239", "Net Income Common Stockholders": "-212,192", "Diluted NI Available to Com Stockholders": "-212,192", "Basic EPS": "-", "Diluted EPS": "-", "Basic Average Shares": "-", "Diluted Average Shares": "-", "Total Operating Income as Reported": "-309,635", "Total Expenses": "699,967", "Net Income from Continuing & Discontinued Operation": "-212,192", "Normalized Income": "-72,734", "Interest Income": "496", "Interest Expense": "373", "Net Interest Income": "123", "EBIT": "-309,058", "EBITDA": "-213,528", "Reconciled Cost of Revenue": "480,960", "Reconciled Depreciation": "95,309", "Net Income from Continuing Operation Net Minority Interest": "-212,192", "Total Unusual Items Excluding Goodwill": "-203,292", "Total Unusual Items": "-203,292", "Normalized EBITDA": "-10,236", "Tax Rate for Calcs": "0", "Tax Effect of Unusual Items": "-63,834"}, "12/31/2020": {"Duration": "12/31/2020", "Total Revenue": "598,302", "Cost of Revenue": "480,739", "Gross Profit": "117,563", "Operating Expense": "219,228", "Operating Income": "-101,665", "Net Non Operating Interest Income Expense": "123", "Other Income Expense": "-207,889", "Pretax Income": "-309,431", "Tax Provision": "-97,239", "Net Income Common Stockholders": "-212,192", "Diluted NI Available to Com Stockholders": "-212,192", "Basic EPS": "-", "Diluted EPS": "-", "Basic Average Shares": "-", "Diluted Average Shares": "-", "Total Operating Income as Reported": "-309,635", "Total Expenses": "699,967", "Net Income from Continuing & Discontinued Operation": "-212,192", "Normalized Income": "-72,734", "Interest Income": "496", "Interest Expense": "373", "Net Interest Income": "123", "EBIT": "-309,058", "EBITDA": "-", "Reconciled Cost of Revenue": "480,960", "Reconciled Depreciation": "95,309", "Net Income from Continuing Operation Net Minority Interest": "-212,192", "Total Unusual Items Excluding Goodwill": "-203,292", "Total Unusual Items": "-203,292", "Normalized EBITDA": "-10,236", "Tax Rate for Calcs": "0", "Tax Effect of Unusual Items": "-63,834"}, "12/31/2019": {"Duration": "12/31/2019", "Total Revenue": "1,222,409", "Cost of Revenue": "919,595", "Gross Profit": "302,814", "Operating Expense": "338,536", "Operating Income": "-35,722", "Net Non Operating Interest Income Expense": "1,572", "Other Income Expense": "-78,951", "Pretax Income": "-113,101", "Tax Provision": "-25,990", "Net Income Common Stockholders": "-87,445", "Diluted NI Available to Com Stockholders": "-87,445", "Basic EPS": "-0.41", "Diluted EPS": "-0.41", "Basic Average Shares": "212,221", "Diluted Average Shares": "212,221", "Total Operating Income as Reported": "-114,288", "Total Expenses": "1,258,131", "Net Income from Continuing & Discontinued Operation": "-87,111", "Normalized Income": "-26,648", "Interest Income": "1,906", "Interest Expense": "334", "Net Interest Income": "1,572", "EBIT": "-112,767", "EBITDA": "-", "Reconciled Cost of Revenue": "917,397", "Reconciled Depreciation": "172,607", "Net Income from Continuing Operation Net Minority Interest": "-87,111", "Total Unusual Items Excluding Goodwill": "-78,523", "Total Unusual Items": "-78,523", "Normalized EBITDA": "138,363", "Tax Rate for Calcs": "0", "Tax Effect of Unusual Items": "-18,060"}, "12/31/2018": {"Duration": "12/31/2018", "Total Revenue": "1,721,005", "Cost of Revenue": "1,183,048", "Gross Profit": "537,957", "Operating Expense": "331,271", "Operating Income": "206,686", "Net Non Operating Interest Income Expense": "1,937", "Other Income Expense": "12,657", "Pretax Income": "221,280", "Tax Provision": "45,878", "Net Income Common Stockholders": "173,563", "Diluted NI Available to Com Stockholders": "173,563", "Basic EPS": "0.82", "Diluted EPS": "0.82", "Basic Average Shares": "215,198", "Diluted Average Shares": "215,198", "Total Operating Income as Reported": "210,030", "Total Expenses": "1,514,319", "Net Income from Continuing & Discontinued Operation": "175,402", "Normalized Income": "172,750", "Interest Income": "2,426", "Interest Expense": "489", "Net Interest Income": "1,937", "EBIT": "221,769", "EBITDA": "-", "Reconciled Cost of Revenue": "1,179,379", "Reconciled Depreciation": "166,789", "Net Income from Continuing Operation Net Minority Interest": "175,402", "Total Unusual Items Excluding Goodwill": "3,344", "Total Unusual Items": "3,344", "Normalized EBITDA": "385,214", "Tax Rate for Calcs": "0", "Tax Effect of Unusual Items": "692.208"}}, "bs": {"12/31/2020": {"Duration": "12/31/2020", "Total Assets": "790,505", "Total Liabilities Net Minority Interest": "158,938", "Total Equity Gross Minority Interest": "631,567", "Total Capitalization": "631,567", "Common Stock Equity": "631,567", "Capital Lease Obligations": "30,282", "Net Tangible Assets": "599,417", "Working Capital": "348,794", "Invested Capital": "631,567", "Tangible Book Value": "599,417", "Total Debt": "30,282", "Share Issued": "214,951", "Ordinary Shares Number": "214,951"}, "12/31/2019": {"Duration": "12/31/2019", "Total Assets": "1,053,218", "Total Liabilities Net Minority Interest": "222,885", "Total Equity Gross Minority Interest": "830,333", "Total Capitalization": "830,333", "Common Stock Equity": "830,333", "Capital Lease Obligations": "39,003", "Net Tangible Assets": "798,183", "Working Capital": "335,456", "Invested Capital": "830,333", "Tangible Book Value": "798,183", "Total Debt": "39,003", "Share Issued": "214,423", "Ordinary Shares Number": "214,423"}, "12/31/2018": {"Duration": "12/31/2018", "Total Assets": "1,199,580", "Total Liabilities Net Minority Interest": "249,161", "Total Equity Gross Minority Interest": "950,419", "Total Capitalization": "950,419", "Common Stock Equity": "950,419", "Capital Lease Obligations": "-", "Net Tangible Assets": "918,269", "Working Capital": "475,701", "Invested Capital": "950,419", "Tangible Book Value": "918,269", "Total Debt": "-", "Share Issued": "214,544", "Ordinary Shares Number": "214,544"}}, "cf": {"TTM": {"Duration": "TTM", "Operating Cash Flow": "77,958", "Investing Cash Flow": "-42,659", "Financing Cash Flow": "-826", "End Cash Position": "84,496", "Capital Expenditure": "-65,065", "Issuance of Debt": "-", "Repayment of Debt": "-", "Repurchase of Capital Stock": "-826", "Free Cash Flow": "12,893"}, "12/31/2020": {"Duration": "12/31/2020", "Operating Cash Flow": "77,958", "Investing Cash Flow": "-42,659", "Financing Cash Flow": "-826", "End Cash Position": "84,496", "Capital Expenditure": "-65,065", "Issuance of Debt": "-", "Repayment of Debt": "-", "Repurchase of Capital Stock": "-826", "Free Cash Flow": "12,893"}, "12/31/2019": {"Duration": "12/31/2019", "Operating Cash Flow": "209,141", "Investing Cash Flow": "-235,788", "Financing Cash Flow": "-39,592", "End Cash Position": "50,023", "Capital Expenditure": "-250,629", "Issuance of Debt": "-", "Repayment of Debt": "-", "Repurchase of Capital Stock": "-7,361", "Free Cash Flow": "-41,488"}, "12/31/2018": {"Duration": "12/31/2018", "Operating Cash Flow": "389,009", "Investing Cash Flow": "-219,727", "Financing Cash Flow": "-144,070", "End Cash Position": "116,262", "Capital Expenditure": "-242,610", "Issuance of Debt": "-", "Repayment of Debt": "-", "Repurchase of Capital Stock": "-43,001", "Free Cash Flow": "146,399"}}}}, {"MDR": {"fin": {}, "bs": {}, "cf": {}}}, {"NR": {"fin": {"TTM": {"Duration": "TTM", "Total Revenue": "492,625", "Cost of Revenue": "473,258", "Gross Profit": "19,367", "Operating Expense": "83,274", "Operating Income": "-63,907", "Net Non Operating Interest Income Expense": "-10,986", "Other Income Expense": "-17,686", "Pretax Income": "-92,579", "Tax Provision": "-11,883", "Net Income Common Stockholders": "-80,696", "Diluted NI Available to Com Stockholders": "-80,696", "Basic EPS": "-", "Diluted EPS": "-", "Basic Average Shares": "-", "Diluted Average Shares": "-", "Total Operating Income as Reported": "-78,634", "Total Expenses": "556,532", "Net Income from Continuing & Discontinued Operation": "-80,696", "Normalized Income": "-65,280", "Interest Expense": "10,986", "Net Interest Income": "-10,986", "EBIT": "-81,593", "EBITDA": "-36,279", "Reconciled Cost of Revenue": "473,258", "Reconciled Depreciation": "45,314", "Net Income from Continuing Operation Net Minority Interest": "-80,696", "Total Unusual Items Excluding Goodwill": "-17,686", "Total Unusual Items": "-17,686", "Normalized EBITDA": "-18,593", "Tax Rate for Calcs": "0", "Tax Effect of Unusual Items": "-2,270"}, "12/31/2020": {"Duration": "12/31/2020", "Total Revenue": "492,625", "Cost of Revenue": "473,258", "Gross Profit": "19,367", "Operating Expense": "83,274", "Operating Income": "-63,907", "Net Non Operating Interest Income Expense": "-10,986", "Other Income Expense": "-17,686", "Pretax Income": "-92,579", "Tax Provision": "-11,883", "Net Income Common Stockholders": "-80,696", "Diluted NI Available to Com Stockholders": "-80,696", "Basic EPS": "-", "Diluted EPS": "-", "Basic Average Shares": "-", "Diluted Average Shares": "-", "Total Operating Income as Reported": "-78,634", "Total Expenses": "556,532", "Net Income from Continuing & Discontinued Operation": "-80,696", "Normalized Income": "-65,280", "Interest Expense": "10,986", "Net Interest Income": "-10,986", "EBIT": "-81,593", "EBITDA": "-", "Reconciled Cost of Revenue": "473,258", "Reconciled Depreciation": "45,314", "Net Income from Continuing Operation Net Minority Interest": "-80,696", "Total Unusual Items Excluding Goodwill": "-17,686", "Total Unusual Items": "-17,686", "Normalized EBITDA": "-18,593", "Tax Rate for Calcs": "0", "Tax Effect of Unusual Items": "-2,270"}, "12/31/2019": {"Duration": "12/31/2019", "Total Revenue": "820,119", "Cost of Revenue": "684,738", "Gross Profit": "135,381", "Operating Expense": "113,564", "Operating Income": "21,817", "Net Non Operating Interest Income Expense": "-14,369", "Other Income Expense": "-10,606", "Pretax Income": "-3,158", "Tax Provision": "9,788", "Net Income Common Stockholders": "-12,946", "Diluted NI Available to Com Stockholders": "-12,946", "Basic EPS": "-0.14", "Diluted EPS": "-0.14", "Basic Average Shares": "89,782", "Diluted Average Shares": "89,782", "Total Operating Income as Reported": "10,395", "Total Expenses": "798,302", "Net Income from Continuing & Discontinued Operation": "-12,946", "Normalized Income": "-5,204", "Interest Expense": "14,369", "Net Interest Income": "-14,369", "EBIT": "11,211", "EBITDA": "-", "Reconciled Cost of Revenue": "684,738", "Reconciled Depreciation": "47,144", "Net Income from Continuing Operation Net Minority Interest": "-12,946", "Total Unusual Items Excluding Goodwill": "-10,606", "Total Unusual Items": "-10,606", "Normalized EBITDA": "68,961", "Tax Rate for Calcs": "0", "Tax Effect of Unusual Items": "-2,864"}, "12/31/2018": {"Duration": "12/31/2018", "Total Revenue": "946,548", "Cost of Revenue": "766,975", "Gross Profit": "179,573", "Operating Expense": "116,015", "Operating Income": "63,558", "Net Non Operating Interest Income Expense": "-14,864", "Other Income Expense": "-1,416", "Pretax Income": "47,278", "Tax Provision": "14,997", "Net Income Common Stockholders": "32,281", "Diluted NI Available to Com Stockholders": "32,281", "Basic EPS": "0.36", "Diluted EPS": "0.35", "Basic Average Shares": "89,996", "Diluted Average Shares": "92,925", "Total Operating Income as Reported": "63,558", "Total Expenses": "882,990", "Net Income from Continuing & Discontinued Operation": "32,281", "Normalized Income": "33,244", "Interest Expense": "14,864", "Net Interest Income": "-14,864", "EBIT": "62,142", "EBITDA": "-", "Reconciled Cost of Revenue": "766,975", "Reconciled Depreciation": "45,899", "Net Income from Continuing Operation Net Minority Interest": "32,281", "Total Unusual Items Excluding Goodwill": "-1,416", "Total Unusual Items": "-1,416", "Normalized EBITDA": "109,457", "Tax Rate for Calcs": "0", "Tax Effect of Unusual Items": "-453.12"}}, "bs": {"12/31/2020": {"Duration": "12/31/2020", "Total Assets": "709,192", "Total Liabilities Net Minority Interest": "221,160", "Total Equity Gross Minority Interest": "488,032", "Total Capitalization": "507,722", "Common Stock Equity": "488,032", "Capital Lease Obligations": "25,068", "Net Tangible Assets": "420,160", "Working Capital": "174,522", "Invested Capital": "575,194", "Tangible Book Value": "420,160", "Total Debt": "112,230", "Net Debt": "62,965", "Share Issued": "107,588", "Ordinary Shares Number": "90,807", "Treasury Shares Number": "16,781"}, "12/31/2019": {"Duration": "12/31/2019", "Total Assets": "900,079", "Total Liabilities Net Minority Interest": "351,434", "Total Equity Gross Minority Interest": "548,645", "Total Capitalization": "702,183", "Common Stock Equity": "548,645", "Capital Lease Obligations": "26,946", "Net Tangible Assets": "476,636", "Working Capital": "349,947", "Invested Capital": "708,518", "Tangible Book Value": "476,636", "Total Debt": "186,819", "Net Debt": "111,201", "Share Issued": "106,697", "Ordinary Shares Number": "89,738", "Treasury Shares Number": "16,958"}, "12/31/2018": {"Duration": "12/31/2018", "Total Assets": "915,854", "Total Liabilities Net Minority Interest": "346,173", "Total Equity Gross Minority Interest": "569,681", "Total Capitalization": "728,906", "Common Stock Equity": "569,681", "Capital Lease Obligations": "-", "Net Tangible Assets": "500,689", "Working Capital": "381,386", "Invested Capital": "731,428", "Tangible Book Value": "500,689", "Total Debt": "161,747", "Net Debt": "105,629", "Share Issued": "106,363", "Ordinary Shares Number": "90,832", "Treasury Shares Number": "15,531"}}, "cf": {"TTM": {"Duration": "TTM", "Operating Cash Flow": "55,791", "Investing Cash Flow": "-3,395", "Financing Cash Flow": "-77,941", "End Cash Position": "30,348", "Income Tax Paid Supplemental Data": "-", "Interest Paid Supplemental Data": "-", "Capital Expenditure": "-15,794", "Issuance of Debt": "173,794", "Repayment of Debt": "-250,905", "Repurchase of Capital Stock": "-333", "Free Cash Flow": "39,997"}, "12/31/2020": {"Duration": "12/31/2020", "Operating Cash Flow": "55,791", "Investing Cash Flow": "-3,395", "Financing Cash Flow": "-77,941", "End Cash Position": "30,348", "Income Tax Paid Supplemental Data": "-", "Interest Paid Supplemental Data": "-", "Capital Expenditure": "-15,794", "Issuance of Debt": "173,794", "Repayment of Debt": "-250,905", "Repurchase of Capital Stock": "-333", "Free Cash Flow": "39,997"}, "12/31/2019": {"Duration": "12/31/2019", "Operating Cash Flow": "72,286", "Investing Cash Flow": "-49,764", "Financing Cash Flow": "-29,526", "End Cash Position": "56,863", "Income Tax Paid Supplemental Data": "-", "Interest Paid Supplemental Data": "-", "Capital Expenditure": "-44,806", "Issuance of Debt": "327,983", "Repayment of Debt": "-335,613", "Repurchase of Capital Stock": "-21,737", "Free Cash Flow": "27,480"}, "12/31/2018": {"Duration": "12/31/2018", "Operating Cash Flow": "63,403", "Investing Cash Flow": "-55,752", "Financing Cash Flow": "-4,513", "End Cash Position": "64,266", "Income Tax Paid Supplemental Data": "15,627", "Interest Paid Supplemental Data": "8,741", "Capital Expenditure": "-45,141", "Issuance of Debt": "347,613", "Repayment of Debt": "-352,582", "Repurchase of Capital Stock": "-3,870", "Free Cash Flow": "18,262"}}}}]