[{"ATSG": {"quote": {"03/28/2021": {"value": "29.27", "Market Cap": "1.769B", "Beta (5Y Monthly)": "0.76", "PE Ratio (TTM)": "54.51", "EPS (TTM)": "0.54", "Earnings Date": "Feb 26, 2021", "Forward Dividend & Yield": "N/A (N/A)", "Ex-Dividend Date": "N/A", "1y Target Est": "34.83"}}, "fin": {"TTM": {"Duration": "TTM", "Total Revenue": "1,570,575", "Cost of Revenue": "1,220,057", "Gross Profit": "350,518", "Operating Expense": "105,053", "Operating Income": "245,465", "Net Non Operating Interest Income Expense": "-62,671", "Other Income Expense": "-141,401", "Pretax Income": "41,393", "Tax Provision": "16,314", "Net Income Common Stockholders": "32,115", "Diluted NI Available to Com Stockholders": "32,115", "Basic EPS": "-", "Diluted EPS": "-", "Basic Average Shares": "-", "Diluted Average Shares": "-", "Total Operating Income as Reported": "206,390", "Rent Expense Supplemental": "31,767", "Total Expenses": "1,325,110", "Interest Income": "222", "Interest Expense": "62,893", "Net Interest Income": "-62,671", "Net Income from Continuing & Discontinued Operation": "32,115", "Normalized Income": "109,808", "EBIT": "104,286", "EBITDA": "414,603", "Reconciled Cost of Revenue": "1,220,057", "Reconciled Depreciation": "310,317", "Net Income from Continuing Operation Net Minority Interest": "25,079", "Total Unusual Items Excluding Goodwill": "-139,846", "Total Unusual Items": "-139,846", "Normalized EBITDA": "554,449", "Tax Rate for Calcs": "0", "Tax Effect of Unusual Items": "-55,117"}, "12/31/2020": {"Duration": "12/31/2020", "Total Revenue": "1,570,575", "Cost of Revenue": "1,220,057", "Gross Profit": "350,518", "Operating Expense": "105,053", "Operating Income": "245,465", "Net Non Operating Interest Income Expense": "-62,671", "Other Income Expense": "-141,401", "Pretax Income": "41,393", "Tax Provision": "16,314", "Net Income Common Stockholders": "32,115", "Diluted NI Available to Com Stockholders": "32,115", "Basic EPS": "0.42", "Diluted EPS": "0.42", "Basic Average Shares": "59,128", "Diluted Average Shares": "59,931", "Total Operating Income as Reported": "206,390", "Rent Expense Supplemental": "31,767", "Total Expenses": "1,325,110", "Interest Income": "222", "Interest Expense": "62,893", "Net Interest Income": "-62,671", "Net Income from Continuing & Discontinued Operation": "32,115", "Normalized Income": "109,826", "EBIT": "104,286", "EBITDA": "-", "Reconciled Cost of Revenue": "1,220,057", "Reconciled Depreciation": "310,317", "Net Income from Continuing Operation Net Minority Interest": "25,079", "Total Unusual Items Excluding Goodwill": "-139,846", "Total Unusual Items": "-139,846", "Normalized EBITDA": "554,449", "Tax Rate for Calcs": "0", "Tax Effect of Unusual Items": "-55,099"}, "12/31/2019": {"Duration": "12/31/2019", "Total Revenue": "1,452,183", "Cost of Revenue": "1,107,500", "Gross Profit": "344,683", "Operating Expense": "167,313", "Operating Income": "177,370", "Net Non Operating Interest Income Expense": "-66,274", "Other Income Expense": "-39,524", "Pretax Income": "71,572", "Tax Provision": "11,589", "Net Income Common Stockholders": "61,202", "Diluted NI Available to Com Stockholders": "61,202", "Basic EPS": "1.02", "Diluted EPS": "0.78", "Basic Average Shares": "58,899", "Diluted Average Shares": "69,348", "Total Operating Income as Reported": "176,997", "Rent Expense Supplemental": "27,190", "Total Expenses": "1,274,813", "Interest Income": "370", "Interest Expense": "66,644", "Net Interest Income": "-66,274", "Net Income from Continuing & Discontinued Operation": "61,202", "Normalized Income": "70,605", "EBIT": "138,216", "EBITDA": "-", "Reconciled Cost of Revenue": "1,107,500", "Reconciled Depreciation": "285,353", "Net Income from Continuing Operation Net Minority Interest": "59,983", "Total Unusual Items Excluding Goodwill": "-12,675", "Total Unusual Items": "-12,675", "Normalized EBITDA": "436,244", "Tax Rate for Calcs": "0", "Tax Effect of Unusual Items": "-2,053"}, "12/31/2018": {"Duration": "12/31/2018", "Total Revenue": "892,345", "Cost of Revenue": "701,901", "Gross Profit": "190,444", "Operating Expense": "74,162", "Operating Income": "116,282", "Net Non Operating Interest Income Expense": "-28,548", "Other Income Expense": "-256", "Pretax Income": "87,478", "Tax Provision": "19,595", "Net Income Common Stockholders": "69,285", "Diluted NI Available to Com Stockholders": "69,285", "Basic EPS": "1.16", "Diluted EPS": "0.89", "Basic Average Shares": "58,765", "Diluted Average Shares": "68,356", "Total Operating Income as Reported": "111,018", "Rent Expense Supplemental": "19,867", "Total Expenses": "776,063", "Interest Income": "251", "Interest Expense": "28,799", "Net Interest Income": "-28,548", "Net Income from Continuing & Discontinued Operation": "69,285", "Normalized Income": "66,306", "EBIT": "116,277", "EBITDA": "-", "Reconciled Cost of Revenue": "701,901", "Reconciled Depreciation": "204,559", "Net Income from Continuing Operation Net Minority Interest": "67,883", "Total Unusual Items Excluding Goodwill": "2,032", "Total Unusual Items": "2,032", "Normalized EBITDA": "318,804", "Tax Rate for Calcs": "0", "Tax Effect of Unusual Items": "455.168"}}, "bs": {"12/31/2020": {"Duration": "12/31/2020", "Total Assets": "3,001,745", "Total Liabilities Net Minority Interest": "2,146,248", "Total Equity Gross Minority Interest": "855,497", "Total Capitalization": "2,320,828", "Common Stock Equity": "855,497", "Capital Lease Obligations": "68,912", "Net Tangible Assets": "339,207", "Working Capital": "-29,252", "Invested Capital": "2,334,574", "Tangible Book Value": "339,207", "Total Debt": "1,547,989", "Net Debt": "1,439,358", "Share Issued": "59,560", "Ordinary Shares Number": "59,560", "Preferred Shares Number": "75"}, "12/31/2019": {"Duration": "12/31/2019", "Total Assets": "2,820,178", "Total Liabilities Net Minority Interest": "2,359,836", "Total Equity Gross Minority Interest": "460,342", "Total Capitalization": "1,930,019", "Common Stock Equity": "460,342", "Capital Lease Obligations": "43,191", "Net Tangible Assets": "-67,312", "Working Capital": "3,552", "Invested Capital": "1,944,726", "Tangible Book Value": "-67,312", "Total Debt": "1,527,575", "Net Debt": "1,438,183", "Share Issued": "59,329", "Ordinary Shares Number": "59,329", "Preferred Shares Number": "75"}, "12/31/2018": {"Duration": "12/31/2018", "Total Assets": "2,470,585", "Total Liabilities Net Minority Interest": "2,034,147", "Total Equity Gross Minority Interest": "436,438", "Total Capitalization": "1,808,036", "Common Stock Equity": "436,438", "Capital Lease Obligations": "-", "Net Tangible Assets": "-98,921", "Working Capital": "30,087", "Invested Capital": "1,837,690", "Tangible Book Value": "-98,921", "Total Debt": "1,401,252", "Net Debt": "1,341,930", "Share Issued": "59,134", "Ordinary Shares Number": "59,134", "Preferred Shares Number": "75"}}, "cf": {"TTM": {"Duration": "TTM", "Operating Cash Flow": "512,302", "Investing Cash Flow": "-499,167", "Financing Cash Flow": "-19,617", "End Cash Position": "39,719", "Income Tax Paid Supplemental Data": "1,139", "Interest Paid Supplemental Data": "41,343", "Capital Expenditure": "-510,417", "Issuance of Debt": "680,000", "Repayment of Debt": "-689,380", "Repurchase of Capital Stock": "0", "Free Cash Flow": "1,885"}, "12/31/2020": {"Duration": "12/31/2020", "Operating Cash Flow": "512,302", "Investing Cash Flow": "-499,167", "Financing Cash Flow": "-19,617", "End Cash Position": "39,719", "Income Tax Paid Supplemental Data": "1,139", "Interest Paid Supplemental Data": "41,343", "Capital Expenditure": "-510,417", "Issuance of Debt": "680,000", "Repayment of Debt": "-689,380", "Repurchase of Capital Stock": "0", "Free Cash Flow": "1,885"}, "12/31/2019": {"Duration": "12/31/2019", "Operating Cash Flow": "396,938", "Investing Cash Flow": "-467,058", "Financing Cash Flow": "56,999", "End Cash Position": "46,201", "Income Tax Paid Supplemental Data": "1,294", "Interest Paid Supplemental Data": "57,546", "Capital Expenditure": "-453,502", "Issuance of Debt": "100,018", "Repayment of Debt": "-39,500", "Repurchase of Capital Stock": "-", "Free Cash Flow": "-56,564"}, "12/31/2018": {"Duration": "12/31/2018", "Operating Cash Flow": "298,025", "Investing Cash Flow": "-1,141,903", "Financing Cash Flow": "870,501", "End Cash Position": "59,322", "Income Tax Paid Supplemental Data": "1,213", "Interest Paid Supplemental Data": "17,278", "Capital Expenditure": "-292,915", "Issuance of Debt": "945,000", "Repayment of Debt": "-58,640", "Repurchase of Capital Stock": "-3,581", "Free Cash Flow": "5,110"}}}}, {"SINO": {"quote": {"03/28/2021": {"value": "6.16", "Market Cap": "88.994M", "Beta (5Y Monthly)": "0.86", "PE Ratio (TTM)": "N/A", "EPS (TTM)": "-4.10", "Earnings Date": "Oct 13, 2020", "Forward Dividend & Yield": "N/A (N/A)", "Ex-Dividend Date": "N/A", "1y Target Est": "N/A"}}, "fin": {"TTM": {"Duration": "TTM", "Total Revenue": "5,750", "Cost of Revenue": "5,024", "Gross Profit": "726.341", "Operating Expense": "18,306", "Operating Income": "-17,580", "Net Non Operating Interest Income Expense": "-", "Other Income Expense": "96.043", "Pretax Income": "-17,484", "Tax Provision": "174.724", "Net Income Common Stockholders": "-16,255", "Diluted NI Available to Com Stockholders": "-16,255", "Basic EPS": "-", "Diluted EPS": "-", "Basic Average Shares": "-", "Diluted Average Shares": "-", "Total Operating Income as Reported": "-17,580", "Total Expenses": "23,330", "Net Income from Continuing & Discontinued Operation": "-16,255", "Normalized Income": "-16,255", "Interest Income": "-", "Net Interest Income": "-", "EBIT": "-17,580", "EBITDA": "-17,250", "Reconciled Cost of Revenue": "5,024", "Reconciled Depreciation": "330.411", "Net Income from Continuing Operation Net Minority Interest": "-16,255", "Total Unusual Items Excluding Goodwill": "0", "Total Unusual Items": "0", "Normalized EBITDA": "-17,250", "Tax Rate for Calcs": "0", "Tax Effect of Unusual Items": "0"}, "6/30/2020": {"Duration": "6/30/2020", "Total Revenue": "6,536", "Cost of Revenue": "3,679", "Gross Profit": "2,857", "Operating Expense": "20,268", "Operating Income": "-17,410", "Net Non Operating Interest Income Expense": "-", "Other Income Expense": "-332.154", "Pretax Income": "-17,743", "Tax Provision": "186.021", "Net Income Common Stockholders": "-16,453", "Diluted NI Available to Com Stockholders": "-16,453", "Basic EPS": "-4.78", "Diluted EPS": "-4.78", "Basic Average Shares": "3,442", "Diluted Average Shares": "3,442", "Total Operating Income as Reported": "-17,738", "Total Expenses": "23,946", "Net Income from Continuing & Discontinued Operation": "-16,453", "Normalized Income": "-16,214", "Interest Income": "-", "Net Interest Income": "-", "EBIT": "-17,410", "EBITDA": "-", "Reconciled Cost of Revenue": "3,679", "Reconciled Depreciation": "402.294", "Net Income from Continuing Operation Net Minority Interest": "-16,453", "Total Unusual Items Excluding Goodwill": "-327.632", "Total Unusual Items": "-327.632", "Normalized EBITDA": "-16,681", "Tax Rate for Calcs": "0", "Tax Effect of Unusual Items": "-88.4606"}, "6/30/2019": {"Duration": "6/30/2019", "Total Revenue": "41,771", "Cost of Revenue": "36,007", "Gross Profit": "5,765", "Operating Expense": "11,310", "Operating Income": "-5,545", "Net Non Operating Interest Income Expense": "-179.827", "Other Income Expense": "-366.039", "Pretax Income": "-6,091", "Tax Provision": "920.869", "Net Income Common Stockholders": "-6,534", "Diluted NI Available to Com Stockholders": "-6,534", "Basic EPS": "-2.25", "Diluted EPS": "-2.25", "Basic Average Shares": "2,884", "Diluted Average Shares": "2,884", "Total Operating Income as Reported": "-5,970", "Total Expenses": "47,316", "Net Income from Continuing & Discontinued Operation": "-6,534", "Normalized Income": "-6,224", "Interest Income": "-", "Net Interest Income": "-179.827", "EBIT": "-5,545", "EBITDA": "-", "Reconciled Cost of Revenue": "36,007", "Reconciled Depreciation": "130.92", "Net Income from Continuing Operation Net Minority Interest": "-6,534", "Total Unusual Items Excluding Goodwill": "-425.068", "Total Unusual Items": "-425.068", "Normalized EBITDA": "-4,989", "Tax Rate for Calcs": "0", "Tax Effect of Unusual Items": "-114.7684"}, "6/30/2018": {"Duration": "6/30/2018", "Total Revenue": "23,065", "Cost of Revenue": "15,586", "Gross Profit": "7,479", "Operating Expense": "6,661", "Operating Income": "818.149", "Net Non Operating Interest Income Expense": "79.502", "Other Income Expense": "575.115", "Pretax Income": "1,473", "Tax Provision": "949.659", "Net Income Common Stockholders": "459.051", "Diluted NI Available to Com Stockholders": "459.051", "Basic EPS": "0.20", "Diluted EPS": "0.20", "Basic Average Shares": "2,207", "Diluted Average Shares": "2,405", "Total Operating Income as Reported": "818.149", "Total Expenses": "22,246", "Net Income from Continuing & Discontinued Operation": "459.051", "Normalized Income": "459.051", "Interest Income": "79.502", "Net Interest Income": "79.502", "EBIT": "818.149", "EBITDA": "-", "Reconciled Cost of Revenue": "15,586", "Reconciled Depreciation": "94.919", "Net Income from Continuing Operation Net Minority Interest": "459.051", "Total Unusual Items Excluding Goodwill": "-", "Total Unusual Items": "-", "Normalized EBITDA": "913.068", "Tax Rate for Calcs": "0", "Tax Effect of Unusual Items": "0"}}, "bs": {"6/30/2020": {"Duration": "6/30/2020", "Total Assets": "5,738", "Total Liabilities Net Minority Interest": "6,096", "Total Equity Gross Minority Interest": "-357.9", "Total Capitalization": "6,339", "Common Stock Equity": "6,184", "Capital Lease Obligations": "337.09", "Net Tangible Assets": "6,158", "Working Capital": "-3,896", "Invested Capital": "6,465", "Tangible Book Value": "6,158", "Total Debt": "617.56", "Net Debt": "149.288", "Share Issued": "3,719", "Ordinary Shares Number": "3,719", "Treasury Shares Number": "0"}, "6/30/2019": {"Duration": "6/30/2019", "Total Assets": "20,599", "Total Liabilities Net Minority Interest": "5,239", "Total Equity Gross Minority Interest": "15,360", "Total Capitalization": "20,533", "Common Stock Equity": "20,533", "Capital Lease Obligations": "-", "Net Tangible Assets": "20,444", "Working Capital": "10,706", "Invested Capital": "20,533", "Tangible Book Value": "20,444", "Total Debt": "-", "Net Debt": "-", "Share Issued": "3,211", "Ordinary Shares Number": "3,176", "Treasury Shares Number": "35.099"}, "6/30/2018": {"Duration": "6/30/2018", "Total Assets": "26,158", "Total Liabilities Net Minority Interest": "6,623", "Total Equity Gross Minority Interest": "19,535", "Total Capitalization": "24,348", "Common Stock Equity": "24,348", "Capital Lease Obligations": "-", "Net Tangible Assets": "24,195", "Working Capital": "17,210", "Invested Capital": "24,348", "Tangible Book Value": "24,195", "Total Debt": "-", "Net Debt": "-", "Share Issued": "2,654", "Ordinary Shares Number": "2,619", "Treasury Shares Number": "35.099"}}, "cf": {"TTM": {"Duration": "TTM", "Operating Cash Flow": "-3,789", "Investing Cash Flow": "5.662", "Financing Cash Flow": "7,581", "End Cash Position": "3,918", "Income Tax Paid Supplemental Data": "0.104", "Interest Paid Supplemental Data": "-", "Capital Expenditure": "-", "Issuance of Capital Stock": "7,301", "Issuance of Debt": "-", "Repurchase of Capital Stock": "-", "Free Cash Flow": "-3,789"}, "6/30/2020": {"Duration": "6/30/2020", "Operating Cash Flow": "-3,897", "Investing Cash Flow": "-1.358", "Financing Cash Flow": "1,221", "End Cash Position": "131.182", "Income Tax Paid Supplemental Data": "38.602", "Interest Paid Supplemental Data": "-", "Capital Expenditure": "-6.984", "Issuance of Capital Stock": "940.131", "Issuance of Debt": "280.47", "Repurchase of Capital Stock": "-", "Free Cash Flow": "-3,904"}, "6/30/2019": {"Duration": "6/30/2019", "Operating Cash Flow": "-4,273", "Investing Cash Flow": "-143.493", "Financing Cash Flow": "850", "End Cash Position": "3,143", "Income Tax Paid Supplemental Data": "166.96", "Interest Paid Supplemental Data": "0", "Capital Expenditure": "-143.493", "Issuance of Capital Stock": "850", "Issuance of Debt": "-", "Repurchase of Capital Stock": "-", "Free Cash Flow": "-4,417"}, "6/30/2018": {"Duration": "6/30/2018", "Operating Cash Flow": "-1,808", "Investing Cash Flow": "-2,453", "Financing Cash Flow": "2,585", "End Cash Position": "7,098", "Income Tax Paid Supplemental Data": "68.268", "Interest Paid Supplemental Data": "-", "Capital Expenditure": "-2,453", "Issuance of Capital Stock": "2,585", "Issuance of Debt": "-", "Repurchase of Capital Stock": "-", "Free Cash Flow": "-4,261"}}}}, {"FWRD": {"quote": {"03/28/2021": {"value": "87.73", "Market Cap": "2.415B", "Beta (5Y Monthly)": "1.21", "PE Ratio (TTM)": "104.19", "EPS (TTM)": "0.84", "Earnings Date": "Apr 28, 2021 - May 03, 2021", "Forward Dividend & Yield": "0.84 (0.96%)", "Ex-Dividend Date": "Mar 03, 2021", "1y Target Est": "91.40"}}, "fin": {"TTM": {"Duration": "TTM", "Total Revenue": "1,269,573", "Cost of Revenue": "1,040,460", "Gross Profit": "229,113", "Operating Expense": "155,189", "Operating Income": "73,924", "Net Non Operating Interest Income Expense": "-4,561", "Other Income Expense": "-3", "Pretax Income": "69,360", "Tax Provision": "16,593", "Net Income Common Stockholders": "23,733", "Diluted NI Available to Com Stockholders": "23,733", "Basic EPS": "-", "Diluted EPS": "-", "Basic Average Shares": "-", "Diluted Average Shares": "-", "Total Operating Income as Reported": "73,924", "Rent Expense Supplemental": "69,720", "Total Expenses": "1,195,649", "Interest Expense": "4,561", "Net Interest Income": "-4,561", "Net Income from Continuing & Discontinued Operation": "23,733", "Normalized Income": "52,767", "EBIT": "73,921", "EBITDA": "111,046", "Reconciled Cost of Revenue": "1,040,460", "Reconciled Depreciation": "37,125", "Net Income from Continuing Operation Net Minority Interest": "52,767", "Total Unusual Items Excluding Goodwill": "-", "Total Unusual Items": "-", "Normalized EBITDA": "111,046", "Tax Rate for Calcs": "0", "Tax Effect of Unusual Items": "0"}, "12/31/2020": {"Duration": "12/31/2020", "Total Revenue": "1,269,573", "Cost of Revenue": "1,040,460", "Gross Profit": "229,113", "Operating Expense": "155,189", "Operating Income": "73,924", "Net Non Operating Interest Income Expense": "-4,561", "Other Income Expense": "-3", "Pretax Income": "69,360", "Tax Provision": "16,593", "Net Income Common Stockholders": "23,348", "Diluted NI Available to Com Stockholders": "23,348", "Basic EPS": "-", "Diluted EPS": "-", "Basic Average Shares": "-", "Diluted Average Shares": "-", "Total Operating Income as Reported": "73,924", "Rent Expense Supplemental": "69,720", "Total Expenses": "1,195,649", "Interest Expense": "4,561", "Net Interest Income": "-4,561", "Net Income from Continuing & Discontinued Operation": "23,733", "Normalized Income": "52,767", "EBIT": "73,921", "EBITDA": "-", "Reconciled Cost of Revenue": "1,040,460", "Reconciled Depreciation": "37,125", "Net Income from Continuing Operation Net Minority Interest": "52,767", "Total Unusual Items Excluding Goodwill": "-", "Total Unusual Items": "-", "Normalized EBITDA": "111,046", "Tax Rate for Calcs": "0", "Tax Effect of Unusual Items": "0"}, "12/31/2019": {"Duration": "12/31/2019", "Total Revenue": "1,410,395", "Cost of Revenue": "1,122,510", "Gross Profit": "287,885", "Operating Expense": "169,062", "Operating Income": "118,823", "Net Non Operating Interest Income Expense": "-2,711", "Other Income Expense": "-1", "Pretax Income": "116,111", "Tax Provision": "29,012", "Net Income Common Stockholders": "86,154", "Diluted NI Available to Com Stockholders": "86,154", "Basic EPS": "3.06", "Diluted EPS": "3.04", "Basic Average Shares": "28,464", "Diluted Average Shares": "28,651", "Total Operating Income as Reported": "118,823", "Rent Expense Supplemental": "82,010", "Total Expenses": "1,291,572", "Interest Expense": "2,711", "Net Interest Income": "-2,711", "Net Income from Continuing & Discontinued Operation": "87,099", "Normalized Income": "87,099", "EBIT": "118,822", "EBITDA": "-", "Reconciled Cost of Revenue": "1,122,510", "Reconciled Depreciation": "42,109", "Net Income from Continuing Operation Net Minority Interest": "87,099", "Total Unusual Items Excluding Goodwill": "-", "Total Unusual Items": "-", "Normalized EBITDA": "160,931", "Tax Rate for Calcs": "0", "Tax Effect of Unusual Items": "0"}, "12/31/2018": {"Duration": "12/31/2018", "Total Revenue": "1,320,886", "Cost of Revenue": "1,054,847", "Gross Profit": "266,039", "Operating Expense": "144,008", "Operating Income": "122,031", "Net Non Operating Interest Income Expense": "-1,783", "Other Income Expense": "-2", "Pretax Income": "120,246", "Tax Provision": "28,195", "Net Income Common Stockholders": "91,170", "Diluted NI Available to Com Stockholders": "91,170", "Basic EPS": "3.14", "Diluted EPS": "3.12", "Basic Average Shares": "29,316", "Diluted Average Shares": "29,504", "Total Operating Income as Reported": "122,031", "Rent Expense Supplemental": "75,677", "Total Expenses": "1,198,855", "Interest Expense": "1,783", "Net Interest Income": "-1,783", "Net Income from Continuing & Discontinued Operation": "92,051", "Normalized Income": "92,051", "EBIT": "122,029", "EBITDA": "-", "Reconciled Cost of Revenue": "1,054,847", "Reconciled Depreciation": "42,183", "Net Income from Continuing Operation Net Minority Interest": "92,051", "Total Unusual Items Excluding Goodwill": "0", "Total Unusual Items": "0", "Normalized EBITDA": "164,212", "Tax Rate for Calcs": "0", "Tax Effect of Unusual Items": "0"}}, "bs": {"12/31/2020": {"Duration": "12/31/2020", "Total Assets": "1,047,393", "Total Liabilities Net Minority Interest": "500,064", "Total Equity Gross Minority Interest": "547,329", "Total Capitalization": "659,727", "Common Stock Equity": "547,329", "Capital Lease Obligations": "130,837", "Net Tangible Assets": "157,315", "Working Capital": "74,276", "Invested Capital": "659,727", "Tangible Book Value": "157,315", "Total Debt": "243,235", "Net Debt": "72,144", "Share Issued": "27,316", "Ordinary Shares Number": "27,316"}, "12/31/2019": {"Duration": "12/31/2019", "Total Assets": "990,878", "Total Liabilities Net Minority Interest": "413,696", "Total Equity Gross Minority Interest": "577,182", "Total Capitalization": "644,522", "Common Stock Equity": "577,182", "Capital Lease Obligations": "158,470", "Net Tangible Assets": "228,279", "Working Capital": "99,154", "Invested Capital": "644,522", "Tangible Book Value": "228,279", "Total Debt": "225,810", "Net Debt": "2,591", "Share Issued": "27,850", "Ordinary Shares Number": "27,850"}, "12/31/2018": {"Duration": "12/31/2018", "Total Assets": "760,215", "Total Liabilities Net Minority Interest": "206,971", "Total Equity Gross Minority Interest": "553,244", "Total Capitalization": "600,525", "Common Stock Equity": "553,244", "Capital Lease Obligations": "363", "Net Tangible Assets": "240,491", "Working Capital": "126,359", "Invested Capital": "600,525", "Tangible Book Value": "240,491", "Total Debt": "47,644", "Net Debt": "21,624", "Share Issued": "28,535", "Ordinary Shares Number": "28,535"}}, "cf": {"TTM": {"Duration": "TTM", "Operating Cash Flow": "84,112", "Investing Cash Flow": "-82,707", "Financing Cash Flow": "-25,900", "End Cash Position": "40,254", "Capital Expenditure": "-20,268", "Issuance of Debt": "65,000", "Repayment of Debt": "-20,893", "Repurchase of Capital Stock": "-45,248", "Free Cash Flow": "63,844"}, "12/31/2020": {"Duration": "12/31/2020", "Operating Cash Flow": "84,666", "Investing Cash Flow": "-82,707", "Financing Cash Flow": "-26,454", "End Cash Position": "40,254", "Capital Expenditure": "-20,268", "Issuance of Debt": "65,000", "Repayment of Debt": "-21,446", "Repurchase of Capital Stock": "-45,248", "Free Cash Flow": "64,398"}, "12/31/2019": {"Duration": "12/31/2019", "Operating Cash Flow": "159,019", "Investing Cash Flow": "-63,915", "Financing Cash Flow": "-56,012", "End Cash Position": "64,749", "Capital Expenditure": "-28,209", "Issuance of Debt": "20,000", "Repayment of Debt": "-946", "Repurchase of Capital Stock": "-56,204", "Free Cash Flow": "130,810"}, "12/31/2018": {"Duration": "12/31/2018", "Operating Cash Flow": "152,554", "Investing Cash Flow": "-55,463", "Financing Cash Flow": "-75,327", "End Cash Position": "25,657", "Capital Expenditure": "-42,293", "Issuance of Debt": "7,000", "Repayment of Debt": "-302", "Repurchase of Capital Stock": "-66,126", "Free Cash Flow": "110,261"}}}}, {"AIRT": {"quote": {"03/28/2021": {"value": "23.45", "Market Cap": "67.579M", "Beta (5Y Monthly)": "1.47", "PE Ratio (TTM)": "N/A", "EPS (TTM)": "-0.38", "Earnings Date": "Jun 24, 2021 - Jun 28, 2021", "Forward Dividend & Yield": "N/A (N/A)", "Ex-Dividend Date": "Jun 05, 2013", "1y Target Est": "N/A"}}, "fin": {"TTM": {"Duration": "TTM", "Total Revenue": "193,998", "Cost of Revenue": "158,896", "Gross Profit": "35,102", "Operating Expense": "35,223", "Operating Income": "-121", "Net Non Operating Interest Income Expense": "-3,807", "Other Income Expense": "-561", "Pretax Income": "-4,489", "Tax Provision": "-2,657", "Net Income Common Stockholders": "-1,074", "Diluted NI Available to Com Stockholders": "-1,074", "Basic EPS": "-", "Diluted EPS": "-", "Basic Average Shares": "-", "Diluted Average Shares": "-", "Total Operating Income as Reported": "-775", "Rent Expense Supplemental": "-", "Total Expenses": "194,119", "Interest Income": "-", "Interest Expense": "3,573", "Net Interest Income": "-3,807", "Net Income from Continuing & Discontinued Operation": "-1,074", "Normalized Income": "-634.35", "EBIT": "-916", "EBITDA": "2,800", "Reconciled Cost of Revenue": "158,896", "Reconciled Depreciation": "3,716", "Net Income from Continuing Operation Net Minority Interest": "-1,076", "Total Unusual Items Excluding Goodwill": "-605", "Total Unusual Items": "-605", "Normalized EBITDA": "3,405", "Tax Rate for Calcs": "0", "Tax Effect of Unusual Items": "-163.35"}, "3/31/2020": {"Duration": "3/31/2020", "Total Revenue": "236,785", "Cost of Revenue": "189,896", "Gross Profit": "46,889", "Operating Expense": "39,617", "Operating Income": "7,272", "Net Non Operating Interest Income Expense": "-4,692", "Other Income Expense": "44", "Pretax Income": "2,624", "Tax Provision": "-544", "Net Income Common Stockholders": "7,656", "Diluted NI Available to Com Stockholders": "7,656", "Basic EPS": "2.74", "Diluted EPS": "2.73", "Basic Average Shares": "2,791", "Diluted Average Shares": "2,798", "Total Operating Income as Reported": "7,291", "Rent Expense Supplemental": "-", "Total Expenses": "229,513", "Interest Income": "3", "Interest Expense": "4,458", "Net Interest Income": "-4,692", "Net Income from Continuing & Discontinued Operation": "7,656", "Normalized Income": "-2,081", "EBIT": "7,082", "EBITDA": "-", "Reconciled Cost of Revenue": "189,896", "Reconciled Depreciation": "5,712", "Net Income from Continuing Operation Net Minority Interest": "-409", "Total Unusual Items Excluding Goodwill": "2,290", "Total Unusual Items": "2,290", "Normalized EBITDA": "10,504", "Tax Rate for Calcs": "0", "Tax Effect of Unusual Items": "618.3"}, "3/31/2019": {"Duration": "3/31/2019", "Total Revenue": "249,834", "Cost of Revenue": "203,372", "Gross Profit": "46,462", "Operating Expense": "38,376", "Operating Income": "8,086", "Net Non Operating Interest Income Expense": "-3,427", "Other Income Expense": "43.307", "Pretax Income": "4,702", "Tax Provision": "1,502", "Net Income Common Stockholders": "1,340", "Diluted NI Available to Com Stockholders": "1,340", "Basic EPS": "0.44", "Diluted EPS": "0.44", "Basic Average Shares": "3,052", "Diluted Average Shares": "3,060", "Total Operating Income as Reported": "8,065", "Rent Expense Supplemental": "-", "Total Expenses": "241,749", "Interest Income": "57.628", "Interest Expense": "3,291", "Net Interest Income": "-3,427", "Net Income from Continuing & Discontinued Operation": "1,340", "Normalized Income": "1,541", "EBIT": "7,993", "EBITDA": "-", "Reconciled Cost of Revenue": "203,372", "Reconciled Depreciation": "7,686", "Net Income from Continuing Operation Net Minority Interest": "1,340", "Total Unusual Items Excluding Goodwill": "-297.407", "Total Unusual Items": "-297.407", "Normalized EBITDA": "15,976", "Tax Rate for Calcs": "0", "Tax Effect of Unusual Items": "-96.0625"}, "3/31/2018": {"Duration": "3/31/2018", "Total Revenue": "194,519", "Cost of Revenue": "160,909", "Gross Profit": "33,610", "Operating Expense": "28,802", "Operating Income": "4,808", "Net Non Operating Interest Income Expense": "-1,725", "Other Income Expense": "-431.645", "Pretax Income": "2,652", "Tax Provision": "195", "Net Income Common Stockholders": "2,277", "Diluted NI Available to Com Stockholders": "2,277", "Basic EPS": "0.74", "Diluted EPS": "0.74", "Basic Average Shares": "3,064", "Diluted Average Shares": "3,072", "Total Operating Income as Reported": "4,246", "Rent Expense Supplemental": "0", "Total Expenses": "189,711", "Interest Income": "-", "Interest Expense": "1,725", "Net Interest Income": "-1,725", "Net Income from Continuing & Discontinued Operation": "2,277", "Normalized Income": "3,332", "EBIT": "4,376", "EBITDA": "-", "Reconciled Cost of Revenue": "160,909", "Reconciled Depreciation": "2,679", "Net Income from Continuing Operation Net Minority Interest": "2,277", "Total Unusual Items Excluding Goodwill": "-1,139", "Total Unusual Items": "-1,139", "Normalized EBITDA": "8,194", "Tax Rate for Calcs": "0", "Tax Effect of Unusual Items": "-83.6861"}}, "bs": {"3/31/2020": {"Duration": "3/31/2020", "Total Assets": "151,427", "Total Liabilities Net Minority Interest": "126,416", "Total Equity Gross Minority Interest": "25,011", "Total Capitalization": "67,142", "Common Stock Equity": "24,006", "Capital Lease Obligations": "8,647", "Net Tangible Assets": "19,030", "Working Capital": "30,740", "Invested Capital": "109,826", "Tangible Book Value": "19,030", "Total Debt": "94,467", "Net Debt": "79,868", "Share Issued": "3,023", "Ordinary Shares Number": "2,882", "Treasury Shares Number": "140.892"}, "3/31/2019": {"Duration": "3/31/2019", "Total Assets": "115,142", "Total Liabilities Net Minority Interest": "91,784", "Total Equity Gross Minority Interest": "23,358", "Total Capitalization": "57,276", "Common Stock Equity": "24,358", "Capital Lease Obligations": "-", "Net Tangible Assets": "18,716", "Working Capital": "18,554", "Invested Capital": "82,011", "Tangible Book Value": "18,716", "Total Debt": "57,653", "Net Debt": "45,129", "Share Issued": "3,034", "Ordinary Shares Number": "3,034", "Treasury Shares Number": "-"}, "3/31/2018": {"Duration": "3/31/2018", "Total Assets": "97,147", "Total Liabilities Net Minority Interest": "72,904", "Total Equity Gross Minority Interest": "24,243", "Total Capitalization": "63,973", "Common Stock Equity": "25,118", "Capital Lease Obligations": "-", "Net Tangible Assets": "19,388", "Working Capital": "30,493", "Invested Capital": "73,203", "Tangible Book Value": "19,388", "Total Debt": "48,085", "Net Debt": "43,282", "Share Issued": "3,065", "Ordinary Shares Number": "3,065", "Treasury Shares Number": "-"}}, "cf": {"TTM": {"Duration": "TTM", "Operating Cash Flow": "-22,040", "Investing Cash Flow": "15,695", "Financing Cash Flow": "33,459", "End Cash Position": "48,719", "Income Tax Paid Supplemental Data": "-", "Interest Paid Supplemental Data": "-", "Capital Expenditure": "-1,329", "Issuance of Debt": "165,457", "Repayment of Debt": "-131,162", "Repurchase of Capital Stock": "-", "Free Cash Flow": "-23,369"}, "3/31/2020": {"Duration": "3/31/2020", "Operating Cash Flow": "-25,074", "Investing Cash Flow": "8,605", "Financing Cash Flow": "19,240", "End Cash Position": "15,571", "Income Tax Paid Supplemental Data": "1,485", "Interest Paid Supplemental Data": "3,310", "Capital Expenditure": "-38,692", "Issuance of Debt": "210,596", "Repayment of Debt": "-195,319", "Repurchase of Capital Stock": "-", "Free Cash Flow": "-63,766"}, "3/31/2019": {"Duration": "3/31/2019", "Operating Cash Flow": "20,936", "Investing Cash Flow": "-23,004", "Financing Cash Flow": "9,547", "End Cash Position": "12,648", "Income Tax Paid Supplemental Data": "527.274", "Interest Paid Supplemental Data": "2,880", "Capital Expenditure": "-20,469", "Issuance of Debt": "135,237", "Repayment of Debt": "-125,665", "Repurchase of Capital Stock": "-744.173", "Free Cash Flow": "467.127"}, "3/31/2018": {"Duration": "3/31/2018", "Operating Cash Flow": "-277.837", "Investing Cash Flow": "-26,415", "Financing Cash Flow": "28,737", "End Cash Position": "4,803", "Income Tax Paid Supplemental Data": "1,659", "Interest Paid Supplemental Data": "1,066", "Capital Expenditure": "-20,216", "Issuance of Debt": "153,974", "Repayment of Debt": "-123,994", "Repurchase of Capital Stock": "0", "Free Cash Flow": "-20,493"}}}}, {"FDX": {"quote": {"03/28/2021": {"value": "281.34", "Market Cap": "74.651B", "Beta (5Y Monthly)": "1.32", "PE Ratio (TTM)": "24.77", "EPS (TTM)": "11.36", "Earnings Date": "Jun 24, 2021", "Forward Dividend & Yield": "2.60 (0.92%)", "Ex-Dividend Date": "Mar 05, 2021", "1y Target Est": "329.16"}}, "fin": {"TTM": {"Duration": "TTM", "Total Revenue": "78,752,000", "Cost of Revenue": "62,523,000", "Gross Profit": "16,229,000", "Operating Expense": "11,315,000", "Operating Income": "4,914,000", "Net Non Operating Interest Income Expense": "-729,000", "Other Income Expense": "-443,000", "Pretax Income": "3,742,000", "Tax Provision": "713,000", "Net Income Common Stockholders": "3,027,000", "Diluted NI Available to Com Stockholders": "3,027,000", "Basic EPS": "-", "Diluted EPS": "-", "Basic Average Shares": "-", "Diluted Average Shares": "-", "Total Operating Income as Reported": "4,535,000", "Rent Expense Supplemental": "3,977,000", "Total Expenses": "73,838,000", "Interest Income": "-", "Interest Expense": "-", "Net Interest Income": "-729,000", "Net Income from Continuing & Discontinued Operation": "3,029,000", "Normalized Income": "3,335,785", "EBIT": "4,403,000", "EBITDA": "8,148,000", "Reconciled Cost of Revenue": "62,523,000", "Reconciled Depreciation": "3,745,000", "Net Income from Continuing Operation Net Minority Interest": "3,029,000", "Total Unusual Items Excluding Goodwill": "-379,000", "Total Unusual Items": "-379,000", "Normalized EBITDA": "8,527,000", "Tax Rate for Calcs": "0", "Tax Effect of Unusual Items": "-72,215"}, "5/31/2020": {"Duration": "5/31/2020", "Total Revenue": "69,217,000", "Cost of Revenue": "55,873,000", "Gross Profit": "13,344,000", "Operating Expense": "10,492,000", "Operating Income": "2,852,000", "Net Non Operating Interest Income Expense": "-617,000", "Other Income Expense": "-566,000", "Pretax Income": "1,669,000", "Tax Provision": "383,000", "Net Income Common Stockholders": "1,284,000", "Diluted NI Available to Com Stockholders": "1,284,000", "Basic EPS": "4.91", "Diluted EPS": "4.90", "Basic Average Shares": "262,000", "Diluted Average Shares": "262,449", "Total Operating Income as Reported": "2,417,000", "Rent Expense Supplemental": "3,712,000", "Total Expenses": "66,365,000", "Interest Income": "55,000", "Interest Expense": "672,000", "Net Interest Income": "-617,000", "Net Income from Continuing & Discontinued Operation": "1,286,000", "Normalized Income": "1,620,950", "EBIT": "2,341,000", "EBITDA": "-", "Reconciled Cost of Revenue": "55,873,000", "Reconciled Depreciation": "3,615,000", "Net Income from Continuing Operation Net Minority Interest": "1,286,000", "Total Unusual Items Excluding Goodwill": "-435,000", "Total Unusual Items": "-435,000", "Normalized EBITDA": "6,391,000", "Tax Rate for Calcs": "0", "Tax Effect of Unusual Items": "-100,050"}, "5/31/2019": {"Duration": "5/31/2019", "Total Revenue": "69,693,000", "Cost of Revenue": "54,866,000", "Gross Profit": "14,827,000", "Operating Expense": "10,041,000", "Operating Income": "4,786,000", "Net Non Operating Interest Income Expense": "-529,000", "Other Income Expense": "-3,602,000", "Pretax Income": "655,000", "Tax Provision": "115,000", "Net Income Common Stockholders": "539,000", "Diluted NI Available to Com Stockholders": "539,000", "Basic EPS": "2.07", "Diluted EPS": "2.03", "Basic Average Shares": "260,808", "Diluted Average Shares": "265,000", "Total Operating Income as Reported": "4,466,000", "Rent Expense Supplemental": "3,360,000", "Total Expenses": "64,907,000", "Interest Income": "59,000", "Interest Expense": "588,000", "Net Interest Income": "-529,000", "Net Income from Continuing & Discontinued Operation": "540,000", "Normalized Income": "803,680", "EBIT": "1,243,000", "EBITDA": "-", "Reconciled Cost of Revenue": "54,866,000", "Reconciled Depreciation": "3,353,000", "Net Income from Continuing Operation Net Minority Interest": "540,000", "Total Unusual Items Excluding Goodwill": "-320,000", "Total Unusual Items": "-320,000", "Normalized EBITDA": "4,916,000", "Tax Rate for Calcs": "0", "Tax Effect of Unusual Items": "-56,320"}, "5/31/2018": {"Duration": "5/31/2018", "Total Revenue": "65,450,000", "Cost of Revenue": "50,750,000", "Gross Profit": "14,700,000", "Operating Expense": "9,450,000", "Operating Income": "5,250,000", "Net Non Operating Interest Income Expense": "-510,000", "Other Income Expense": "-387,000", "Pretax Income": "4,353,000", "Tax Provision": "-219,000", "Net Income Common Stockholders": "4,566,000", "Diluted NI Available to Com Stockholders": "4,566,000", "Basic EPS": "17.19", "Diluted EPS": "16.79", "Basic Average Shares": "265,925", "Diluted Average Shares": "272,305", "Total Operating Income as Reported": "4,870,000", "Rent Expense Supplemental": "3,361,000", "Total Expenses": "60,200,000", "Interest Income": "48,000", "Interest Expense": "558,000", "Net Interest Income": "-510,000", "Net Income from Continuing & Discontinued Operation": "4,572,000", "Normalized Income": "4,933,000", "EBIT": "4,911,000", "EBITDA": "-", "Reconciled Cost of Revenue": "50,750,000", "Reconciled Depreciation": "3,095,000", "Net Income from Continuing Operation Net Minority Interest": "4,572,000", "Total Unusual Items Excluding Goodwill": "-380,000", "Total Unusual Items": "-380,000", "Normalized EBITDA": "8,386,000", "Tax Rate for Calcs": "0", "Tax Effect of Unusual Items": "-19,000"}}, "bs": {"5/31/2020": {"Duration": "5/31/2020", "Total Assets": "73,537,000", "Total Liabilities Net Minority Interest": "55,242,000", "Total Equity Gross Minority Interest": "18,295,000", "Total Capitalization": "39,813,000", "Common Stock Equity": "18,295,000", "Capital Lease Obligations": "14,603,000", "Net Tangible Assets": "11,601,000", "Working Capital": "6,039,000", "Invested Capital": "39,813,000", "Tangible Book Value": "11,601,000", "Total Debt": "36,121,000", "Net Debt": "16,637,000", "Share Issued": "318,000", "Ordinary Shares Number": "261,954", "Treasury Shares Number": "56,046"}, "5/31/2019": {"Duration": "5/31/2019", "Total Assets": "54,403,000", "Total Liabilities Net Minority Interest": "36,646,000", "Total Equity Gross Minority Interest": "17,757,000", "Total Capitalization": "34,374,000", "Common Stock Equity": "17,757,000", "Capital Lease Obligations": "-", "Net Tangible Assets": "10,457,000", "Working Capital": "4,073,000", "Invested Capital": "35,338,000", "Tangible Book Value": "10,457,000", "Total Debt": "17,581,000", "Net Debt": "15,262,000", "Share Issued": "318,000", "Ordinary Shares Number": "260,808", "Treasury Shares Number": "57,192"}, "5/31/2018": {"Duration": "5/31/2018", "Total Assets": "52,330,000", "Total Liabilities Net Minority Interest": "32,914,000", "Total Equity Gross Minority Interest": "19,416,000", "Total Capitalization": "34,659,000", "Common Stock Equity": "19,416,000", "Capital Lease Obligations": "-", "Net Tangible Assets": "11,963,000", "Working Capital": "3,714,000", "Invested Capital": "36,001,000", "Tangible Book Value": "11,963,000", "Total Debt": "16,585,000", "Net Debt": "13,320,000", "Share Issued": "318,000", "Ordinary Shares Number": "265,925", "Treasury Shares Number": "52,075"}}, "cf": {"TTM": {"Duration": "TTM", "Operating Cash Flow": "9,211,000", "Investing Cash Flow": "-5,495,000", "Financing Cash Flow": "3,335,000", "End Cash Position": "8,817,000", "Income Tax Paid Supplemental Data": "-", "Interest Paid Supplemental Data": "-", "Capital Expenditure": "-5,365,000", "Issuance of Capital Stock": "508,000", "Issuance of Debt": "5,135,000", "Repayment of Debt": "-1,608,000", "Repurchase of Capital Stock": "0", "Free Cash Flow": "3,846,000"}, "5/31/2020": {"Duration": "5/31/2020", "Operating Cash Flow": "5,097,000", "Investing Cash Flow": "-5,846,000", "Financing Cash Flow": "3,381,000", "End Cash Position": "4,881,000", "Income Tax Paid Supplemental Data": "-", "Interest Paid Supplemental Data": "-", "Capital Expenditure": "-5,868,000", "Issuance of Capital Stock": "64,000", "Issuance of Debt": "6,556,000", "Repayment of Debt": "-2,548,000", "Repurchase of Capital Stock": "-3,000", "Free Cash Flow": "-771,000"}, "5/31/2019": {"Duration": "5/31/2019", "Operating Cash Flow": "5,613,000", "Investing Cash Flow": "-5,473,000", "Financing Cash Flow": "-1,039,000", "End Cash Position": "2,319,000", "Income Tax Paid Supplemental Data": "407,000", "Interest Paid Supplemental Data": "617,000", "Capital Expenditure": "-5,490,000", "Issuance of Capital Stock": "101,000", "Issuance of Debt": "2,463,000", "Repayment of Debt": "-1,436,000", "Repurchase of Capital Stock": "-1,480,000", "Free Cash Flow": "123,000"}, "5/31/2018": {"Duration": "5/31/2018", "Operating Cash Flow": "4,674,000", "Investing Cash Flow": "-5,677,000", "Financing Cash Flow": "227,000", "End Cash Position": "3,265,000", "Income Tax Paid Supplemental Data": "760,000", "Interest Paid Supplemental Data": "524,000", "Capital Expenditure": "-5,663,000", "Issuance of Capital Stock": "327,000", "Issuance of Debt": "1,480,000", "Repayment of Debt": "-38,000", "Repurchase of Capital Stock": "-1,017,000", "Free Cash Flow": "-989,000"}}}}, {"CHRW": {"quote": {"03/28/2021": {"value": "97.70", "Market Cap": "12.813B", "Beta (5Y Monthly)": "0.72", "PE Ratio (TTM)": "26.26", "EPS (TTM)": "3.72", "Earnings Date": "Apr 26, 2021 - Apr 30, 2021", "Forward Dividend & Yield": "2.04 (2.09%)", "Ex-Dividend Date": "Mar 04, 2021", "1y Target Est": "97.35"}}, "fin": {"TTM": {"Duration": "TTM", "Total Revenue": "16,207,106", "Cost of Revenue": "15,037,716", "Gross Profit": "1,169,390", "Operating Expense": "496,122", "Operating Income": "673,268", "Net Non Operating Interest Income Expense": "-44,937", "Pretax Income": "628,331", "Tax Provision": "121,910", "Net Income Common Stockholders": "506,421", "Diluted NI Available to Com Stockholders": "506,421", "Basic EPS": "-", "Diluted EPS": "-", "Basic Average Shares": "-", "Diluted Average Shares": "-", "Total Operating Income as Reported": "673,268", "Total Expenses": "15,533,838", "Net Income from Continuing & Discontinued Operation": "506,421", "Normalized Income": "506,421", "Interest Expense": "44,937", "Net Interest Income": "-44,937", "EBIT": "673,268", "EBITDA": "774,995", "Reconciled Cost of Revenue": "15,037,716", "Reconciled Depreciation": "101,727", "Net Income from Continuing Operation Net Minority Interest": "506,421", "Normalized EBITDA": "774,995", "Tax Rate for Calcs": "0", "Tax Effect of Unusual Items": "0"}, "12/31/2020": {"Duration": "12/31/2020", "Total Revenue": "16,207,106", "Cost of Revenue": "15,037,716", "Gross Profit": "1,169,390", "Operating Expense": "496,122", "Operating Income": "673,268", "Net Non Operating Interest Income Expense": "-44,937", "Pretax Income": "628,331", "Tax Provision": "121,910", "Net Income Common Stockholders": "506,421", "Diluted NI Available to Com Stockholders": "506,421", "Basic EPS": "-", "Diluted EPS": "-", "Basic Average Shares": "-", "Diluted Average Shares": "-", "Total Operating Income as Reported": "673,268", "Total Expenses": "15,533,838", "Net Income from Continuing & Discontinued Operation": "506,421", "Normalized Income": "506,421", "Interest Expense": "44,937", "Net Interest Income": "-44,937", "EBIT": "673,268", "EBITDA": "-", "Reconciled Cost of Revenue": "15,037,716", "Reconciled Depreciation": "101,727", "Net Income from Continuing Operation Net Minority Interest": "506,421", "Normalized EBITDA": "774,995", "Tax Rate for Calcs": "0", "Tax Effect of Unusual Items": "0"}, "12/31/2019": {"Duration": "12/31/2019", "Total Revenue": "15,309,508", "Cost of Revenue": "14,021,726", "Gross Profit": "1,287,782", "Operating Expense": "497,806", "Operating Income": "789,976", "Net Non Operating Interest Income Expense": "-47,719", "Pretax Income": "742,257", "Tax Provision": "165,289", "Net Income Common Stockholders": "576,968", "Diluted NI Available to Com Stockholders": "576,968", "Basic EPS": "4.21", "Diluted EPS": "4.19", "Basic Average Shares": "136,955", "Diluted Average Shares": "137,735", "Total Operating Income as Reported": "789,976", "Total Expenses": "14,519,532", "Net Income from Continuing & Discontinued Operation": "576,968", "Normalized Income": "576,968", "Interest Expense": "47,719", "Net Interest Income": "-47,719", "EBIT": "789,976", "EBITDA": "-", "Reconciled Cost of Revenue": "14,021,726", "Reconciled Depreciation": "100,449", "Net Income from Continuing Operation Net Minority Interest": "576,968", "Normalized EBITDA": "890,425", "Tax Rate for Calcs": "0", "Tax Effect of Unusual Items": "0"}, "12/31/2018": {"Duration": "12/31/2018", "Total Revenue": "16,631,172", "Cost of Revenue": "15,269,479", "Gross Profit": "1,361,693", "Operating Expense": "449,610", "Operating Income": "912,083", "Net Non Operating Interest Income Expense": "-31,810", "Pretax Income": "880,273", "Tax Provision": "215,768", "Net Income Common Stockholders": "664,505", "Diluted NI Available to Com Stockholders": "664,505", "Basic EPS": "4.78", "Diluted EPS": "4.73", "Basic Average Shares": "139,010", "Diluted Average Shares": "140,405", "Total Operating Income as Reported": "912,083", "Total Expenses": "15,719,089", "Net Income from Continuing & Discontinued Operation": "664,505", "Normalized Income": "664,505", "Interest Expense": "31,810", "Net Interest Income": "-31,810", "EBIT": "912,083", "EBITDA": "-", "Reconciled Cost of Revenue": "15,269,479", "Reconciled Depreciation": "96,729", "Net Income from Continuing Operation Net Minority Interest": "664,505", "Normalized EBITDA": "1,008,812", "Tax Rate for Calcs": "0", "Tax Effect of Unusual Items": "0"}}, "bs": {"12/31/2020": {"Duration": "12/31/2020", "Total Assets": "5,144,258", "Total Liabilities Net Minority Interest": "3,264,325", "Total Equity Gross Minority Interest": "1,879,933", "Total Capitalization": "2,973,234", "Common Stock Equity": "1,879,933", "Capital Lease Obligations": "334,746", "Net Tangible Assets": "219,222", "Working Capital": "1,101,969", "Invested Capital": "2,973,234", "Tangible Book Value": "219,222", "Total Debt": "1,428,047", "Net Debt": "849,505", "Share Issued": "179,232", "Ordinary Shares Number": "134,298", "Treasury Shares Number": "44,934"}, "12/31/2019": {"Duration": "12/31/2019", "Total Assets": "4,641,060", "Total Liabilities Net Minority Interest": "2,970,330", "Total Equity Gross Minority Interest": "1,670,730", "Total Capitalization": "2,763,178", "Common Stock Equity": "1,670,730", "Capital Lease Obligations": "320,724", "Net Tangible Assets": "236,277", "Working Capital": "1,084,080", "Invested Capital": "2,906,063", "Tangible Book Value": "236,277", "Total Debt": "1,556,057", "Net Debt": "787,475", "Share Issued": "179,380", "Ordinary Shares Number": "134,895", "Treasury Shares Number": "44,485"}, "12/31/2018": {"Duration": "12/31/2018", "Total Assets": "4,427,412", "Total Liabilities Net Minority Interest": "2,832,325", "Total Equity Gross Minority Interest": "1,595,087", "Total Capitalization": "2,936,439", "Common Stock Equity": "1,595,087", "Capital Lease Obligations": "-", "Net Tangible Assets": "192,668", "Working Capital": "1,319,751", "Invested Capital": "2,941,439", "Tangible Book Value": "192,668", "Total Debt": "1,346,352", "Net Debt": "967,737", "Share Issued": "179,400", "Ordinary Shares Number": "137,284", "Treasury Shares Number": "42,116"}}, "cf": {"TTM": {"Duration": "TTM", "Operating Cash Flow": "499,191", "Investing Cash Flow": "-271,714", "Financing Cash Flow": "-440,667", "End Cash Position": "243,796", "Income Tax Paid Supplemental Data": "93,070", "Interest Paid Supplemental Data": "47,518", "Capital Expenditure": "-54,009", "Issuance of Debt": "1,436,600", "Repayment of Debt": "-1,579,600", "Repurchase of Capital Stock": "-195,368", "Free Cash Flow": "445,182"}, "12/31/2020": {"Duration": "12/31/2020", "Operating Cash Flow": "499,191", "Investing Cash Flow": "-271,714", "Financing Cash Flow": "-440,667", "End Cash Position": "243,796", "Income Tax Paid Supplemental Data": "93,070", "Interest Paid Supplemental Data": "47,518", "Capital Expenditure": "-54,009", "Issuance of Debt": "1,436,600", "Repayment of Debt": "-1,579,600", "Repurchase of Capital Stock": "-195,368", "Free Cash Flow": "445,182"}, "12/31/2019": {"Duration": "12/31/2019", "Operating Cash Flow": "835,419", "Investing Cash Flow": "-113,029", "Financing Cash Flow": "-651,253", "End Cash Position": "447,858", "Income Tax Paid Supplemental Data": "219,029", "Interest Paid Supplemental Data": "50,854", "Capital Expenditure": "-70,465", "Issuance of Debt": "1,483,000", "Repayment of Debt": "-1,595,000", "Repurchase of Capital Stock": "-324,559", "Free Cash Flow": "764,954"}, "12/31/2018": {"Duration": "12/31/2018", "Operating Cash Flow": "792,896", "Investing Cash Flow": "-72,808", "Financing Cash Flow": "-655,177", "End Cash Position": "378,615", "Income Tax Paid Supplemental Data": "215,644", "Interest Paid Supplemental Data": "47,544", "Capital Expenditure": "-63,871", "Issuance of Debt": "3,265,012", "Repayment of Debt": "-3,384,000", "Repurchase of Capital Stock": "-322,255", "Free Cash Flow": "729,025"}}}}, {"EXPD": {"quote": {"03/28/2021": {"value": "107.80", "Market Cap": "18.185B", "Beta (5Y Monthly)": "0.77", "PE Ratio (TTM)": "26.49", "EPS (TTM)": "4.07", "Earnings Date": "May 03, 2021 - May 07, 2021", "Forward Dividend & Yield": "1.04 (0.96%)", "Ex-Dividend Date": "Nov 30, 2020", "1y Target Est": "92.92"}}, "fin": {"TTM": {"Duration": "TTM", "Total Revenue": "10,116,481", "Cost of Revenue": "8,953,716", "Gross Profit": "1,162,765", "Operating Expense": "222,328", "Operating Income": "940,437", "Net Non Operating Interest Income Expense": "10,415", "Other Income Expense": "5,712", "Pretax Income": "956,564", "Tax Provision": "258,350", "Net Income Common Stockholders": "696,140", "Diluted NI Available to Com Stockholders": "696,140", "Basic EPS": "-", "Diluted EPS": "-", "Basic Average Shares": "-", "Diluted Average Shares": "-", "Total Operating Income as Reported": "940,437", "Rent Expense Supplemental": "169,863", "Total Expenses": "9,176,044", "Interest Income": "10,415", "Net Interest Income": "10,415", "Net Income from Continuing & Discontinued Operation": "696,140", "Normalized Income": "696,140", "EBIT": "940,437", "EBITDA": "997,396", "Reconciled Cost of Revenue": "8,953,716", "Reconciled Depreciation": "56,959", "Net Income from Continuing Operation Net Minority Interest": "696,140", "Normalized EBITDA": "997,396", "Tax Rate for Calcs": "0", "Tax Effect of Unusual Items": "0"}, "12/31/2020": {"Duration": "12/31/2020", "Total Revenue": "10,116,481", "Cost of Revenue": "8,953,716", "Gross Profit": "1,162,765", "Operating Expense": "222,328", "Operating Income": "940,437", "Net Non Operating Interest Income Expense": "10,415", "Other Income Expense": "5,712", "Pretax Income": "956,564", "Tax Provision": "258,350", "Net Income Common Stockholders": "696,140", "Diluted NI Available to Com Stockholders": "696,140", "Basic EPS": "-", "Diluted EPS": "-", "Basic Average Shares": "-", "Diluted Average Shares": "-", "Total Operating Income as Reported": "940,437", "Rent Expense Supplemental": "169,863", "Total Expenses": "9,176,044", "Interest Income": "10,415", "Net Interest Income": "10,415", "Net Income from Continuing & Discontinued Operation": "696,140", "Normalized Income": "696,140", "EBIT": "940,437", "EBITDA": "-", "Reconciled Cost of Revenue": "8,953,716", "Reconciled Depreciation": "56,959", "Net Income from Continuing Operation Net Minority Interest": "696,140", "Normalized EBITDA": "997,396", "Tax Rate for Calcs": "0", "Tax Effect of Unusual Items": "0"}, "12/31/2019": {"Duration": "12/31/2019", "Total Revenue": "8,175,426", "Cost of Revenue": "7,178,405", "Gross Profit": "997,021", "Operating Expense": "230,329", "Operating Income": "766,692", "Net Non Operating Interest Income Expense": "22,803", "Other Income Expense": "6,299", "Pretax Income": "795,794", "Tax Provision": "203,778", "Net Income Common Stockholders": "590,395", "Diluted NI Available to Com Stockholders": "590,395", "Basic EPS": "3.45", "Diluted EPS": "3.39", "Basic Average Shares": "170,899", "Diluted Average Shares": "174,209", "Total Operating Income as Reported": "766,692", "Rent Expense Supplemental": "166,182", "Total Expenses": "7,408,734", "Interest Income": "22,803", "Net Interest Income": "22,803", "Net Income from Continuing & Discontinued Operation": "590,395", "Normalized Income": "590,395", "EBIT": "766,692", "EBITDA": "-", "Reconciled Cost of Revenue": "7,178,405", "Reconciled Depreciation": "50,950", "Net Income from Continuing Operation Net Minority Interest": "590,395", "Normalized EBITDA": "817,642", "Tax Rate for Calcs": "0", "Tax Effect of Unusual Items": "0"}, "12/31/2018": {"Duration": "12/31/2018", "Total Revenue": "8,138,365", "Cost of Revenue": "7,118,083", "Gross Profit": "1,020,282", "Operating Expense": "223,719", "Operating Income": "796,563", "Net Non Operating Interest Income Expense": "19,153", "Other Income Expense": "2,613", "Pretax Income": "818,329", "Tax Provision": "198,539", "Net Income Common Stockholders": "618,199", "Diluted NI Available to Com Stockholders": "618,199", "Basic EPS": "3.55", "Diluted EPS": "3.48", "Basic Average Shares": "174,133", "Diluted Average Shares": "177,833", "Total Operating Income as Reported": "796,563", "Rent Expense Supplemental": "152,813", "Total Expenses": "7,341,802", "Interest Income": "19,153", "Net Interest Income": "19,153", "Net Income from Continuing & Discontinued Operation": "618,199", "Normalized Income": "618,199", "EBIT": "796,563", "EBITDA": "-", "Reconciled Cost of Revenue": "7,118,083", "Reconciled Depreciation": "54,019", "Net Income from Continuing Operation Net Minority Interest": "618,199", "Normalized EBITDA": "850,582", "Tax Rate for Calcs": "0", "Tax Effect of Unusual Items": "0"}}, "bs": {"12/31/2020": {"Duration": "12/31/2020", "Total Assets": "4,927,503", "Total Liabilities Net Minority Interest": "2,264,276", "Total Equity Gross Minority Interest": "2,663,227", "Total Capitalization": "2,659,637", "Common Stock Equity": "2,659,637", "Capital Lease Obligations": "438,189", "Net Tangible Assets": "2,651,710", "Working Capital": "2,070,501", "Invested Capital": "2,659,637", "Tangible Book Value": "2,651,710", "Total Debt": "438,189", "Share Issued": "169,294", "Ordinary Shares Number": "169,294"}, "12/31/2019": {"Duration": "12/31/2019", "Total Assets": "3,691,884", "Total Liabilities Net Minority Interest": "1,494,665", "Total Equity Gross Minority Interest": "2,197,219", "Total Capitalization": "2,195,028", "Common Stock Equity": "2,195,028", "Capital Lease Obligations": "391,714", "Net Tangible Assets": "2,187,101", "Working Capital": "1,601,605", "Invested Capital": "2,195,028", "Tangible Book Value": "2,187,101", "Total Debt": "391,714", "Share Issued": "169,622", "Ordinary Shares Number": "169,622"}, "12/31/2018": {"Duration": "12/31/2018", "Total Assets": "3,314,559", "Total Liabilities Net Minority Interest": "1,326,839", "Total Equity Gross Minority Interest": "1,987,720", "Total Capitalization": "1,986,838", "Common Stock Equity": "1,986,838", "Capital Lease Obligations": "-", "Net Tangible Assets": "1,978,911", "Working Capital": "1,407,977", "Invested Capital": "1,986,838", "Tangible Book Value": "1,978,911", "Total Debt": "-", "Share Issued": "171,582", "Ordinary Shares Number": "171,582"}}, "cf": {"TTM": {"Duration": "TTM", "Operating Cash Flow": "655,012", "Investing Cash Flow": "-46,027", "Financing Cash Flow": "-331,537", "End Cash Position": "1,527,791", "Income Tax Paid Supplemental Data": "239,849", "Capital Expenditure": "-47,543", "Issuance of Capital Stock": "186,345", "Repurchase of Capital Stock": "-332,387", "Free Cash Flow": "607,469"}, "12/31/2020": {"Duration": "12/31/2020", "Operating Cash Flow": "655,012", "Investing Cash Flow": "-46,027", "Financing Cash Flow": "-331,537", "End Cash Position": "1,527,791", "Income Tax Paid Supplemental Data": "239,849", "Capital Expenditure": "-47,543", "Issuance of Capital Stock": "186,345", "Repurchase of Capital Stock": "-332,387", "Free Cash Flow": "607,469"}, "12/31/2019": {"Duration": "12/31/2019", "Operating Cash Flow": "771,935", "Investing Cash Flow": "-46,015", "Financing Cash Flow": "-418,042", "End Cash Position": "1,230,491", "Income Tax Paid Supplemental Data": "222,083", "Capital Expenditure": "-47,022", "Issuance of Capital Stock": "148,245", "Repurchase of Capital Stock": "-389,060", "Free Cash Flow": "724,913"}, "12/31/2018": {"Duration": "12/31/2018", "Operating Cash Flow": "572,804", "Investing Cash Flow": "-48,399", "Financing Cash Flow": "-627,738", "End Cash Position": "923,735", "Income Tax Paid Supplemental Data": "239,255", "Capital Expenditure": "-47,474", "Issuance of Capital Stock": "182,732", "Repurchase of Capital Stock": "-647,898", "Free Cash Flow": "525,330"}}}}, {"MLNK": {"quote": {"03/28/2021": {"value": "", "Net Assets": "N/A", "Beta (5Y Monthly)": "N/A", "Yield": "N/A", "5y Average Return": "N/A", "Holdings Turnover": "N/A", "Last Dividend": "N/A", "Average for Category": "N/A", "Inception Date": "N/A"}}, "fin": {}, "bs": {}, "cf": {}}}, {"HUBG": {"quote": {"03/28/2021": {"value": "67.66", "Market Cap": "2.33B", "Beta (5Y Monthly)": "1.04", "PE Ratio (TTM)": "30.89", "EPS (TTM)": "2.19", "Earnings Date": "Apr 28, 2021 - May 03, 2021", "Forward Dividend & Yield": "N/A (N/A)", "Ex-Dividend Date": "N/A", "1y Target Est": "65.79"}}, "fin": {"TTM": {"Duration": "TTM", "Total Revenue": "3,495,644", "Cost of Revenue": "3,258,984", "Gross Profit": "236,660", "Operating Expense": "130,834", "Operating Income": "105,826", "Net Non Operating Interest Income Expense": "-9,343", "Other Income Expense": "-383", "Pretax Income": "96,100", "Tax Provision": "22,541", "Net Income Common Stockholders": "73,559", "Diluted NI Available to Com Stockholders": "73,559", "Basic EPS": "-", "Diluted EPS": "-", "Basic Average Shares": "-", "Diluted Average Shares": "-", "Total Operating Income as Reported": "105,826", "Total Expenses": "3,389,818", "Interest Income": "403", "Interest Expense": "9,746", "Net Interest Income": "-9,343", "Net Income from Continuing & Discontinued Operation": "73,559", "Normalized Income": "73,559", "EBIT": "105,846", "EBITDA": "229,525", "Reconciled Cost of Revenue": "3,166,542", "Reconciled Depreciation": "123,679", "Net Income from Continuing Operation Net Minority Interest": "73,559", "Normalized EBITDA": "229,525", "Tax Rate for Calcs": "0", "Tax Effect of Unusual Items": "0"}, "12/31/2020": {"Duration": "12/31/2020", "Total Revenue": "3,495,644", "Cost of Revenue": "3,258,984", "Gross Profit": "236,660", "Operating Expense": "130,834", "Operating Income": "105,826", "Net Non Operating Interest Income Expense": "-9,343", "Other Income Expense": "-383", "Pretax Income": "96,100", "Tax Provision": "22,541", "Net Income Common Stockholders": "73,559", "Diluted NI Available to Com Stockholders": "73,559", "Basic EPS": "-", "Diluted EPS": "-", "Basic Average Shares": "-", "Diluted Average Shares": "-", "Total Operating Income as Reported": "105,826", "Total Expenses": "3,389,818", "Interest Income": "403", "Interest Expense": "9,746", "Net Interest Income": "-9,343", "Net Income from Continuing & Discontinued Operation": "73,559", "Normalized Income": "73,559", "EBIT": "105,846", "EBITDA": "-", "Reconciled Cost of Revenue": "3,166,542", "Reconciled Depreciation": "123,679", "Net Income from Continuing Operation Net Minority Interest": "73,559", "Normalized EBITDA": "229,525", "Tax Rate for Calcs": "0", "Tax Effect of Unusual Items": "0"}, "12/31/2019": {"Duration": "12/31/2019", "Total Revenue": "3,668,117", "Cost of Revenue": "3,383,010", "Gross Profit": "285,107", "Operating Expense": "132,687", "Operating Income": "152,420", "Net Non Operating Interest Income Expense": "-8,891", "Other Income Expense": "341", "Pretax Income": "143,870", "Tax Provision": "36,699", "Net Income Common Stockholders": "107,171", "Diluted NI Available to Com Stockholders": "107,171", "Basic EPS": "3.22", "Diluted EPS": "3.20", "Basic Average Shares": "33,284", "Diluted Average Shares": "33,480", "Total Operating Income as Reported": "152,420", "Total Expenses": "3,515,697", "Interest Income": "2,103", "Interest Expense": "10,994", "Net Interest Income": "-8,891", "Net Income from Continuing & Discontinued Operation": "107,171", "Normalized Income": "107,171", "EBIT": "154,864", "EBITDA": "-", "Reconciled Cost of Revenue": "3,294,604", "Reconciled Depreciation": "116,887", "Net Income from Continuing Operation Net Minority Interest": "107,171", "Normalized EBITDA": "271,751", "Tax Rate for Calcs": "0", "Tax Effect of Unusual Items": "0"}, "12/31/2018": {"Duration": "12/31/2018", "Total Revenue": "3,683,593", "Cost of Revenue": "3,460,778", "Gross Profit": "222,815", "Operating Expense": "97,896", "Operating Income": "124,919", "Net Non Operating Interest Income Expense": "-8,252", "Other Income Expense": "58", "Pretax Income": "116,725", "Tax Provision": "29,064", "Net Income Common Stockholders": "201,740", "Diluted NI Available to Com Stockholders": "201,740", "Basic EPS": "6.04", "Diluted EPS": "6.01", "Basic Average Shares": "33,393", "Diluted Average Shares": "33,560", "Total Operating Income as Reported": "124,919", "Total Expenses": "3,558,674", "Interest Income": "1,359", "Interest Expense": "9,611", "Net Interest Income": "-8,252", "Net Income from Continuing & Discontinued Operation": "201,740", "Normalized Income": "87,661", "EBIT": "126,336", "EBITDA": "-", "Reconciled Cost of Revenue": "3,393,492", "Reconciled Depreciation": "83,910", "Net Income from Continuing Operation Net Minority Interest": "87,661", "Normalized EBITDA": "210,246", "Tax Rate for Calcs": "0", "Tax Effect of Unusual Items": "0"}}, "bs": {"12/31/2020": {"Duration": "12/31/2020", "Total Assets": "2,105,396", "Total Liabilities Net Minority Interest": "947,473", "Total Equity Gross Minority Interest": "1,157,923", "Total Capitalization": "1,334,720", "Common Stock Equity": "1,157,923", "Capital Lease Obligations": "48,222", "Net Tangible Assets": "485,415", "Working Capital": "143,730", "Invested Capital": "1,428,282", "Tangible Book Value": "485,415", "Total Debt": "318,581", "Net Debt": "145,853", "Share Issued": "41,887", "Ordinary Shares Number": "34,212", "Treasury Shares Number": "7,675"}, "12/31/2019": {"Duration": "12/31/2019", "Total Assets": "1,991,574", "Total Liabilities Net Minority Interest": "916,295", "Total Equity Gross Minority Interest": "1,075,279", "Total Capitalization": "1,262,213", "Common Stock Equity": "1,075,279", "Capital Lease Obligations": "41,953", "Net Tangible Assets": "469,853", "Working Capital": "132,857", "Invested Capital": "1,356,904", "Tangible Book Value": "469,853", "Total Debt": "323,578", "Net Debt": "112,896", "Share Issued": "41,887", "Ordinary Shares Number": "34,016", "Treasury Shares Number": "7,871"}, "12/31/2018": {"Duration": "12/31/2018", "Total Assets": "1,924,898", "Total Liabilities Net Minority Interest": "944,064", "Total Equity Gross Minority Interest": "980,834", "Total Capitalization": "1,209,905", "Common Stock Equity": "980,834", "Capital Lease Obligations": "7,584", "Net Tangible Assets": "362,462", "Working Capital": "61,935", "Invested Capital": "1,311,618", "Tangible Book Value": "362,462", "Total Debt": "338,368", "Net Debt": "269,349", "Share Issued": "41,887", "Ordinary Shares Number": "34,456", "Treasury Shares Number": "7,431"}}, "cf": {"TTM": {"Duration": "TTM", "Operating Cash Flow": "174,954", "Investing Cash Flow": "-196,862", "Financing Cash Flow": "-22,295", "End Cash Position": "124,506", "Income Tax Paid Supplemental Data": "18,388", "Interest Paid Supplemental Data": "9,458", "Capital Expenditure": "-115,306", "Issuance of Debt": "187,475", "Repayment of Debt": "-201,807", "Repurchase of Capital Stock": "0", "Free Cash Flow": "59,648"}, "12/31/2020": {"Duration": "12/31/2020", "Operating Cash Flow": "174,954", "Investing Cash Flow": "-196,862", "Financing Cash Flow": "-22,295", "End Cash Position": "124,506", "Income Tax Paid Supplemental Data": "18,388", "Interest Paid Supplemental Data": "9,458", "Capital Expenditure": "-115,306", "Issuance of Debt": "187,475", "Repayment of Debt": "-201,807", "Repurchase of Capital Stock": "0", "Free Cash Flow": "59,648"}, "12/31/2019": {"Duration": "12/31/2019", "Operating Cash Flow": "254,509", "Investing Cash Flow": "-66,117", "Financing Cash Flow": "-81,095", "End Cash Position": "168,729", "Income Tax Paid Supplemental Data": "40,289", "Interest Paid Supplemental Data": "11,262", "Capital Expenditure": "-94,847", "Issuance of Debt": "56,494", "Repayment of Debt": "-108,607", "Repurchase of Capital Stock": "-24,998", "Free Cash Flow": "159,662"}, "12/31/2018": {"Duration": "12/31/2018", "Operating Cash Flow": "210,839", "Investing Cash Flow": "-209,486", "Financing Cash Flow": "31,551", "End Cash Position": "61,435", "Income Tax Paid Supplemental Data": "13,606", "Interest Paid Supplemental Data": "9,677", "Capital Expenditure": "-199,791", "Issuance of Debt": "172,146", "Repayment of Debt": "-136,325", "Repurchase of Capital Stock": "0", "Free Cash Flow": "11,048"}}}}, {"UPS": {"quote": {"03/28/2021": {"value": "167.98", "Market Cap": "145.645B", "Beta (5Y Monthly)": "1.01", "PE Ratio (TTM)": "109.08", "EPS (TTM)": "1.54", "Earnings Date": "Apr 27, 2021", "Forward Dividend & Yield": "4.08 (2.43%)", "Ex-Dividend Date": "Feb 19, 2021", "1y Target Est": "176.11"}}, "fin": {"TTM": {"Duration": "TTM", "Total Revenue": "84,628,000", "Cost of Revenue": "69,344,000", "Gross Profit": "15,284,000", "Operating Expense": "7,600,000", "Operating Income": "7,684,000", "Net Non Operating Interest Income Expense": "-701,000", "Other Income Expense": "-5,139,000", "Pretax Income": "1,844,000", "Tax Provision": "501,000", "Net Income Common Stockholders": "1,343,000", "Diluted NI Available to Com Stockholders": "1,343,000", "Basic EPS": "-", "Diluted EPS": "-", "Basic Average Shares": "-", "Diluted Average Shares": "-", "Total Operating Income as Reported": "7,684,000", "Rent Expense Supplemental": "1,539,000", "Total Expenses": "76,944,000", "Interest Expense": "701,000", "Net Interest Income": "-701,000", "Net Income from Continuing & Discontinued Operation": "1,343,000", "Normalized Income": "5,084,192", "EBIT": "2,545,000", "EBITDA": "5,243,000", "Reconciled Cost of Revenue": "69,344,000", "Reconciled Depreciation": "2,698,000", "Net Income from Continuing Operation Net Minority Interest": "1,343,000", "Total Unusual Items Excluding Goodwill": "-5,139,000", "Total Unusual Items": "-5,139,000", "Normalized EBITDA": "10,382,000", "Tax Rate for Calcs": "0", "Tax Effect of Unusual Items": "-1,397,808"}, "12/31/2020": {"Duration": "12/31/2020", "Total Revenue": "84,628,000", "Cost of Revenue": "69,344,000", "Gross Profit": "15,284,000", "Operating Expense": "7,600,000", "Operating Income": "7,684,000", "Net Non Operating Interest Income Expense": "-701,000", "Other Income Expense": "-5,139,000", "Pretax Income": "1,844,000", "Tax Provision": "501,000", "Net Income Common Stockholders": "1,343,000", "Diluted NI Available to Com Stockholders": "1,343,000", "Basic EPS": "-", "Diluted EPS": "-", "Basic Average Shares": "-", "Diluted Average Shares": "-", "Total Operating Income as Reported": "7,684,000", "Rent Expense Supplemental": "1,539,000", "Total Expenses": "76,944,000", "Interest Expense": "701,000", "Net Interest Income": "-701,000", "Net Income from Continuing & Discontinued Operation": "1,343,000", "Normalized Income": "5,084,192", "EBIT": "2,545,000", "EBITDA": "-", "Reconciled Cost of Revenue": "69,344,000", "Reconciled Depreciation": "2,698,000", "Net Income from Continuing Operation Net Minority Interest": "1,343,000", "Total Unusual Items Excluding Goodwill": "-5,139,000", "Total Unusual Items": "-5,139,000", "Normalized EBITDA": "10,382,000", "Tax Rate for Calcs": "0", "Tax Effect of Unusual Items": "-1,397,808"}, "12/31/2019": {"Duration": "12/31/2019", "Total Revenue": "74,094,000", "Cost of Revenue": "60,377,000", "Gross Profit": "13,717,000", "Operating Expense": "5,919,000", "Operating Income": "7,798,000", "Net Non Operating Interest Income Expense": "-653,000", "Other Income Expense": "-1,493,000", "Pretax Income": "5,652,000", "Tax Provision": "1,212,000", "Net Income Common Stockholders": "4,440,000", "Diluted NI Available to Com Stockholders": "4,440,000", "Basic EPS": "5.14", "Diluted EPS": "5.11", "Basic Average Shares": "864,000", "Diluted Average Shares": "869,000", "Total Operating Income as Reported": "7,798,000", "Rent Expense Supplemental": "1,392,000", "Total Expenses": "66,296,000", "Interest Expense": "653,000", "Net Interest Income": "-653,000", "Net Income from Continuing & Discontinued Operation": "4,440,000", "Normalized Income": "5,613,498", "EBIT": "6,305,000", "EBITDA": "-", "Reconciled Cost of Revenue": "60,377,000", "Reconciled Depreciation": "2,360,000", "Net Income from Continuing Operation Net Minority Interest": "4,440,000", "Total Unusual Items Excluding Goodwill": "-1,493,000", "Total Unusual Items": "-1,493,000", "Normalized EBITDA": "10,158,000", "Tax Rate for Calcs": "0", "Tax Effect of Unusual Items": "-319,502"}, "12/31/2018": {"Duration": "12/31/2018", "Total Revenue": "71,861,000", "Cost of Revenue": "59,372,000", "Gross Profit": "12,489,000", "Operating Expense": "5,465,000", "Operating Income": "7,024,000", "Net Non Operating Interest Income Expense": "-605,000", "Other Income Expense": "-400,000", "Pretax Income": "6,019,000", "Tax Provision": "1,228,000", "Net Income Common Stockholders": "4,791,000", "Diluted NI Available to Com Stockholders": "4,791,000", "Basic EPS": "5.53", "Diluted EPS": "5.51", "Basic Average Shares": "866,000", "Diluted Average Shares": "870,000", "Total Operating Income as Reported": "7,024,000", "Rent Expense Supplemental": "1,362,000", "Total Expenses": "64,837,000", "Interest Expense": "605,000", "Net Interest Income": "-605,000", "Net Income from Continuing & Discontinued Operation": "4,791,000", "Normalized Income": "5,109,400", "EBIT": "6,624,000", "EBITDA": "-", "Reconciled Cost of Revenue": "59,372,000", "Reconciled Depreciation": "2,207,000", "Net Income from Continuing Operation Net Minority Interest": "4,791,000", "Total Unusual Items Excluding Goodwill": "-400,000", "Total Unusual Items": "-400,000", "Normalized EBITDA": "9,231,000", "Tax Rate for Calcs": "0", "Tax Effect of Unusual Items": "-81,600"}}, "bs": {"12/31/2020": {"Duration": "12/31/2020", "Total Assets": "62,408,000", "Total Liabilities Net Minority Interest": "61,739,000", "Total Equity Gross Minority Interest": "669,000", "Total Capitalization": "22,688,000", "Common Stock Equity": "657,000", "Capital Lease Obligations": "3,100,000", "Net Tangible Assets": "-4,984,000", "Working Capital": "3,200,000", "Invested Capital": "25,311,000", "Tangible Book Value": "-4,984,000", "Total Debt": "27,754,000", "Net Debt": "18,744,000", "Share Issued": "865,000", "Ordinary Shares Number": "864,600", "Treasury Shares Number": "400"}, "12/31/2019": {"Duration": "12/31/2019", "Total Assets": "57,857,000", "Total Liabilities Net Minority Interest": "54,574,000", "Total Equity Gross Minority Interest": "3,283,000", "Total Capitalization": "25,085,000", "Common Stock Equity": "3,267,000", "Capital Lease Obligations": "2,929,000", "Net Tangible Assets": "-2,713,000", "Working Capital": "1,690,000", "Invested Capital": "28,505,000", "Tangible Book Value": "-2,713,000", "Total Debt": "28,167,000", "Net Debt": "20,000,000", "Share Issued": "857,000", "Ordinary Shares Number": "857,000", "Treasury Shares Number": "-"}, "12/31/2018": {"Duration": "12/31/2018", "Total Assets": "50,016,000", "Total Liabilities Net Minority Interest": "46,979,000", "Total Equity Gross Minority Interest": "3,037,000", "Total Capitalization": "22,558,000", "Common Stock Equity": "3,021,000", "Capital Lease Obligations": "534,000", "Net Tangible Assets": "-2,866,000", "Working Capital": "2,123,000", "Invested Capital": "25,223,000", "Tangible Book Value": "-2,866,000", "Total Debt": "22,736,000", "Net Debt": "17,977,000", "Share Issued": "859,000", "Ordinary Shares Number": "858,000", "Treasury Shares Number": "1,000"}}, "cf": {"TTM": {"Duration": "TTM", "Operating Cash Flow": "10,459,000", "Investing Cash Flow": "-5,283,000", "Financing Cash Flow": "-4,517,000", "End Cash Position": "5,910,000", "Income Tax Paid Supplemental Data": "1,138,000", "Interest Paid Supplemental Data": "691,000", "Capital Expenditure": "-5,412,000", "Issuance of Capital Stock": "285,000", "Issuance of Debt": "5,003,000", "Repayment of Debt": "-3,392,000", "Repurchase of Capital Stock": "-224,000", "Free Cash Flow": "5,047,000"}, "12/31/2020": {"Duration": "12/31/2020", "Operating Cash Flow": "10,459,000", "Investing Cash Flow": "-5,283,000", "Financing Cash Flow": "-4,517,000", "End Cash Position": "5,910,000", "Income Tax Paid Supplemental Data": "1,138,000", "Interest Paid Supplemental Data": "691,000", "Capital Expenditure": "-5,412,000", "Issuance of Capital Stock": "285,000", "Issuance of Debt": "5,003,000", "Repayment of Debt": "-3,392,000", "Repurchase of Capital Stock": "-224,000", "Free Cash Flow": "5,047,000"}, "12/31/2019": {"Duration": "12/31/2019", "Operating Cash Flow": "8,639,000", "Investing Cash Flow": "-6,061,000", "Financing Cash Flow": "-1,727,000", "End Cash Position": "5,238,000", "Income Tax Paid Supplemental Data": "514,000", "Interest Paid Supplemental Data": "628,000", "Capital Expenditure": "-6,380,000", "Issuance of Capital Stock": "218,000", "Issuance of Debt": "5,205,000", "Repayment of Debt": "-3,096,000", "Repurchase of Capital Stock": "-1,004,000", "Free Cash Flow": "2,259,000"}, "12/31/2018": {"Duration": "12/31/2018", "Operating Cash Flow": "12,711,000", "Investing Cash Flow": "-6,330,000", "Financing Cash Flow": "-5,692,000", "End Cash Position": "4,367,000", "Income Tax Paid Supplemental Data": "2,000", "Interest Paid Supplemental Data": "595,000", "Capital Expenditure": "-6,283,000", "Issuance of Capital Stock": "240,000", "Issuance of Debt": "1,202,000", "Repayment of Debt": "-2,887,000", "Repurchase of Capital Stock": "-1,011,000", "Free Cash Flow": "6,428,000"}}}}, {"XPO": {"quote": {"03/28/2021": {"value": "123.21", "Market Cap": "12.593B", "Beta (5Y Monthly)": "2.23", "PE Ratio (TTM)": "157.96", "EPS (TTM)": "0.78", "Earnings Date": "May 03, 2021 - May 07, 2021", "Forward Dividend & Yield": "N/A (N/A)", "Ex-Dividend Date": "N/A", "1y Target Est": "138.65"}}, "fin": {"TTM": {"Duration": "TTM", "Total Revenue": "16,252,000", "Cost of Revenue": "13,689,000", "Gross Profit": "2,563,000", "Operating Expense": "2,172,000", "Operating Income": "391,000", "Net Non Operating Interest Income Expense": "-325,000", "Other Income Expense": "82,000", "Pretax Income": "148,000", "Tax Provision": "31,000", "Net Income Common Stockholders": "79,000", "Average Dilution Earnings": "-", "Diluted NI Available to Com Stockholders": "79,000", "Basic EPS": "-", "Diluted EPS": "-", "Basic Average Shares": "-", "Diluted Average Shares": "-", "Total Operating Income as Reported": "391,000", "Total Expenses": "15,861,000", "Interest Expense": "325,000", "Net Interest Income": "-325,000", "Net Income from Continuing & Discontinued Operation": "110,000", "Normalized Income": "107,633", "EBIT": "473,000", "EBITDA": "1,239,000", "Reconciled Cost of Revenue": "13,689,000", "Reconciled Depreciation": "766,000", "Net Income from Continuing Operation Net Minority Interest": "110,000", "Total Unusual Items Excluding Goodwill": "3,000", "Total Unusual Items": "3,000", "Normalized EBITDA": "1,236,000", "Tax Rate for Calcs": "0", "Tax Effect of Unusual Items": "633"}, "12/31/2020": {"Duration": "12/31/2020", "Total Revenue": "16,252,000", "Cost of Revenue": "13,689,000", "Gross Profit": "2,563,000", "Operating Expense": "2,172,000", "Operating Income": "391,000", "Net Non Operating Interest Income Expense": "-325,000", "Other Income Expense": "82,000", "Pretax Income": "148,000", "Tax Provision": "31,000", "Net Income Common Stockholders": "79,000", "Average Dilution Earnings": "-", "Diluted NI Available to Com Stockholders": "79,000", "Basic EPS": "0.87", "Diluted EPS": "0.78", "Basic Average Shares": "92,000", "Diluted Average Shares": "102,000", "Total Operating Income as Reported": "391,000", "Total Expenses": "15,861,000", "Interest Expense": "325,000", "Net Interest Income": "-325,000", "Net Income from Continuing & Discontinued Operation": "110,000", "Normalized Income": "107,633", "EBIT": "473,000", "EBITDA": "-", "Reconciled Cost of Revenue": "13,689,000", "Reconciled Depreciation": "766,000", "Net Income from Continuing Operation Net Minority Interest": "110,000", "Total Unusual Items Excluding Goodwill": "3,000", "Total Unusual Items": "3,000", "Normalized EBITDA": "1,236,000", "Tax Rate for Calcs": "0", "Tax Effect of Unusual Items": "633"}, "12/31/2019": {"Duration": "12/31/2019", "Total Revenue": "16,648,000", "Cost of Revenue": "13,982,000", "Gross Profit": "2,666,000", "Operating Expense": "1,845,000", "Operating Income": "821,000", "Net Non Operating Interest Income Expense": "-292,000", "Other Income Expense": "40,000", "Pretax Income": "569,000", "Tax Provision": "129,000", "Net Income Common Stockholders": "379,000", "Average Dilution Earnings": "-", "Diluted NI Available to Com Stockholders": "379,000", "Basic EPS": "3.95", "Diluted EPS": "3.57", "Basic Average Shares": "96,000", "Diluted Average Shares": "106,000", "Total Operating Income as Reported": "821,000", "Total Expenses": "15,827,000", "Interest Expense": "292,000", "Net Interest Income": "-292,000", "Net Income from Continuing & Discontinued Operation": "419,000", "Normalized Income": "429,836", "EBIT": "861,000", "EBITDA": "-", "Reconciled Cost of Revenue": "13,982,000", "Reconciled Depreciation": "739,000", "Net Income from Continuing Operation Net Minority Interest": "419,000", "Total Unusual Items Excluding Goodwill": "-14,000", "Total Unusual Items": "-14,000", "Normalized EBITDA": "1,614,000", "Tax Rate for Calcs": "0", "Tax Effect of Unusual Items": "-3,164"}, "12/31/2018": {"Duration": "12/31/2018", "Total Revenue": "17,279,000", "Cost of Revenue": "14,738,000", "Gross Profit": "2,541,000", "Operating Expense": "1,837,000", "Operating Income": "704,000", "Net Non Operating Interest Income Expense": "-217,000", "Other Income Expense": "79,000", "Pretax Income": "566,000", "Tax Provision": "122,000", "Net Income Common Stockholders": "390,000", "Average Dilution Earnings": "0", "Diluted NI Available to Com Stockholders": "390,000", "Basic EPS": "3.17", "Diluted EPS": "2.88", "Basic Average Shares": "123,000", "Diluted Average Shares": "135,000", "Total Operating Income as Reported": "704,000", "Total Expenses": "16,575,000", "Interest Expense": "217,000", "Net Interest Income": "-217,000", "Net Income from Continuing & Discontinued Operation": "422,000", "Normalized Income": "445,520", "EBIT": "783,000", "EBITDA": "-", "Reconciled Cost of Revenue": "14,738,000", "Reconciled Depreciation": "716,000", "Net Income from Continuing Operation Net Minority Interest": "422,000", "Total Unusual Items Excluding Goodwill": "-30,000", "Total Unusual Items": "-30,000", "Normalized EBITDA": "1,529,000", "Tax Rate for Calcs": "0", "Tax Effect of Unusual Items": "-6,480"}}, "bs": {"12/31/2020": {"Duration": "12/31/2020", "Total Assets": "16,169,000", "Total Liabilities Net Minority Interest": "13,320,000", "Total Equity Gross Minority Interest": "2,849,000", "Total Capitalization": "8,078,000", "Preferred Stock Equity": "1,000", "Common Stock Equity": "2,708,000", "Capital Lease Obligations": "2,278,000", "Net Tangible Assets": "-2,864,000", "Working Capital": "217,000", "Invested Capital": "9,415,000", "Tangible Book Value": "-2,865,000", "Total Debt": "8,985,000", "Net Debt": "4,653,000", "Share Issued": "102,000", "Ordinary Shares Number": "102,000", "Preferred Shares Number": "-"}, "12/31/2019": {"Duration": "12/31/2019", "Total Assets": "14,128,000", "Total Liabilities Net Minority Interest": "11,232,000", "Total Equity Gross Minority Interest": "2,896,000", "Total Capitalization": "7,925,000", "Preferred Stock Equity": "41,000", "Common Stock Equity": "2,702,000", "Capital Lease Obligations": "2,244,000", "Net Tangible Assets": "-2,799,000", "Working Capital": "84,000", "Invested Capital": "7,968,000", "Tangible Book Value": "-2,840,000", "Total Debt": "7,510,000", "Net Debt": "4,889,000", "Share Issued": "92,300", "Ordinary Shares Number": "92,300", "Preferred Shares Number": "-"}, "12/31/2018": {"Duration": "12/31/2018", "Total Assets": "12,270,000", "Total Liabilities Net Minority Interest": "8,300,000", "Total Equity Gross Minority Interest": "3,970,000", "Total Capitalization": "7,477,000", "Preferred Stock Equity": "41,000", "Common Stock Equity": "3,534,000", "Capital Lease Obligations": "-", "Net Tangible Assets": "-2,145,000", "Working Capital": "375,000", "Invested Capital": "7,803,000", "Tangible Book Value": "-2,186,000", "Total Debt": "4,269,000", "Net Debt": "3,767,000", "Share Issued": "116,000", "Ordinary Shares Number": "116,000", "Preferred Shares Number": "-"}}, "cf": {"TTM": {"Duration": "TTM", "Operating Cash Flow": "885,000", "Investing Cash Flow": "-357,000", "Financing Cash Flow": "1,136,000", "End Cash Position": "2,065,000", "Income Tax Paid Supplemental Data": "65,000", "Interest Paid Supplemental Data": "323,000", "Capital Expenditure": "-526,000", "Issuance of Capital Stock": "-", "Issuance of Debt": "2,222,000", "Repayment of Debt": "-922,000", "Repurchase of Capital Stock": "-136,000", "Free Cash Flow": "359,000"}, "12/31/2020": {"Duration": "12/31/2020", "Operating Cash Flow": "885,000", "Investing Cash Flow": "-357,000", "Financing Cash Flow": "1,136,000", "End Cash Position": "2,065,000", "Income Tax Paid Supplemental Data": "65,000", "Interest Paid Supplemental Data": "323,000", "Capital Expenditure": "-526,000", "Issuance of Capital Stock": "-", "Issuance of Debt": "2,222,000", "Repayment of Debt": "-922,000", "Repurchase of Capital Stock": "-136,000", "Free Cash Flow": "359,000"}, "12/31/2019": {"Duration": "12/31/2019", "Operating Cash Flow": "791,000", "Investing Cash Flow": "-161,000", "Financing Cash Flow": "-759,000", "End Cash Position": "387,000", "Income Tax Paid Supplemental Data": "121,000", "Interest Paid Supplemental Data": "282,000", "Capital Expenditure": "-601,000", "Issuance of Capital Stock": "0", "Issuance of Debt": "3,689,000", "Repayment of Debt": "-2,802,000", "Repurchase of Capital Stock": "-1,347,000", "Free Cash Flow": "190,000"}, "12/31/2018": {"Duration": "12/31/2018", "Operating Cash Flow": "1,102,000", "Investing Cash Flow": "-400,000", "Financing Cash Flow": "-620,000", "End Cash Position": "514,000", "Income Tax Paid Supplemental Data": "70,000", "Interest Paid Supplemental Data": "233,000", "Capital Expenditure": "-551,000", "Issuance of Capital Stock": "0", "Issuance of Debt": "2,429,000", "Repayment of Debt": "-2,799,000", "Repurchase of Capital Stock": "-536,000", "Free Cash Flow": "551,000"}}}}, {"RRTS": {"quote": {"03/28/2021": {"value": "5.02", "Market Cap": "190.221M", "Beta (5Y Monthly)": "2.12", "PE Ratio (TTM)": "N/A", "EPS (TTM)": "-10.62", "Earnings Date": "Mar 26, 2020", "Forward Dividend & Yield": "N/A (N/A)", "Ex-Dividend Date": "N/A", "1y Target Est": "N/A"}}, "fin": {"TTM": {"Duration": "TTM", "Total Revenue": "1,847,862", "Cost of Revenue": "1,619,110", "Gross Profit": "228,752", "Operating Expense": "370,213", "Operating Income": "-141,461", "Net Non Operating Interest Income Expense": "-20,412", "Other Income Expense": "-182,724", "Pretax Income": "-344,597", "Tax Provision": "-3,660", "Net Income Common Stockholders": "-340,937", "Diluted NI Available to Com Stockholders": "-340,937", "Basic EPS": "-", "Diluted EPS": "-", "Basic Average Shares": "-", "Diluted Average Shares": "-", "Total Operating Income as Reported": "-321,915", "Total Expenses": "1,989,323", "Interest Expense": "20,412", "Net Interest Income": "-20,412", "Net Income from Continuing & Discontinued Operation": "-340,937", "Normalized Income": "-160,223", "EBIT": "-324,185", "EBITDA": "-264,431", "Reconciled Cost of Revenue": "1,619,110", "Reconciled Depreciation": "59,754", "Net Income from Continuing Operation Net Minority Interest": "-340,937", "Total Unusual Items Excluding Goodwill": "-182,724", "Total Unusual Items": "-182,724", "Normalized EBITDA": "-81,707", "Tax Rate for Calcs": "0", "Tax Effect of Unusual Items": "-2,010"}, "12/31/2019": {"Duration": "12/31/2019", "Total Revenue": "1,847,862", "Cost of Revenue": "1,619,110", "Gross Profit": "228,752", "Operating Expense": "370,213", "Operating Income": "-141,461", "Net Non Operating Interest Income Expense": "-20,412", "Other Income Expense": "-182,724", "Pretax Income": "-344,597", "Tax Provision": "-3,660", "Net Income Common Stockholders": "-340,937", "Diluted NI Available to Com Stockholders": "-340,937", "Basic EPS": "-", "Diluted EPS": "-", "Basic Average Shares": "-", "Diluted Average Shares": "-", "Total Operating Income as Reported": "-321,915", "Total Expenses": "1,989,323", "Interest Expense": "20,412", "Net Interest Income": "-20,412", "Net Income from Continuing & Discontinued Operation": "-340,937", "Normalized Income": "-160,223", "EBIT": "-324,185", "EBITDA": "-", "Reconciled Cost of Revenue": "1,619,110", "Reconciled Depreciation": "59,754", "Net Income from Continuing Operation Net Minority Interest": "-340,937", "Total Unusual Items Excluding Goodwill": "-182,724", "Total Unusual Items": "-182,724", "Normalized EBITDA": "-81,707", "Tax Rate for Calcs": "0", "Tax Effect of Unusual Items": "-2,010"}, "12/31/2018": {"Duration": "12/31/2018", "Total Revenue": "2,216,141", "Cost of Revenue": "1,870,935", "Gross Profit": "345,206", "Operating Expense": "397,468", "Operating Income": "-52,262", "Net Non Operating Interest Income Expense": "-116,912", "Other Income Expense": "-6,237", "Pretax Income": "-175,411", "Tax Provision": "-9,814", "Net Income Common Stockholders": "-165,597", "Diluted NI Available to Com Stockholders": "-165,597", "Basic EPS": "-107.50", "Diluted EPS": "-107.50", "Basic Average Shares": "1,542", "Diluted Average Shares": "1,542", "Total Operating Income as Reported": "-58,499", "Total Expenses": "2,268,403", "Interest Expense": "116,912", "Net Interest Income": "-116,912", "Net Income from Continuing & Discontinued Operation": "-165,597", "Normalized Income": "-159,709", "EBIT": "-58,499", "EBITDA": "-", "Reconciled Cost of Revenue": "1,870,935", "Reconciled Depreciation": "43,547", "Net Income from Continuing Operation Net Minority Interest": "-165,597", "Total Unusual Items Excluding Goodwill": "-6,237", "Total Unusual Items": "-6,237", "Normalized EBITDA": "-8,715", "Tax Rate for Calcs": "0", "Tax Effect of Unusual Items": "-349.272"}}, "bs": {"12/31/2019": {"Duration": "12/31/2019", "Total Assets": "670,397", "Total Liabilities Net Minority Interest": "614,565", "Total Equity Gross Minority Interest": "55,832", "Total Capitalization": "249,067", "Common Stock Equity": "55,832", "Capital Lease Obligations": "198,907", "Net Tangible Assets": "-67,416", "Working Capital": "-9,635", "Invested Capital": "260,592", "Tangible Book Value": "-67,416", "Total Debt": "403,667", "Net Debt": "199,983", "Share Issued": "37,870", "Ordinary Shares Number": "37,870"}, "12/31/2018": {"Duration": "12/31/2018", "Total Assets": "853,457", "Total Liabilities Net Minority Interest": "905,612", "Total Equity Gross Minority Interest": "-52,155", "Total Capitalization": "103,441", "Common Stock Equity": "-52,155", "Capital Lease Obligations": "50,966", "Net Tangible Assets": "-359,507", "Working Capital": "53,453", "Invested Capital": "116,612", "Tangible Book Value": "-359,507", "Total Debt": "219,733", "Net Debt": "157,588", "Share Issued": "1,556", "Ordinary Shares Number": "1,556"}}, "cf": {"TTM": {"Duration": "TTM", "Operating Cash Flow": "-97,075", "Investing Cash Flow": "60,905", "Financing Cash Flow": "29,768", "End Cash Position": "4,777", "Interest Paid Supplemental Data": "18,252", "Capital Expenditure": "-27,745", "Issuance of Capital Stock": "450,000", "Issuance of Debt": "686,033", "Repayment of Debt": "-689,820", "Repurchase of Capital Stock": "-404,651", "Free Cash Flow": "-124,820"}, "12/31/2019": {"Duration": "12/31/2019", "Operating Cash Flow": "-97,075", "Investing Cash Flow": "60,905", "Financing Cash Flow": "29,768", "End Cash Position": "4,777", "Interest Paid Supplemental Data": "18,252", "Capital Expenditure": "-27,745", "Issuance of Capital Stock": "450,000", "Issuance of Debt": "686,033", "Repayment of Debt": "-689,820", "Repurchase of Capital Stock": "-404,651", "Free Cash Flow": "-124,820"}, "12/31/2018": {"Duration": "12/31/2018", "Operating Cash Flow": "5,594", "Investing Cash Flow": "-22,715", "Financing Cash Flow": "2,598", "End Cash Position": "11,179", "Interest Paid Supplemental Data": "10,408", "Capital Expenditure": "-25,495", "Issuance of Capital Stock": "34,999", "Issuance of Debt": "696,308", "Repayment of Debt": "-732,788", "Repurchase of Capital Stock": "-81", "Free Cash Flow": "-19,901"}}}}, {"RLGT": {"quote": {"03/28/2021": {"value": "6.72", "Market Cap": "335.782M", "Beta (5Y Monthly)": "1.53", "PE Ratio (TTM)": "28.72", "EPS (TTM)": "0.23", "Earnings Date": "Feb 09, 2021", "Forward Dividend & Yield": "N/A (N/A)", "Ex-Dividend Date": "N/A", "1y Target Est": "9.17"}}, "fin": {"TTM": {"Duration": "TTM", "Total Revenue": "847,409", "Cost of Revenue": "719,232", "Gross Profit": "128,177", "Operating Expense": "105,327", "Operating Income": "22,850", "Net Non Operating Interest Income Expense": "-2,836", "Other Income Expense": "-2,656", "Pretax Income": "17,358", "Tax Provision": "3,888", "Net Income Common Stockholders": "11,619", "Diluted NI Available to Com Stockholders": "11,619", "Basic EPS": "-", "Diluted EPS": "-", "Basic Average Shares": "-", "Diluted Average Shares": "-", "Total Operating Income as Reported": "19,296", "Rent Expense Supplemental": "172", "Total Expenses": "824,559", "Interest Income": "38", "Interest Expense": "2,874", "Net Interest Income": "-2,836", "Net Income from Continuing & Discontinued Operation": "11,619", "Normalized Income": "14,205", "EBIT": "20,232", "EBITDA": "36,914", "Reconciled Cost of Revenue": "719,232", "Reconciled Depreciation": "16,682", "Net Income from Continuing Operation Net Minority Interest": "11,619", "Total Unusual Items Excluding Goodwill": "-3,333", "Total Unusual Items": "-3,333", "Normalized EBITDA": "40,247", "Tax Rate for Calcs": "0", "Tax Effect of Unusual Items": "-746.5551"}, "6/30/2020": {"Duration": "6/30/2020", "Total Revenue": "855,197", "Cost of Revenue": "720,574", "Gross Profit": "134,623", "Operating Expense": "115,369", "Operating Income": "19,254", "Net Non Operating Interest Income Expense": "-2,826", "Other Income Expense": "-907", "Pretax Income": "15,521", "Tax Provision": "3,157", "Net Income Common Stockholders": "10,541", "Diluted NI Available to Com Stockholders": "10,541", "Basic EPS": "0.21", "Diluted EPS": "0.21", "Basic Average Shares": "49,601", "Diluted Average Shares": "51,092", "Total Operating Income as Reported": "17,502", "Rent Expense Supplemental": "500", "Total Expenses": "835,943", "Interest Income": "59", "Interest Expense": "2,885", "Net Interest Income": "-2,826", "Net Income from Continuing & Discontinued Operation": "10,541", "Normalized Income": "11,558", "EBIT": "18,406", "EBITDA": "-", "Reconciled Cost of Revenue": "720,574", "Reconciled Depreciation": "16,571", "Net Income from Continuing Operation Net Minority Interest": "10,541", "Total Unusual Items Excluding Goodwill": "-1,277", "Total Unusual Items": "-1,277", "Normalized EBITDA": "36,254", "Tax Rate for Calcs": "0", "Tax Effect of Unusual Items": "-259.7442"}, "6/30/2019": {"Duration": "6/30/2019", "Total Revenue": "890,517", "Cost of Revenue": "735,989", "Gross Profit": "154,528", "Operating Expense": "131,016", "Operating Income": "23,512", "Net Non Operating Interest Income Expense": "-2,973", "Other Income Expense": "1,641", "Pretax Income": "22,180", "Tax Provision": "4,800", "Net Income Common Stockholders": "13,731", "Diluted NI Available to Com Stockholders": "13,731", "Basic EPS": "0.28", "Diluted EPS": "0.27", "Basic Average Shares": "49,497", "Diluted Average Shares": "51,083", "Total Operating Income as Reported": "24,719", "Rent Expense Supplemental": "-11", "Total Expenses": "867,005", "Interest Income": "50", "Interest Expense": "3,023", "Net Interest Income": "-2,973", "Net Income from Continuing & Discontinued Operation": "16,346", "Normalized Income": "15,275", "EBIT": "25,203", "EBITDA": "-", "Reconciled Cost of Revenue": "735,989", "Reconciled Depreciation": "15,209", "Net Income from Continuing Operation Net Minority Interest": "16,346", "Total Unusual Items Excluding Goodwill": "1,367", "Total Unusual Items": "1,367", "Normalized EBITDA": "39,045", "Tax Rate for Calcs": "0", "Tax Effect of Unusual Items": "295.8341"}, "6/30/2018": {"Duration": "6/30/2018", "Total Revenue": "842,417", "Cost of Revenue": "713,121", "Gross Profit": "129,296", "Operating Expense": "117,291", "Operating Income": "12,005", "Net Non Operating Interest Income Expense": "-3,075", "Other Income Expense": "1,576", "Pretax Income": "10,506", "Tax Provision": "73", "Net Income Common Stockholders": "8,142", "Diluted NI Available to Com Stockholders": "8,142", "Basic EPS": "0.17", "Diluted EPS": "0.16", "Basic Average Shares": "49,240", "Diluted Average Shares": "50,635", "Total Operating Income as Reported": "13,181", "Rent Expense Supplemental": "176", "Total Expenses": "830,412", "Interest Income": "34", "Interest Expense": "3,109", "Net Interest Income": "-3,075", "Net Income from Continuing & Discontinued Operation": "10,188", "Normalized Income": "9,028", "EBIT": "13,615", "EBITDA": "-", "Reconciled Cost of Revenue": "713,121", "Reconciled Depreciation": "14,389", "Net Income from Continuing Operation Net Minority Interest": "10,188", "Total Unusual Items Excluding Goodwill": "1,168", "Total Unusual Items": "1,168", "Normalized EBITDA": "26,836", "Tax Rate for Calcs": "0", "Tax Effect of Unusual Items": "8.1157"}}, "bs": {"6/30/2020": {"Duration": "6/30/2020", "Total Assets": "300,040", "Total Liabilities Net Minority Interest": "161,865", "Total Equity Gross Minority Interest": "138,175", "Total Capitalization": "185,457", "Preferred Stock Equity": "-", "Common Stock Equity": "137,366", "Capital Lease Obligations": "16,477", "Net Tangible Assets": "13,975", "Working Capital": "46,872", "Invested Capital": "189,257", "Tangible Book Value": "13,975", "Total Debt": "68,368", "Net Debt": "17,050", "Share Issued": "50,188", "Ordinary Shares Number": "49,556", "Preferred Shares Number": "-", "Treasury Shares Number": "632.847"}, "6/30/2019": {"Duration": "6/30/2019", "Total Assets": "267,710", "Total Liabilities Net Minority Interest": "140,430", "Total Equity Gross Minority Interest": "127,280", "Total Capitalization": "159,534", "Preferred Stock Equity": "-", "Common Stock Equity": "127,034", "Capital Lease Obligations": "-", "Net Tangible Assets": "5,903", "Working Capital": "26,470", "Invested Capital": "163,622", "Tangible Book Value": "5,903", "Total Debt": "36,588", "Net Debt": "31,168", "Share Issued": "49,678", "Ordinary Shares Number": "49,586", "Preferred Shares Number": "-", "Treasury Shares Number": "91.798"}, "6/30/2018": {"Duration": "6/30/2018", "Total Assets": "305,438", "Total Liabilities Net Minority Interest": "171,824", "Total Equity Gross Minority Interest": "133,614", "Total Capitalization": "176,669", "Preferred Stock Equity": "1", "Common Stock Equity": "133,471", "Capital Lease Obligations": "-", "Net Tangible Assets": "2,819", "Working Capital": "37,029", "Invested Capital": "180,394", "Tangible Book Value": "2,818", "Total Debt": "46,923", "Net Debt": "39,931", "Share Issued": "49,512", "Ordinary Shares Number": "49,420", "Preferred Shares Number": "839.2", "Treasury Shares Number": "91.798"}}, "cf": {"TTM": {"Duration": "TTM", "Operating Cash Flow": "25,489", "Investing Cash Flow": "-16,269", "Financing Cash Flow": "-10,404", "End Cash Position": "7,367", "Income Tax Paid Supplemental Data": "1,937", "Interest Paid Supplemental Data": "2,321", "Capital Expenditure": "-7,242", "Issuance of Capital Stock": "-", "Issuance of Debt": "204,734", "Repayment of Debt": "-210,150", "Repurchase of Capital Stock": "-1,496", "Free Cash Flow": "18,247"}, "6/30/2020": {"Duration": "6/30/2020", "Operating Cash Flow": "29,880", "Investing Cash Flow": "-14,143", "Financing Cash Flow": "12,289", "End Cash Position": "34,841", "Income Tax Paid Supplemental Data": "3,852", "Interest Paid Supplemental Data": "2,626", "Capital Expenditure": "-5,175", "Issuance of Capital Stock": "-", "Issuance of Debt": "592,241", "Repayment of Debt": "-574,386", "Repurchase of Capital Stock": "-2,496", "Free Cash Flow": "24,705"}, "6/30/2019": {"Duration": "6/30/2019", "Operating Cash Flow": "39,813", "Investing Cash Flow": "-6,201", "Financing Cash Flow": "-35,083", "End Cash Position": "5,420", "Income Tax Paid Supplemental Data": "4,373", "Interest Paid Supplemental Data": "2,804", "Capital Expenditure": "-6,675", "Issuance of Capital Stock": "-", "Issuance of Debt": "-", "Repayment of Debt": "-11,429", "Repurchase of Capital Stock": "-20,980", "Free Cash Flow": "33,138"}, "6/30/2018": {"Duration": "6/30/2018", "Operating Cash Flow": "4,761", "Investing Cash Flow": "-6,769", "Financing Cash Flow": "1,351", "End Cash Position": "6,992", "Income Tax Paid Supplemental Data": "4,062", "Interest Paid Supplemental Data": "2,870", "Capital Expenditure": "-5,737", "Issuance of Capital Stock": "-", "Issuance of Debt": "7,891", "Repayment of Debt": "-3,446", "Repurchase of Capital Stock": "0", "Free Cash Flow": "-976"}}}}]