[{"BLBD": {"quote": {"05/12/2021": {"value": "24.74", "Market Cap": "670.758M", "Beta (5Y Monthly)": "1.34", "PE Ratio (TTM)": "60.79", "EPS (TTM)": "0.41", "Earnings Date": "May 12, 2021", "Forward Dividend & Yield": "N/A (N/A)", "Ex-Dividend Date": "N/A", "1y Target Est": "23.00"}}, "fin": {"TTM": {"Duration": "TTM", "Total Revenue": "856,438", "Cost of Revenue": "767,070", "Gross Profit": "89,368", "Operating Expense": "68,401", "Operating Income": "20,967", "Net Non Operating Interest Income Expense": "-12,273", "Other Income Expense": "589", "Pretax Income": "9,283", "Tax Provision": "1,324", "Earnings from Equity Interest Net of Tax": "3,015", "Net Income Common Stockholders": "10,974", "Diluted NI Available to Com Stockholders": "10,974", "Basic EPS": "-", "Diluted EPS": "-", "Basic Average Shares": "-", "Diluted Average Shares": "-", "Total Operating Income as Reported": "20,967", "Total Expenses": "835,471", "Net Income from Continuing & Discontinued Operation": "10,974", "Normalized Income": "10,974", "Interest Income": "12", "Interest Expense": "12,285", "Net Interest Income": "-12,273", "EBIT": "21,568", "EBITDA": "35,982", "Reconciled Cost of Revenue": "767,070", "Reconciled Depreciation": "14,414", "Net Income from Continuing Operation Net Minority Interest": "10,974", "Total Unusual Items Excluding Goodwill": "-", "Total Unusual Items": "-", "Normalized EBITDA": "35,982", "Tax Rate for Calcs": "0", "Tax Effect of Unusual Items": "0"}, "9/30/2020": {"Duration": "9/30/2020", "Total Revenue": "879,221", "Cost of Revenue": "783,021", "Gross Profit": "96,200", "Operating Expense": "74,206", "Operating Income": "21,994", "Net Non Operating Interest Income Expense": "-12,241", "Other Income Expense": "738", "Pretax Income": "10,491", "Tax Provision": "1,519", "Earnings from Equity Interest Net of Tax": "3,213", "Net Income Common Stockholders": "12,185", "Diluted NI Available to Com Stockholders": "12,185", "Basic EPS": "0.45", "Diluted EPS": "0.45", "Basic Average Shares": "26,851", "Diluted Average Shares": "27,087", "Total Operating Income as Reported": "21,994", "Total Expenses": "857,227", "Net Income from Continuing & Discontinued Operation": "12,185", "Normalized Income": "12,185", "Interest Income": "11", "Interest Expense": "12,252", "Net Interest Income": "-12,241", "EBIT": "22,743", "EBITDA": "-", "Reconciled Cost of Revenue": "783,021", "Reconciled Depreciation": "14,400", "Net Income from Continuing Operation Net Minority Interest": "12,185", "Total Unusual Items Excluding Goodwill": "-", "Total Unusual Items": "-", "Normalized EBITDA": "37,143", "Tax Rate for Calcs": "0", "Tax Effect of Unusual Items": "0"}, "9/30/2019": {"Duration": "9/30/2019", "Total Revenue": "1,018,874", "Cost of Revenue": "885,400", "Gross Profit": "133,474", "Operating Expense": "89,642", "Operating Income": "43,832", "Net Non Operating Interest Income Expense": "-12,870", "Other Income Expense": "-1,331", "Pretax Income": "29,631", "Tax Provision": "7,573", "Earnings from Equity Interest Net of Tax": "2,242", "Net Income Common Stockholders": "24,300", "Diluted NI Available to Com Stockholders": "24,300", "Basic EPS": "0.92", "Diluted EPS": "0.90", "Basic Average Shares": "26,455", "Diluted Average Shares": "27,044", "Total Operating Income as Reported": "43,832", "Total Expenses": "975,042", "Net Income from Continuing & Discontinued Operation": "24,300", "Normalized Income": "24,300", "Interest Income": "9", "Interest Expense": "12,879", "Net Interest Income": "-12,870", "EBIT": "42,510", "EBITDA": "-", "Reconciled Cost of Revenue": "885,400", "Reconciled Depreciation": "10,383", "Net Income from Continuing Operation Net Minority Interest": "24,300", "Total Unusual Items Excluding Goodwill": "0", "Total Unusual Items": "0", "Normalized EBITDA": "52,893", "Tax Rate for Calcs": "0", "Tax Effect of Unusual Items": "0"}, "9/30/2018": {"Duration": "9/30/2018", "Total Revenue": "1,024,976", "Cost of Revenue": "902,988", "Gross Profit": "121,988", "Operating Expense": "88,755", "Operating Income": "33,233", "Net Non Operating Interest Income Expense": "-6,591", "Other Income Expense": "231", "Pretax Income": "26,873", "Tax Provision": "-2,620", "Earnings from Equity Interest Net of Tax": "1,327", "Net Income Common Stockholders": "28,924", "Diluted NI Available to Com Stockholders": "28,924", "Basic EPS": "1.15", "Diluted EPS": "1.08", "Basic Average Shares": "25,260", "Diluted Average Shares": "28,617", "Total Operating Income as Reported": "33,233", "Total Expenses": "991,743", "Net Income from Continuing & Discontinued Operation": "30,820", "Normalized Income": "30,820", "Interest Income": "70", "Interest Expense": "6,661", "Net Interest Income": "-6,591", "EBIT": "33,534", "EBITDA": "-", "Reconciled Cost of Revenue": "902,988", "Reconciled Depreciation": "9,042", "Net Income from Continuing Operation Net Minority Interest": "30,820", "Total Unusual Items Excluding Goodwill": "0", "Total Unusual Items": "0", "Normalized EBITDA": "42,576", "Tax Rate for Calcs": "0", "Tax Effect of Unusual Items": "0"}}, "bs": {"9/30/2020": {"Duration": "9/30/2020", "Total Assets": "317,415", "Total Liabilities Net Minority Interest": "370,645", "Total Equity Gross Minority Interest": "-53,230", "Total Capitalization": "110,974", "Preferred Stock Equity": "-", "Common Stock Equity": "-53,230", "Capital Lease Obligations": "7,159", "Net Tangible Assets": "-123,687", "Working Capital": "5,248", "Invested Capital": "120,874", "Tangible Book Value": "-123,687", "Total Debt": "181,263", "Net Debt": "129,597", "Share Issued": "28,831", "Ordinary Shares Number": "27,048", "Treasury Shares Number": "1,783"}, "9/30/2019": {"Duration": "9/30/2019", "Total Assets": "365,413", "Total Liabilities Net Minority Interest": "433,224", "Total Equity Gross Minority Interest": "-67,811", "Total Capitalization": "105,415", "Preferred Stock Equity": "-", "Common Stock Equity": "-67,811", "Capital Lease Obligations": "4,637", "Net Tangible Assets": "-141,356", "Working Capital": "2,409", "Invested Capital": "115,315", "Tangible Book Value": "-141,356", "Total Debt": "187,763", "Net Debt": "112,167", "Share Issued": "28,259", "Ordinary Shares Number": "26,476", "Treasury Shares Number": "1,783"}, "9/30/2018": {"Duration": "9/30/2018", "Total Assets": "307,430", "Total Liabilities Net Minority Interest": "335,766", "Total Equity Gross Minority Interest": "-28,336", "Total Capitalization": "103,903", "Preferred Stock Equity": "9,300", "Common Stock Equity": "-37,636", "Capital Lease Obligations": "-", "Net Tangible Assets": "-102,633", "Working Capital": "986", "Invested Capital": "104,503", "Tangible Book Value": "-111,933", "Total Debt": "142,139", "Net Debt": "81,879", "Share Issued": "27,259", "Ordinary Shares Number": "27,259", "Treasury Shares Number": "-"}}, "cf": {"TTM": {"Duration": "TTM", "Operating Cash Flow": "77,950", "Investing Cash Flow": "-12,983", "Financing Cash Flow": "-48,751", "End Cash Position": "23,916", "Income Tax Paid Supplemental Data": "2,588", "Interest Paid Supplemental Data": "9,045", "Capital Expenditure": "-12,998", "Issuance of Debt": "-35,000", "Repayment of Debt": "-11,002", "Repurchase of Capital Stock": "0", "Free Cash Flow": "64,952"}, "9/30/2020": {"Duration": "9/30/2020", "Operating Cash Flow": "3,459", "Investing Cash Flow": "-18,803", "Financing Cash Flow": "-11,108", "End Cash Position": "44,507", "Income Tax Paid Supplemental Data": "-", "Interest Paid Supplemental Data": "7,591", "Capital Expenditure": "-18,968", "Issuance of Debt": "0", "Repayment of Debt": "-10,845", "Repurchase of Capital Stock": "0", "Free Cash Flow": "-15,509"}, "9/30/2019": {"Duration": "9/30/2019", "Operating Cash Flow": "55,706", "Investing Cash Flow": "-35,467", "Financing Cash Flow": "-9,540", "End Cash Position": "70,959", "Income Tax Paid Supplemental Data": "4,586", "Interest Paid Supplemental Data": "10,408", "Capital Expenditure": "-35,514", "Issuance of Debt": "50,000", "Repayment of Debt": "-10,033", "Repurchase of Capital Stock": "-50,370", "Free Cash Flow": "20,192"}, "9/30/2018": {"Duration": "9/30/2018", "Operating Cash Flow": "48,353", "Investing Cash Flow": "-32,104", "Financing Cash Flow": "-18,605", "End Cash Position": "60,260", "Income Tax Paid Supplemental Data": "3,673", "Interest Paid Supplemental Data": "5,782", "Capital Expenditure": "-32,118", "Issuance of Debt": "0", "Repayment of Debt": "-8,008", "Repurchase of Capital Stock": "-26,586", "Free Cash Flow": "16,235"}}}}, {"F": {"quote": {"05/12/2021": {"value": "11.33", "Market Cap": "45.225B", "Beta (5Y Monthly)": "1.17", "PE Ratio (TTM)": "11.40", "EPS (TTM)": "0.99", "Earnings Date": "Jul 28, 2021 - Aug 02, 2021", "Forward Dividend & Yield": "N/A (N/A)", "Ex-Dividend Date": "Jan 29, 2020", "1y Target Est": "12.99"}}, "fin": {"TTM": {"Duration": "TTM", "Total Revenue": "127,144,000", "Cost of Revenue": "112,752,000", "Gross Profit": "14,392,000", "Operating Expense": "18,800,000", "Operating Income": "-4,408,000", "Net Non Operating Interest Income Expense": "-1,199,000", "Other Income Expense": "4,491,000", "Pretax Income": "-1,116,000", "Tax Provision": "160,000", "Net Income Common Stockholders": "-1,279,000", "Diluted NI Available to Com Stockholders": "-1,279,000", "Basic EPS": "-", "Diluted EPS": "-", "Basic Average Shares": "-", "Diluted Average Shares": "-", "Total Operating Income as Reported": "-4,408,000", "Total Expenses": "131,552,000", "Net Income from Continuing & Discontinued Operation": "-1,279,000", "Normalized Income": "-1,515,520", "Interest Income": "450,000", "Interest Expense": "1,649,000", "Net Interest Income": "-1,199,000", "EBIT": "533,000", "EBITDA": "7,990,000", "Reconciled Cost of Revenue": "112,752,000", "Reconciled Depreciation": "7,457,000", "Net Income from Continuing Operation Net Minority Interest": "-1,279,000", "Total Unusual Items Excluding Goodwill": "324,000", "Total Unusual Items": "324,000", "Normalized EBITDA": "7,666,000", "Tax Rate for Calcs": "0", "Tax Effect of Unusual Items": "87,480"}, "12/31/2020": {"Duration": "12/31/2020", "Total Revenue": "127,144,000", "Cost of Revenue": "112,752,000", "Gross Profit": "14,392,000", "Operating Expense": "18,800,000", "Operating Income": "-4,408,000", "Net Non Operating Interest Income Expense": "-1,199,000", "Other Income Expense": "4,491,000", "Pretax Income": "-1,116,000", "Tax Provision": "160,000", "Net Income Common Stockholders": "-1,279,000", "Diluted NI Available to Com Stockholders": "-1,279,000", "Basic EPS": "-", "Diluted EPS": "-", "Basic Average Shares": "-", "Diluted Average Shares": "-", "Total Operating Income as Reported": "-4,408,000", "Total Expenses": "131,552,000", "Net Income from Continuing & Discontinued Operation": "-1,279,000", "Normalized Income": "-1,515,520", "Interest Income": "450,000", "Interest Expense": "1,649,000", "Net Interest Income": "-1,199,000", "EBIT": "533,000", "EBITDA": "-", "Reconciled Cost of Revenue": "112,752,000", "Reconciled Depreciation": "7,457,000", "Net Income from Continuing Operation Net Minority Interest": "-1,279,000", "Total Unusual Items Excluding Goodwill": "324,000", "Total Unusual Items": "324,000", "Normalized EBITDA": "7,666,000", "Tax Rate for Calcs": "0", "Tax Effect of Unusual Items": "87,480"}, "12/31/2019": {"Duration": "12/31/2019", "Total Revenue": "155,900,000", "Cost of Revenue": "134,693,000", "Gross Profit": "21,207,000", "Operating Expense": "20,633,000", "Operating Income": "574,000", "Net Non Operating Interest Income Expense": "-240,000", "Other Income Expense": "-974,000", "Pretax Income": "-640,000", "Tax Provision": "-724,000", "Net Income Common Stockholders": "47,000", "Diluted NI Available to Com Stockholders": "47,000", "Basic EPS": "0.01", "Diluted EPS": "0.01", "Basic Average Shares": "3,972,000", "Diluted Average Shares": "4,004,000", "Total Operating Income as Reported": "574,000", "Total Expenses": "155,326,000", "Net Income from Continuing & Discontinued Operation": "47,000", "Normalized Income": "-17,970", "Interest Income": "809,000", "Interest Expense": "1,049,000", "Net Interest Income": "-240,000", "EBIT": "409,000", "EBITDA": "-", "Reconciled Cost of Revenue": "134,693,000", "Reconciled Depreciation": "8,490,000", "Net Income from Continuing Operation Net Minority Interest": "47,000", "Total Unusual Items Excluding Goodwill": "89,000", "Total Unusual Items": "89,000", "Normalized EBITDA": "8,810,000", "Tax Rate for Calcs": "0", "Tax Effect of Unusual Items": "24,030"}, "12/31/2018": {"Duration": "12/31/2018", "Total Revenue": "160,338,000", "Cost of Revenue": "136,269,000", "Gross Profit": "24,069,000", "Operating Expense": "20,866,000", "Operating Income": "3,203,000", "Net Non Operating Interest Income Expense": "-528,000", "Other Income Expense": "1,670,000", "Pretax Income": "4,345,000", "Tax Provision": "650,000", "Net Income Common Stockholders": "3,677,000", "Diluted NI Available to Com Stockholders": "3,677,000", "Basic EPS": "0.93", "Diluted EPS": "0.92", "Basic Average Shares": "3,953,763", "Diluted Average Shares": "3,996,739", "Total Operating Income as Reported": "-", "Total Expenses": "157,135,000", "Net Income from Continuing & Discontinued Operation": "3,677,000", "Normalized Income": "3,579,250", "Interest Income": "700,000", "Interest Expense": "1,228,000", "Net Interest Income": "-528,000", "EBIT": "5,573,000", "EBITDA": "-", "Reconciled Cost of Revenue": "136,269,000", "Reconciled Depreciation": "8,308,000", "Net Income from Continuing Operation Net Minority Interest": "3,677,000", "Total Unusual Items Excluding Goodwill": "115,000", "Total Unusual Items": "115,000", "Normalized EBITDA": "13,766,000", "Tax Rate for Calcs": "0", "Tax Effect of Unusual Items": "17,250"}}, "bs": {"12/31/2020": {"Duration": "12/31/2020", "Total Assets": "267,261,000", "Total Liabilities Net Minority Interest": "236,450,000", "Total Equity Gross Minority Interest": "30,811,000", "Total Capitalization": "141,031,000", "Common Stock Equity": "30,690,000", "Capital Lease Obligations": "1,314,000", "Net Tangible Assets": "30,690,000", "Working Capital": "19,552,000", "Invested Capital": "192,374,000", "Tangible Book Value": "30,690,000", "Total Debt": "162,998,000", "Net Debt": "136,441,000", "Share Issued": "4,096,000", "Ordinary Shares Number": "4,096,000", "Treasury Shares Number": "-"}, "12/31/2019": {"Duration": "12/31/2019", "Total Assets": "258,537,000", "Total Liabilities Net Minority Interest": "225,307,000", "Total Equity Gross Minority Interest": "33,230,000", "Total Capitalization": "134,546,000", "Common Stock Equity": "33,185,000", "Capital Lease Obligations": "1,414,000", "Net Tangible Assets": "32,719,000", "Working Capital": "15,915,000", "Invested Capital": "188,492,000", "Tangible Book Value": "32,719,000", "Total Debt": "156,721,000", "Net Debt": "137,803,000", "Share Issued": "3,964,929", "Ordinary Shares Number": "3,964,929", "Treasury Shares Number": "-"}, "12/31/2018": {"Duration": "12/31/2018", "Total Assets": "256,540,000", "Total Liabilities Net Minority Interest": "220,574,000", "Total Equity Gross Minority Interest": "35,966,000", "Total Capitalization": "136,652,000", "Common Stock Equity": "35,932,000", "Capital Lease Obligations": "-", "Net Tangible Assets": "35,490,000", "Working Capital": "19,080,000", "Invested Capital": "190,145,000", "Tangible Book Value": "35,490,000", "Total Debt": "154,213,000", "Net Debt": "137,495,000", "Share Issued": "4,071,000", "Ordinary Shares Number": "4,071,000", "Treasury Shares Number": "-"}}, "cf": {"TTM": {"Duration": "TTM", "Operating Cash Flow": "24,269,000", "Investing Cash Flow": "-18,615,000", "Financing Cash Flow": "2,315,000", "End Cash Position": "25,935,000", "Capital Expenditure": "-5,742,000", "Issuance of Debt": "65,900,000", "Repayment of Debt": "-60,514,000", "Repurchase of Capital Stock": "0", "Free Cash Flow": "18,527,000"}, "12/31/2020": {"Duration": "12/31/2020", "Operating Cash Flow": "24,269,000", "Investing Cash Flow": "-18,615,000", "Financing Cash Flow": "2,315,000", "End Cash Position": "25,935,000", "Capital Expenditure": "-5,742,000", "Issuance of Debt": "65,900,000", "Repayment of Debt": "-60,514,000", "Repurchase of Capital Stock": "0", "Free Cash Flow": "18,527,000"}, "12/31/2019": {"Duration": "12/31/2019", "Operating Cash Flow": "17,639,000", "Investing Cash Flow": "-13,721,000", "Financing Cash Flow": "-3,129,000", "End Cash Position": "17,741,000", "Capital Expenditure": "-7,632,000", "Issuance of Debt": "47,604,000", "Repayment of Debt": "-46,497,000", "Repurchase of Capital Stock": "-237,000", "Free Cash Flow": "10,007,000"}, "12/31/2018": {"Duration": "12/31/2018", "Operating Cash Flow": "15,022,000", "Investing Cash Flow": "-16,261,000", "Financing Cash Flow": "-122,000", "End Cash Position": "16,907,000", "Capital Expenditure": "-7,785,000", "Issuance of Debt": "50,130,000", "Repayment of Debt": "-44,172,000", "Repurchase of Capital Stock": "-164,000", "Free Cash Flow": "7,237,000"}}}}, {"GM": {"quote": {"05/12/2021": {"value": "53.76", "Market Cap": "77.988B", "Beta (5Y Monthly)": "1.36", "PE Ratio (TTM)": "8.68", "EPS (TTM)": "6.20", "Earnings Date": "Aug 04, 2021", "Forward Dividend & Yield": "N/A (N/A)", "Ex-Dividend Date": "Mar 05, 2020", "1y Target Est": "68.45"}}, "fin": {"TTM": {"Duration": "TTM", "Total Revenue": "122,485,000", "Cost of Revenue": "108,813,000", "Gross Profit": "13,672,000", "Operating Expense": "7,038,000", "Operating Income": "6,634,000", "Net Non Operating Interest Income Expense": "-857,000", "Other Income Expense": "2,318,000", "Pretax Income": "8,095,000", "Tax Provision": "1,774,000", "Net Income Common Stockholders": "6,247,000", "Diluted NI Available to Com Stockholders": "6,247,000", "Basic EPS": "-", "Diluted EPS": "-", "Basic Average Shares": "-", "Diluted Average Shares": "-", "Total Operating Income as Reported": "6,634,000", "Total Expenses": "115,851,000", "Net Income from Continuing & Discontinued Operation": "6,427,000", "Normalized Income": "6,220,035", "Interest Income": "241,000", "Interest Expense": "1,098,000", "Net Interest Income": "-857,000", "EBIT": "9,193,000", "EBITDA": "22,008,000", "Reconciled Cost of Revenue": "108,813,000", "Reconciled Depreciation": "12,815,000", "Net Income from Continuing Operation Net Minority Interest": "6,427,000", "Total Unusual Items Excluding Goodwill": "265,000", "Total Unusual Items": "265,000", "Normalized EBITDA": "21,743,000", "Tax Rate for Calcs": "0", "Tax Effect of Unusual Items": "58,035"}, "12/31/2020": {"Duration": "12/31/2020", "Total Revenue": "122,485,000", "Cost of Revenue": "108,813,000", "Gross Profit": "13,672,000", "Operating Expense": "7,038,000", "Operating Income": "6,634,000", "Net Non Operating Interest Income Expense": "-857,000", "Other Income Expense": "2,318,000", "Pretax Income": "8,095,000", "Tax Provision": "1,774,000", "Net Income Common Stockholders": "6,247,000", "Diluted NI Available to Com Stockholders": "6,247,000", "Basic EPS": "-", "Diluted EPS": "-", "Basic Average Shares": "-", "Diluted Average Shares": "-", "Total Operating Income as Reported": "6,634,000", "Total Expenses": "115,851,000", "Net Income from Continuing & Discontinued Operation": "6,427,000", "Normalized Income": "6,220,035", "Interest Income": "241,000", "Interest Expense": "1,098,000", "Net Interest Income": "-857,000", "EBIT": "9,193,000", "EBITDA": "-", "Reconciled Cost of Revenue": "108,813,000", "Reconciled Depreciation": "12,815,000", "Net Income from Continuing Operation Net Minority Interest": "6,427,000", "Total Unusual Items Excluding Goodwill": "265,000", "Total Unusual Items": "265,000", "Normalized EBITDA": "21,743,000", "Tax Rate for Calcs": "0", "Tax Effect of Unusual Items": "58,035"}, "12/31/2019": {"Duration": "12/31/2019", "Total Revenue": "137,237,000", "Cost of Revenue": "123,265,000", "Gross Profit": "13,972,000", "Operating Expense": "8,491,000", "Operating Income": "5,481,000", "Net Non Operating Interest Income Expense": "-353,000", "Other Income Expense": "2,308,000", "Pretax Income": "7,436,000", "Tax Provision": "769,000", "Net Income Common Stockholders": "6,581,000", "Diluted NI Available to Com Stockholders": "6,581,000", "Basic EPS": "4.62", "Diluted EPS": "4.57", "Basic Average Shares": "1,424,000", "Diluted Average Shares": "1,439,000", "Total Operating Income as Reported": "5,481,000", "Total Expenses": "131,756,000", "Net Income from Continuing & Discontinued Operation": "6,732,000", "Normalized Income": "6,660,240", "Interest Income": "429,000", "Interest Expense": "782,000", "Net Interest Income": "-353,000", "EBIT": "8,218,000", "EBITDA": "-", "Reconciled Cost of Revenue": "123,265,000", "Reconciled Depreciation": "14,118,000", "Net Income from Continuing Operation Net Minority Interest": "6,732,000", "Total Unusual Items Excluding Goodwill": "80,000", "Total Unusual Items": "80,000", "Normalized EBITDA": "22,256,000", "Tax Rate for Calcs": "0", "Tax Effect of Unusual Items": "8,240"}, "12/31/2018": {"Duration": "12/31/2018", "Total Revenue": "147,049,000", "Cost of Revenue": "132,954,000", "Gross Profit": "14,095,000", "Operating Expense": "9,650,000", "Operating Income": "4,445,000", "Net Non Operating Interest Income Expense": "-320,000", "Other Income Expense": "4,424,000", "Pretax Income": "8,549,000", "Tax Provision": "474,000", "Net Income Common Stockholders": "7,916,000", "Diluted NI Available to Com Stockholders": "7,916,000", "Basic EPS": "5.61", "Diluted EPS": "5.53", "Basic Average Shares": "1,411,000", "Diluted Average Shares": "1,431,000", "Total Operating Income as Reported": "4,445,000", "Total Expenses": "142,604,000", "Net Income from Continuing & Discontinued Operation": "8,014,000", "Normalized Income": "7,840,190", "Interest Income": "335,000", "Interest Expense": "655,000", "Net Interest Income": "-320,000", "EBIT": "9,204,000", "EBITDA": "-", "Reconciled Cost of Revenue": "132,954,000", "Reconciled Depreciation": "13,669,000", "Net Income from Continuing Operation Net Minority Interest": "8,084,000", "Total Unusual Items Excluding Goodwill": "258,000", "Total Unusual Items": "258,000", "Normalized EBITDA": "22,615,000", "Tax Rate for Calcs": "0", "Tax Effect of Unusual Items": "14,190"}}, "bs": {"12/31/2020": {"Duration": "12/31/2020", "Total Assets": "235,194,000", "Total Liabilities Net Minority Interest": "185,517,000", "Total Equity Gross Minority Interest": "49,677,000", "Total Capitalization": "118,011,000", "Common Stock Equity": "45,030,000", "Capital Lease Obligations": "969,000", "Net Tangible Assets": "39,800,000", "Working Capital": "1,014,000", "Invested Capital": "154,924,000", "Tangible Book Value": "39,800,000", "Total Debt": "110,863,000", "Net Debt": "89,902,000", "Share Issued": "1,400,000", "Ordinary Shares Number": "1,400,000"}, "12/31/2019": {"Duration": "12/31/2019", "Total Assets": "228,037,000", "Total Liabilities Net Minority Interest": "182,080,000", "Total Equity Gross Minority Interest": "45,957,000", "Total Capitalization": "107,716,000", "Common Stock Equity": "41,792,000", "Capital Lease Obligations": "1,010,000", "Net Tangible Assets": "36,455,000", "Working Capital": "-9,913,000", "Invested Capital": "145,116,000", "Tangible Book Value": "36,455,000", "Total Debt": "104,334,000", "Net Debt": "84,255,000", "Share Issued": "1,400,000", "Ordinary Shares Number": "1,400,000"}, "12/31/2018": {"Duration": "12/31/2018", "Total Assets": "227,339,000", "Total Liabilities Net Minority Interest": "184,562,000", "Total Equity Gross Minority Interest": "42,777,000", "Total Capitalization": "111,920,000", "Common Stock Equity": "38,860,000", "Capital Lease Obligations": "-", "Net Tangible Assets": "33,281,000", "Working Capital": "-6,944,000", "Invested Capital": "143,811,000", "Tangible Book Value": "33,281,000", "Total Debt": "104,951,000", "Net Debt": "84,107,000", "Share Issued": "1,400,000", "Ordinary Shares Number": "1,400,000"}}, "cf": {"TTM": {"Duration": "TTM", "Operating Cash Flow": "16,670,000", "Investing Cash Flow": "-21,826,000", "Financing Cash Flow": "5,552,000", "End Cash Position": "23,117,000", "Income Tax Paid Supplemental Data": "-", "Interest Paid Supplemental Data": "-", "Capital Expenditure": "-20,533,000", "Issuance of Capital Stock": "492,000", "Issuance of Debt": "78,527,000", "Repayment of Debt": "-72,663,000", "Repurchase of Capital Stock": "-", "Free Cash Flow": "-3,863,000"}, "12/31/2020": {"Duration": "12/31/2020", "Operating Cash Flow": "16,670,000", "Investing Cash Flow": "-21,826,000", "Financing Cash Flow": "5,552,000", "End Cash Position": "23,117,000", "Income Tax Paid Supplemental Data": "-", "Interest Paid Supplemental Data": "-", "Capital Expenditure": "-20,533,000", "Issuance of Capital Stock": "492,000", "Issuance of Debt": "78,527,000", "Repayment of Debt": "-72,663,000", "Repurchase of Capital Stock": "-", "Free Cash Flow": "-3,863,000"}, "12/31/2019": {"Duration": "12/31/2019", "Operating Cash Flow": "15,021,000", "Investing Cash Flow": "-10,899,000", "Financing Cash Flow": "-4,677,000", "End Cash Position": "22,943,000", "Income Tax Paid Supplemental Data": "689,000", "Interest Paid Supplemental Data": "4,214,000", "Capital Expenditure": "-23,996,000", "Issuance of Capital Stock": "457,000", "Issuance of Debt": "36,937,000", "Repayment of Debt": "-39,156,000", "Repurchase of Capital Stock": "-", "Free Cash Flow": "-8,975,000"}, "12/31/2018": {"Duration": "12/31/2018", "Operating Cash Flow": "15,256,000", "Investing Cash Flow": "-20,763,000", "Financing Cash Flow": "11,454,000", "End Cash Position": "23,496,000", "Income Tax Paid Supplemental Data": "660,000", "Interest Paid Supplemental Data": "3,597,000", "Capital Expenditure": "-25,497,000", "Issuance of Capital Stock": "2,862,000", "Issuance of Debt": "43,801,000", "Repayment of Debt": "-33,323,000", "Repurchase of Capital Stock": "-190,000", "Free Cash Flow": "-10,241,000"}}}}, {"TM": {"quote": {"05/12/2021": {"value": "153.52", "Market Cap": "216.024B", "Beta (5Y Monthly)": "0.72", "PE Ratio (TTM)": "15.38", "EPS (TTM)": "9.98", "Earnings Date": "N/A", "Forward Dividend & Yield": "4.24 (2.79%)", "Ex-Dividend Date": "Sep 29, 2020", "1y Target Est": "178.76"}}, "fin": {"TTM": {"Duration": "TTM", "Total Revenue": "26,488,040,000", "Cost of Revenue": "21,912,029,000", "Gross Profit": "4,576,011,000", "Operating Expense": "2,664,536,000", "Operating Income": "1,911,475,000", "Net Non Operating Interest Income Expense": "220,015,000", "Other Income Expense": "-100,654,000", "Pretax Income": "2,030,836,000", "Tax Provision": "431,147,000", "Earnings from Equity Interest Net of Tax": "-", "Net Income Common Stockholders": "1,818,125,000", "Average Dilution Earnings": "16,937,000", "Diluted NI Available to Com Stockholders": "1,835,062,000", "Basic EPS": "-", "Diluted EPS": "-", "Basic Average Shares": "-", "Diluted Average Shares": "-", "Total Operating Income as Reported": "1,911,476,000", "Total Expenses": "24,576,565,000", "Net Income from Continuing & Discontinued Operation": "1,835,409,000", "Normalized Income": "1,882,231,448", "Interest Income": "250,928,000", "Interest Expense": "30,913,000", "Net Interest Income": "220,015,000", "EBIT": "2,061,749,000", "EBITDA": "3,694,368,000", "Reconciled Cost of Revenue": "21,912,029,000", "Reconciled Depreciation": "1,632,619,000", "Net Income from Continuing Operation Net Minority Interest": "1,835,409,000", "Total Unusual Items Excluding Goodwill": "-59,442,000", "Total Unusual Items": "-59,442,000", "Normalized EBITDA": "3,753,810,000", "Tax Rate for Calcs": "0", "Tax Effect of Unusual Items": "-12,619,552"}, "3/31/2020": {"Duration": "3/31/2020", "Total Revenue": "29,929,992,000", "Cost of Revenue": "24,522,364,000", "Gross Profit": "5,407,628,000", "Operating Expense": "2,964,759,000", "Operating Income": "2,442,869,000", "Net Non Operating Interest Income Expense": "200,653,000", "Other Income Expense": "-88,915,000", "Pretax Income": "2,554,607,000", "Tax Provision": "683,430,000", "Earnings from Equity Interest Net of Tax": "271,152,000", "Net Income Common Stockholders": "2,058,899,000", "Average Dilution Earnings": "17,284,000", "Diluted NI Available to Com Stockholders": "2,076,183,000", "Basic EPS": "1.47k", "Diluted EPS": "1.46k", "Basic Average Shares": "1,399,459", "Diluted Average Shares": "1,423,009", "Total Operating Income as Reported": "2,442,869,000", "Total Expenses": "27,487,123,000", "Net Income from Continuing & Discontinued Operation": "2,076,183,000", "Normalized Income": "2,152,032,840", "Interest Income": "232,870,000", "Interest Expense": "32,217,000", "Net Interest Income": "200,653,000", "EBIT": "2,586,824,000", "EBITDA": "-", "Reconciled Cost of Revenue": "24,522,364,000", "Reconciled Depreciation": "1,605,383,000", "Net Income from Continuing Operation Net Minority Interest": "2,076,183,000", "Total Unusual Items Excluding Goodwill": "-103,620,000", "Total Unusual Items": "-103,620,000", "Normalized EBITDA": "4,295,827,000", "Tax Rate for Calcs": "0", "Tax Effect of Unusual Items": "-27,770,160"}, "3/31/2019": {"Duration": "3/31/2019", "Total Revenue": "30,225,681,000", "Cost of Revenue": "24,781,785,000", "Gross Profit": "5,443,896,000", "Operating Expense": "2,976,351,000", "Operating Income": "2,467,545,000", "Net Non Operating Interest Income Expense": "197,417,000", "Other Income Expense": "-379,497,000", "Pretax Income": "2,285,465,000", "Tax Provision": "659,944,000", "Earnings from Equity Interest Net of Tax": "360,066,000", "Net Income Common Stockholders": "1,868,085,000", "Average Dilution Earnings": "14,788,000", "Diluted NI Available to Com Stockholders": "1,882,873,000", "Basic EPS": "1.30k", "Diluted EPS": "1.29k", "Basic Average Shares": "1,435,767", "Diluted Average Shares": "1,459,337", "Total Operating Income as Reported": "2,467,545,000", "Total Expenses": "27,758,136,000", "Net Income from Continuing & Discontinued Operation": "1,882,873,000", "Normalized Income": "2,116,545,994", "Interest Income": "225,495,000", "Interest Expense": "28,078,000", "Net Interest Income": "197,417,000", "EBIT": "2,313,543,000", "EBITDA": "-", "Reconciled Cost of Revenue": "24,781,785,000", "Reconciled Depreciation": "1,792,375,000", "Net Income from Continuing Operation Net Minority Interest": "1,882,873,000", "Total Unusual Items Excluding Goodwill": "-328,654,000", "Total Unusual Items": "-328,654,000", "Normalized EBITDA": "4,434,572,000", "Tax Rate for Calcs": "0", "Tax Effect of Unusual Items": "-94,981,006"}, "3/31/2018": {"Duration": "3/31/2018", "Total Revenue": "29,379,510,000", "Cost of Revenue": "23,889,153,000", "Gross Profit": "5,490,357,000", "Operating Expense": "3,090,495,000", "Operating Income": "2,399,862,000", "Net Non Operating Interest Income Expense": "151,955,000", "Other Income Expense": "68,612,000", "Pretax Income": "2,620,429,000", "Tax Provision": "504,406,000", "Earnings from Equity Interest Net of Tax": "470,083,000", "Net Income Common Stockholders": "2,481,692,000", "Average Dilution Earnings": "12,287,000", "Diluted NI Available to Com Stockholders": "2,493,979,000", "Basic EPS": "1.68k", "Diluted EPS": "1.67k", "Basic Average Shares": "1,473,683", "Diluted Average Shares": "1,497,383", "Total Operating Income as Reported": "2,399,862,000", "Total Expenses": "26,979,648,000", "Net Income from Continuing & Discontinued Operation": "2,493,983,000", "Normalized Income": "2,475,670,488", "Interest Income": "179,541,000", "Interest Expense": "27,586,000", "Net Interest Income": "151,955,000", "EBIT": "2,648,015,000", "EBITDA": "-", "Reconciled Cost of Revenue": "23,889,153,000", "Reconciled Depreciation": "1,734,033,000", "Net Income from Continuing Operation Net Minority Interest": "2,493,983,000", "Total Unusual Items Excluding Goodwill": "22,664,000", "Total Unusual Items": "22,664,000", "Normalized EBITDA": "4,359,384,000", "Tax Rate for Calcs": "0", "Tax Effect of Unusual Items": "4,351,488"}}, "bs": {"3/31/2020": {"Duration": "3/31/2020", "Total Assets": "52,680,436,000", "Total Liabilities Net Minority Interest": "31,942,754,000", "Total Equity Gross Minority Interest": "20,737,682,000", "Total Capitalization": "30,753,516,000", "Common Stock Equity": "20,060,618,000", "Net Tangible Assets": "20,060,618,000", "Working Capital": "740,154,000", "Invested Capital": "40,613,587,000", "Tangible Book Value": "20,060,618,000", "Total Debt": "20,552,969,000", "Net Debt": "16,362,451,000", "Share Issued": "3,262,997", "Ordinary Shares Number": "2,766,153", "Treasury Shares Number": "496,845"}, "3/31/2019": {"Duration": "3/31/2019", "Total Assets": "51,936,949,000", "Total Liabilities Net Minority Interest": "31,869,812,000", "Total Equity Gross Minority Interest": "20,067,137,000", "Total Capitalization": "29,899,097,000", "Common Stock Equity": "19,348,152,000", "Net Tangible Assets": "19,348,152,000", "Working Capital": "652,299,000", "Invested Capital": "39,498,330,000", "Tangible Book Value": "19,348,152,000", "Total Debt": "20,150,178,000", "Net Debt": "16,575,474,000", "Share Issued": "3,262,997", "Ordinary Shares Number": "2,832,439", "Treasury Shares Number": "430,558"}, "3/31/2018": {"Duration": "3/31/2018", "Total Assets": "50,308,249,000", "Total Liabilities Net Minority Interest": "30,878,147,000", "Total Equity Gross Minority Interest": "19,430,102,000", "Total Capitalization": "28,742,356,000", "Common Stock Equity": "18,735,982,000", "Net Tangible Assets": "18,735,982,000", "Working Capital": "355,765,000", "Invested Capital": "38,083,546,000", "Tangible Book Value": "18,735,982,000", "Total Debt": "19,347,564,000", "Net Debt": "16,295,295,000", "Share Issued": "3,262,997", "Ordinary Shares Number": "2,909,924", "Treasury Shares Number": "353,074"}}, "cf": {"TTM": {"Duration": "TTM", "Operating Cash Flow": "3,420,236,000", "Investing Cash Flow": "-5,114,584,000", "Financing Cash Flow": "2,598,914,000", "End Cash Position": "4,703,292,000", "Capital Expenditure": "-3,441,949,000", "Issuance of Capital Stock": "-", "Issuance of Debt": "8,806,962,000", "Repayment of Debt": "-4,930,837,000", "Repurchase of Capital Stock": "-", "Free Cash Flow": "-21,713,000"}, "3/31/2020": {"Duration": "3/31/2020", "Operating Cash Flow": "3,590,643,000", "Investing Cash Flow": "-3,150,861,000", "Financing Cash Flow": "397,138,000", "End Cash Position": "4,412,190,000", "Capital Expenditure": "-3,595,131,000", "Issuance of Capital Stock": "-", "Issuance of Debt": "5,691,499,000", "Repayment of Debt": "-4,424,923,000", "Repurchase of Capital Stock": "-476,129,000", "Free Cash Flow": "-4,488,000"}, "3/31/2019": {"Duration": "3/31/2019", "Operating Cash Flow": "3,766,597,000", "Investing Cash Flow": "-2,697,241,000", "Financing Cash Flow": "-540,839,000", "End Cash Position": "3,706,515,000", "Capital Expenditure": "-3,738,887,000", "Issuance of Capital Stock": "-", "Issuance of Debt": "5,000,921,000", "Repayment of Debt": "-4,442,232,000", "Repurchase of Capital Stock": "-549,637,000", "Free Cash Flow": "27,710,000"}, "3/31/2018": {"Duration": "3/31/2018", "Operating Cash Flow": "4,210,009,000", "Investing Cash Flow": "-3,660,092,000", "Financing Cash Flow": "-449,135,000", "End Cash Position": "3,052,269,000", "Capital Expenditure": "-3,598,707,000", "Issuance of Capital Stock": "0", "Issuance of Debt": "4,793,939,000", "Repayment of Debt": "-4,452,338,000", "Repurchase of Capital Stock": "-447,818,000", "Free Cash Flow": "611,302,000"}}}}, {"HMC": {"quote": {"05/12/2021": {"value": "29.85", "Market Cap": "51.686B", "Beta (5Y Monthly)": "1.06", "PE Ratio (TTM)": "13.55", "EPS (TTM)": "2.20", "Earnings Date": "N/A", "Forward Dividend & Yield": "0.78 (2.56%)", "Ex-Dividend Date": "Dec 29, 2020", "1y Target Est": "34.34"}}, "fin": {"TTM": {"Duration": "TTM", "Total Revenue": "13,004,773,000", "Cost of Revenue": "10,356,054,000", "Gross Profit": "2,648,719,000", "Operating Expense": "2,207,336,000", "Operating Income": "441,383,000", "Net Non Operating Interest Income Expense": "12,665,000", "Other Income Expense": "208,409,000", "Pretax Income": "662,457,000", "Tax Provision": "212,082,000", "Net Income Common Stockholders": "414,560,000", "Diluted NI Available to Com Stockholders": "414,560,000", "Basic EPS": "-", "Diluted EPS": "-", "Basic Average Shares": "-", "Diluted Average Shares": "-", "Total Operating Income as Reported": "441,383,000", "Total Expenses": "12,563,390,000", "Net Income from Continuing & Discontinued Operation": "414,560,000", "Normalized Income": "414,560,000", "Interest Income": "24,419,000", "Interest Expense": "18,127,000", "Net Interest Income": "12,665,000", "EBIT": "680,584,000", "EBITDA": "1,295,279,000", "Reconciled Cost of Revenue": "10,356,054,000", "Reconciled Depreciation": "614,695,000", "Net Income from Continuing Operation Net Minority Interest": "414,560,000", "Total Unusual Items Excluding Goodwill": "-", "Total Unusual Items": "-", "Normalized EBITDA": "1,295,279,000", "Tax Rate for Calcs": "0", "Tax Effect of Unusual Items": "0"}, "3/31/2020": {"Duration": "3/31/2020", "Total Revenue": "14,931,009,000", "Cost of Revenue": "11,851,659,000", "Gross Profit": "3,079,350,000", "Operating Expense": "2,445,713,000", "Operating Income": "633,637,000", "Net Non Operating Interest Income Expense": "31,096,000", "Other Income Expense": "125,185,000", "Pretax Income": "789,918,000", "Tax Provision": "279,986,000", "Net Income Common Stockholders": "455,746,000", "Diluted NI Available to Com Stockholders": "455,746,000", "Basic EPS": "260.13", "Diluted EPS": "260.13", "Basic Average Shares": "1,752,006", "Diluted Average Shares": "1,752,006", "Total Operating Income as Reported": "633,637,000", "Total Expenses": "14,297,372,000", "Net Income from Continuing & Discontinued Operation": "455,746,000", "Normalized Income": "480,951,628", "Interest Income": "49,412,000", "Interest Expense": "24,689,000", "Net Interest Income": "31,096,000", "EBIT": "814,607,000", "EBITDA": "-", "Reconciled Cost of Revenue": "11,851,659,000", "Reconciled Depreciation": "699,877,000", "Net Income from Continuing Operation Net Minority Interest": "455,746,000", "Total Unusual Items Excluding Goodwill": "-39,018,000", "Total Unusual Items": "-39,018,000", "Normalized EBITDA": "1,553,502,000", "Tax Rate for Calcs": "0", "Tax Effect of Unusual Items": "-13,812,372"}, "3/31/2019": {"Duration": "3/31/2019", "Total Revenue": "15,888,617,000", "Cost of Revenue": "12,580,949,000", "Gross Profit": "3,307,668,000", "Operating Expense": "2,581,298,000", "Operating Income": "726,370,000", "Net Non Operating Interest Income Expense": "35,401,000", "Other Income Expense": "217,604,000", "Pretax Income": "979,375,000", "Tax Provision": "303,089,000", "Net Income Common Stockholders": "610,316,000", "Diluted NI Available to Com Stockholders": "610,316,000", "Basic EPS": "345.99", "Diluted EPS": "345.99", "Basic Average Shares": "1,759,561", "Diluted Average Shares": "1,759,561", "Total Operating Income as Reported": "726,370,000", "Total Expenses": "15,162,247,000", "Net Income from Continuing & Discontinued Operation": "610,316,000", "Normalized Income": "623,136,814", "Interest Income": "48,618,000", "Interest Expense": "13,217,000", "Net Interest Income": "35,401,000", "EBIT": "992,592,000", "EBITDA": "-", "Reconciled Cost of Revenue": "12,580,949,000", "Reconciled Depreciation": "721,695,000", "Net Income from Continuing Operation Net Minority Interest": "610,316,000", "Total Unusual Items Excluding Goodwill": "-18,554,000", "Total Unusual Items": "-18,554,000", "Normalized EBITDA": "1,732,841,000", "Tax Rate for Calcs": "0", "Tax Effect of Unusual Items": "-5,733,186"}, "3/31/2018": {"Duration": "3/31/2018", "Total Revenue": "15,361,146,000", "Cost of Revenue": "12,000,581,000", "Gross Profit": "3,360,565,000", "Operating Expense": "2,527,007,000", "Operating Income": "833,558,000", "Net Non Operating Interest Income Expense": "28,221,000", "Other Income Expense": "253,194,000", "Pretax Income": "1,114,973,000", "Tax Provision": "-13,666,000", "Net Income Common Stockholders": "1,059,337,000", "Diluted NI Available to Com Stockholders": "1,059,337,000", "Basic EPS": "590.79", "Diluted EPS": "590.79", "Basic Average Shares": "1,793,089", "Diluted Average Shares": "1,793,089", "Total Operating Income as Reported": "833,558,000", "Total Expenses": "14,527,588,000", "Net Income from Continuing & Discontinued Operation": "1,059,337,000", "Normalized Income": "1,057,499,259", "Interest Income": "41,191,000", "Interest Expense": "12,970,000", "Net Interest Income": "28,221,000", "EBIT": "1,127,943,000", "EBITDA": "-", "Reconciled Cost of Revenue": "12,000,581,000", "Reconciled Depreciation": "713,093,000", "Net Income from Continuing Operation Net Minority Interest": "1,059,337,000", "Total Unusual Items Excluding Goodwill": "2,658,000", "Total Unusual Items": "2,658,000", "Normalized EBITDA": "1,838,378,000", "Tax Rate for Calcs": "0", "Tax Effect of Unusual Items": "820,259"}}, "bs": {"3/31/2020": {"Duration": "3/31/2020", "Total Assets": "20,461,465,000", "Total Liabilities Net Minority Interest": "12,175,442,000", "Total Equity Gross Minority Interest": "8,286,023,000", "Total Capitalization": "12,233,488,000", "Common Stock Equity": "8,012,259,000", "Net Tangible Assets": "7,251,825,000", "Working Capital": "1,510,922,000", "Invested Capital": "15,481,945,000", "Tangible Book Value": "7,251,825,000", "Total Debt": "7,469,686,000", "Net Debt": "4,797,333,000", "Share Issued": "1,811,428", "Ordinary Shares Number": "1,726,610", "Treasury Shares Number": "84,819"}, "3/31/2019": {"Duration": "3/31/2019", "Total Assets": "20,419,122,000", "Total Liabilities Net Minority Interest": "11,853,332,000", "Total Equity Gross Minority Interest": "8,565,790,000", "Total Capitalization": "12,410,058,000", "Common Stock Equity": "8,267,720,000", "Net Tangible Assets": "7,523,352,000", "Working Capital": "1,366,170,000", "Invested Capital": "15,598,840,000", "Tangible Book Value": "7,523,352,000", "Total Debt": "7,331,120,000", "Net Debt": "4,836,999,000", "Share Issued": "1,811,428", "Ordinary Shares Number": "1,759,561", "Treasury Shares Number": "51,867"}, "3/31/2018": {"Duration": "3/31/2018", "Total Assets": "19,349,164,000", "Total Liabilities Net Minority Interest": "11,115,069,000", "Total Equity Gross Minority Interest": "8,234,095,000", "Total Capitalization": "11,815,287,000", "Common Stock Equity": "7,933,538,000", "Net Tangible Assets": "7,192,024,000", "Working Capital": "1,301,189,000", "Invested Capital": "14,732,548,000", "Tangible Book Value": "7,192,024,000", "Total Debt": "6,799,010,000", "Net Debt": "4,542,522,000", "Share Issued": "1,811,428", "Ordinary Shares Number": "1,778,278", "Treasury Shares Number": "33,151"}}, "cf": {"TTM": {"Duration": "TTM", "Operating Cash Flow": "1,200,208,000", "Investing Cash Flow": "-847,172,000", "Financing Cash Flow": "194,230,000", "End Cash Position": "2,989,090,000", "Capital Expenditure": "-583,393,000", "Issuance of Debt": "11,782,539,000", "Repayment of Debt": "-11,340,670,000", "Free Cash Flow": "616,815,000"}, "3/31/2020": {"Duration": "3/31/2020", "Operating Cash Flow": "979,415,000", "Investing Cash Flow": "-619,481,000", "Financing Cash Flow": "-87,411,000", "End Cash Position": "2,672,353,000", "Capital Expenditure": "-601,258,000", "Issuance of Debt": "11,058,781,000", "Repayment of Debt": "-10,794,764,000", "Free Cash Flow": "378,157,000"}, "3/31/2019": {"Duration": "3/31/2019", "Operating Cash Flow": "775,988,000", "Investing Cash Flow": "-577,555,000", "Financing Cash Flow": "22,924,000", "End Cash Position": "2,494,121,000", "Capital Expenditure": "-607,807,000", "Issuance of Debt": "10,335,506,000", "Repayment of Debt": "-9,939,795,000", "Free Cash Flow": "168,181,000"}, "3/31/2018": {"Duration": "3/31/2018", "Operating Cash Flow": "987,671,000", "Investing Cash Flow": "-615,113,000", "Financing Cash Flow": "-174,334,000", "End Cash Position": "2,256,488,000", "Capital Expenditure": "-572,490,000", "Issuance of Debt": "9,796,101,000", "Repayment of Debt": "-9,614,174,000", "Free Cash Flow": "415,181,000"}}}}, {"KNDI": {"quote": {"05/12/2021": {"value": "4.8250", "Market Cap": "363.745M", "Beta (5Y Monthly)": "2.08", "PE Ratio (TTM)": "N/A", "EPS (TTM)": "-0.1860", "Earnings Date": "Aug 09, 2021 - Aug 13, 2021", "Forward Dividend & Yield": "N/A (N/A)", "Ex-Dividend Date": "N/A", "1y Target Est": "12.00"}}, "fin": {"TTM": {"Duration": "TTM", "Total Revenue": "106,365", "Cost of Revenue": "84,934", "Gross Profit": "21,431", "Operating Expense": "25,803", "Operating Income": "-4,372", "Net Non Operating Interest Income Expense": "-5,063", "Other Income Expense": "3,610", "Pretax Income": "-5,824", "Tax Provision": "704.084", "Net Income Common Stockholders": "-6,528", "Diluted NI Available to Com Stockholders": "-6,528", "Basic EPS": "-", "Diluted EPS": "-", "Basic Average Shares": "-", "Diluted Average Shares": "-", "Total Operating Income as Reported": "9,433", "Total Expenses": "110,737", "Net Income from Continuing & Discontinued Operation": "-6,528", "Normalized Income": "-16,909", "Interest Income": "1,351", "Interest Expense": "6,413", "Net Interest Income": "-5,063", "EBIT": "588.934", "EBITDA": "8,426", "Reconciled Cost of Revenue": "84,934", "Reconciled Depreciation": "7,838", "Net Income from Continuing Operation Net Minority Interest": "-6,528", "Total Unusual Items Excluding Goodwill": "13,841", "Total Unusual Items": "13,841", "Normalized EBITDA": "-5,415", "Tax Rate for Calcs": "0", "Tax Effect of Unusual Items": "3,460"}, "12/31/2019": {"Duration": "12/31/2019", "Total Revenue": "135,741", "Cost of Revenue": "110,310", "Gross Profit": "25,431", "Operating Expense": "23,729", "Operating Income": "1,702", "Net Non Operating Interest Income Expense": "-4,031", "Other Income Expense": "-5,552", "Pretax Income": "-7,881", "Tax Provision": "-692.259", "Net Income Common Stockholders": "-7,189", "Diluted NI Available to Com Stockholders": "-7,189", "Basic EPS": "-0.14", "Diluted EPS": "-0.14", "Basic Average Shares": "52,337", "Diluted Average Shares": "52,337", "Total Operating Income as Reported": "909.536", "Total Expenses": "134,039", "Net Income from Continuing & Discontinued Operation": "-7,189", "Normalized Income": "-24,823", "Interest Income": "791.888", "Interest Expense": "4,823", "Net Interest Income": "-4,031", "EBIT": "-3,058", "EBITDA": "-", "Reconciled Cost of Revenue": "110,310", "Reconciled Depreciation": "8,203", "Net Income from Continuing Operation Net Minority Interest": "-7,189", "Total Unusual Items Excluding Goodwill": "19,332", "Total Unusual Items": "19,332", "Normalized EBITDA": "-14,187", "Tax Rate for Calcs": "0", "Tax Effect of Unusual Items": "1,697"}, "12/31/2018": {"Duration": "12/31/2018", "Total Revenue": "112,439", "Cost of Revenue": "92,191", "Gross Profit": "20,247", "Operating Expense": "4,098", "Operating Income": "16,149", "Net Non Operating Interest Income Expense": "-547.039", "Other Income Expense": "-13,526", "Pretax Income": "2,076", "Tax Provision": "7,771", "Net Income Common Stockholders": "-5,695", "Diluted NI Available to Com Stockholders": "-5,695", "Basic EPS": "-0.11", "Diluted EPS": "-0.11", "Basic Average Shares": "51,189", "Diluted Average Shares": "51,189", "Total Operating Income as Reported": "-1,638", "Total Expenses": "96,290", "Net Income from Continuing & Discontinued Operation": "-5,695", "Normalized Income": "-8,249", "Interest Income": "1,325", "Interest Expense": "1,872", "Net Interest Income": "-547.039", "EBIT": "3,948", "EBITDA": "-", "Reconciled Cost of Revenue": "92,191", "Reconciled Depreciation": "4,326", "Net Income from Continuing Operation Net Minority Interest": "-5,695", "Total Unusual Items Excluding Goodwill": "3,406", "Total Unusual Items": "3,406", "Normalized EBITDA": "4,868", "Tax Rate for Calcs": "0", "Tax Effect of Unusual Items": "851.466"}}, "bs": {"12/31/2019": {"Duration": "12/31/2019", "Total Assets": "371,218", "Total Liabilities Net Minority Interest": "153,361", "Total Equity Gross Minority Interest": "217,857", "Total Capitalization": "232,211", "Common Stock Equity": "217,857", "Net Tangible Assets": "170,527", "Working Capital": "63,699", "Invested Capital": "282,736", "Tangible Book Value": "170,527", "Total Debt": "64,879", "Net Debt": "59,389", "Share Issued": "53,327", "Ordinary Shares Number": "52,839", "Treasury Shares Number": "487.155"}, "12/31/2018": {"Duration": "12/31/2018", "Total Assets": "428,829", "Total Liabilities Net Minority Interest": "203,206", "Total Equity Gross Minority Interest": "225,623", "Total Capitalization": "254,417", "Common Stock Equity": "225,623", "Net Tangible Assets": "180,993", "Working Capital": "2,527", "Invested Capital": "297,744", "Tangible Book Value": "180,993", "Total Debt": "72,121", "Net Debt": "56,459", "Share Issued": "55,992", "Ordinary Shares Number": "51,484", "Treasury Shares Number": "4,508"}}, "cf": {"TTM": {"Duration": "TTM", "Operating Cash Flow": "-28,642", "Investing Cash Flow": "55,968", "Financing Cash Flow": "-30,457", "End Cash Position": "22,922", "Income Tax Paid Supplemental Data": "1,184", "Interest Paid Supplemental Data": "1,079", "Capital Expenditure": "-1,612", "Issuance of Debt": "31,439", "Repayment of Debt": "-61,896", "Repurchase of Capital Stock": "0", "Free Cash Flow": "-30,254"}, "12/31/2019": {"Duration": "12/31/2019", "Operating Cash Flow": "-29,886", "Investing Cash Flow": "31,253", "Financing Cash Flow": "-6,981", "End Cash Position": "16,513", "Income Tax Paid Supplemental Data": "1,995", "Interest Paid Supplemental Data": "1,739", "Capital Expenditure": "-598.198", "Issuance of Debt": "34,746", "Repayment of Debt": "-39,234", "Repurchase of Capital Stock": "-2,493", "Free Cash Flow": "-30,484"}, "12/31/2018": {"Duration": "12/31/2018", "Operating Cash Flow": "13,588", "Investing Cash Flow": "-947.441", "Financing Cash Flow": "-5,298", "End Cash Position": "22,353", "Income Tax Paid Supplemental Data": "2,057", "Interest Paid Supplemental Data": "1,709", "Capital Expenditure": "-1,105", "Issuance of Debt": "86,852", "Repayment of Debt": "-92,150", "Repurchase of Capital Stock": "-", "Free Cash Flow": "12,482"}}}}, {"TSLA": {"quote": {"05/12/2021": {"value": "589.89", "Market Cap": "568.259B", "Beta (5Y Monthly)": "1.98", "PE Ratio (TTM)": "591.07", "EPS (TTM)": "1.00", "Earnings Date": "Jul 20, 2021 - Jul 26, 2021", "Forward Dividend & Yield": "N/A (N/A)", "Ex-Dividend Date": "N/A", "1y Target Est": "663.16"}}, "fin": {"TTM": {"Duration": "TTM", "Total Revenue": "31,536,000", "Cost of Revenue": "24,906,000", "Gross Profit": "6,630,000", "Operating Expense": "4,636,000", "Operating Income": "1,994,000", "Net Non Operating Interest Income Expense": "-718,000", "Other Income Expense": "-122,000", "Pretax Income": "1,154,000", "Tax Provision": "292,000", "Net Income Common Stockholders": "690,000", "Diluted NI Available to Com Stockholders": "690,000", "Basic EPS": "-", "Diluted EPS": "-", "Basic Average Shares": "-", "Diluted Average Shares": "-", "Total Operating Income as Reported": "1,994,000", "Total Expenses": "29,542,000", "Net Income from Continuing & Discontinued Operation": "690,000", "Normalized Income": "690,000", "Interest Income": "30,000", "Interest Expense": "748,000", "Net Interest Income": "-718,000", "EBIT": "1,902,000", "EBITDA": "4,224,000", "Reconciled Cost of Revenue": "24,906,000", "Reconciled Depreciation": "2,322,000", "Net Income from Continuing Operation Net Minority Interest": "690,000", "Total Unusual Items Excluding Goodwill": "0", "Total Unusual Items": "0", "Normalized EBITDA": "4,224,000", "Tax Rate for Calcs": "0", "Tax Effect of Unusual Items": "0"}, "12/31/2020": {"Duration": "12/31/2020", "Total Revenue": "31,536,000", "Cost of Revenue": "24,906,000", "Gross Profit": "6,630,000", "Operating Expense": "4,636,000", "Operating Income": "1,994,000", "Net Non Operating Interest Income Expense": "-718,000", "Other Income Expense": "-122,000", "Pretax Income": "1,154,000", "Tax Provision": "292,000", "Net Income Common Stockholders": "690,000", "Diluted NI Available to Com Stockholders": "690,000", "Basic EPS": "-", "Diluted EPS": "-", "Basic Average Shares": "-", "Diluted Average Shares": "-", "Total Operating Income as Reported": "1,994,000", "Total Expenses": "29,542,000", "Net Income from Continuing & Discontinued Operation": "690,000", "Normalized Income": "690,000", "Interest Income": "30,000", "Interest Expense": "748,000", "Net Interest Income": "-718,000", "EBIT": "1,902,000", "EBITDA": "-", "Reconciled Cost of Revenue": "24,906,000", "Reconciled Depreciation": "2,322,000", "Net Income from Continuing Operation Net Minority Interest": "690,000", "Total Unusual Items Excluding Goodwill": "0", "Total Unusual Items": "0", "Normalized EBITDA": "4,224,000", "Tax Rate for Calcs": "0", "Tax Effect of Unusual Items": "0"}, "12/31/2019": {"Duration": "12/31/2019", "Total Revenue": "24,578,000", "Cost of Revenue": "20,509,000", "Gross Profit": "4,069,000", "Operating Expense": "3,989,000", "Operating Income": "80,000", "Net Non Operating Interest Income Expense": "-641,000", "Other Income Expense": "-104,000", "Pretax Income": "-665,000", "Tax Provision": "110,000", "Net Income Common Stockholders": "-862,000", "Diluted NI Available to Com Stockholders": "-862,000", "Basic EPS": "-0.98", "Diluted EPS": "-0.98", "Basic Average Shares": "885,000", "Diluted Average Shares": "885,000", "Total Operating Income as Reported": "-69,000", "Total Expenses": "24,498,000", "Net Income from Continuing & Discontinued Operation": "-862,000", "Normalized Income": "-738,330", "Interest Income": "44,000", "Interest Expense": "685,000", "Net Interest Income": "-641,000", "EBIT": "20,000", "EBITDA": "-", "Reconciled Cost of Revenue": "20,509,000", "Reconciled Depreciation": "2,154,000", "Net Income from Continuing Operation Net Minority Interest": "-862,000", "Total Unusual Items Excluding Goodwill": "-149,000", "Total Unusual Items": "-149,000", "Normalized EBITDA": "2,323,000", "Tax Rate for Calcs": "0", "Tax Effect of Unusual Items": "-25,330"}, "12/31/2018": {"Duration": "12/31/2018", "Total Revenue": "21,461,268", "Cost of Revenue": "17,419,247", "Gross Profit": "4,042,021", "Operating Expense": "4,294,861", "Operating Income": "-252,840", "Net Non Operating Interest Income Expense": "-638,538", "Other Income Expense": "-113,367", "Pretax Income": "-1,004,745", "Tax Provision": "57,837", "Net Income Common Stockholders": "-976,091", "Diluted NI Available to Com Stockholders": "-976,091", "Basic EPS": "-1.14", "Diluted EPS": "-1.14", "Basic Average Shares": "852,625", "Diluted Average Shares": "852,625", "Total Operating Income as Reported": "-388,073", "Total Expenses": "21,714,108", "Net Income from Continuing & Discontinued Operation": "-976,091", "Normalized Income": "-877,371", "Interest Income": "24,533", "Interest Expense": "663,071", "Net Interest Income": "-638,538", "EBIT": "-341,674", "EBITDA": "-", "Reconciled Cost of Revenue": "17,419,247", "Reconciled Depreciation": "1,901,050", "Net Income from Continuing Operation Net Minority Interest": "-976,091", "Total Unusual Items Excluding Goodwill": "-135,233", "Total Unusual Items": "-135,233", "Normalized EBITDA": "1,694,609", "Tax Rate for Calcs": "0", "Tax Effect of Unusual Items": "-36,513"}}, "bs": {"12/31/2020": {"Duration": "12/31/2020", "Total Assets": "52,148,000", "Total Liabilities Net Minority Interest": "29,073,000", "Total Equity Gross Minority Interest": "23,075,000", "Total Capitalization": "31,832,000", "Common Stock Equity": "22,225,000", "Capital Lease Obligations": "1,540,000", "Net Tangible Assets": "21,705,000", "Working Capital": "12,469,000", "Invested Capital": "33,964,000", "Tangible Book Value": "21,705,000", "Total Debt": "13,279,000", "Net Debt": "-", "Share Issued": "960,000", "Ordinary Shares Number": "960,000"}, "12/31/2019": {"Duration": "12/31/2019", "Total Assets": "34,309,000", "Total Liabilities Net Minority Interest": "26,842,000", "Total Equity Gross Minority Interest": "7,467,000", "Total Capitalization": "18,252,000", "Common Stock Equity": "6,618,000", "Capital Lease Obligations": "1,050,000", "Net Tangible Assets": "6,081,000", "Working Capital": "1,436,000", "Invested Capital": "20,037,000", "Tangible Book Value": "6,081,000", "Total Debt": "14,469,000", "Net Debt": "7,151,000", "Share Issued": "905,310", "Ordinary Shares Number": "905,310"}, "12/31/2018": {"Duration": "12/31/2018", "Total Assets": "29,739,614", "Total Liabilities Net Minority Interest": "23,981,974", "Total Equity Gross Minority Interest": "5,757,640", "Total Capitalization": "14,326,915", "Common Stock Equity": "4,923,243", "Capital Lease Obligations": "1,855,900", "Net Tangible Assets": "4,572,592", "Working Capital": "-1,685,828", "Invested Capital": "16,894,614", "Tangible Book Value": "4,572,592", "Total Debt": "13,827,271", "Net Debt": "8,285,753", "Share Issued": "863,013", "Ordinary Shares Number": "863,013"}}, "cf": {"TTM": {"Duration": "TTM", "Operating Cash Flow": "5,943,000", "Investing Cash Flow": "-3,132,000", "Financing Cash Flow": "9,973,000", "End Cash Position": "19,901,000", "Income Tax Paid Supplemental Data": "115,000", "Interest Paid Supplemental Data": "444,000", "Capital Expenditure": "-3,242,000", "Issuance of Capital Stock": "12,269,000", "Issuance of Debt": "9,713,000", "Repayment of Debt": "-12,201,000", "Free Cash Flow": "2,701,000"}, "12/31/2020": {"Duration": "12/31/2020", "Operating Cash Flow": "5,943,000", "Investing Cash Flow": "-3,132,000", "Financing Cash Flow": "9,973,000", "End Cash Position": "19,901,000", "Income Tax Paid Supplemental Data": "115,000", "Interest Paid Supplemental Data": "444,000", "Capital Expenditure": "-3,242,000", "Issuance of Capital Stock": "12,269,000", "Issuance of Debt": "9,713,000", "Repayment of Debt": "-12,201,000", "Free Cash Flow": "2,701,000"}, "12/31/2019": {"Duration": "12/31/2019", "Operating Cash Flow": "2,405,000", "Investing Cash Flow": "-1,436,000", "Financing Cash Flow": "1,529,000", "End Cash Position": "6,783,000", "Income Tax Paid Supplemental Data": "54,000", "Interest Paid Supplemental Data": "455,000", "Capital Expenditure": "-1,437,000", "Issuance of Capital Stock": "848,000", "Issuance of Debt": "10,669,000", "Repayment of Debt": "-9,871,000", "Free Cash Flow": "968,000"}, "12/31/2018": {"Duration": "12/31/2018", "Operating Cash Flow": "2,097,802", "Investing Cash Flow": "-2,337,428", "Financing Cash Flow": "573,755", "End Cash Position": "4,276,388", "Income Tax Paid Supplemental Data": "35,409", "Interest Paid Supplemental Data": "380,836", "Capital Expenditure": "-2,319,516", "Issuance of Capital Stock": "0", "Issuance of Debt": "6,176,173", "Repayment of Debt": "-6,087,029", "Free Cash Flow": "-221,714"}}}}, {"TTM": {"quote": {"05/12/2021": {"value": "21.40", "Market Cap": "15.307B", "Beta (5Y Monthly)": "2.23", "PE Ratio (TTM)": "N/A", "EPS (TTM)": "-2.80", "Earnings Date": "N/A", "Forward Dividend & Yield": "N/A (N/A)", "Ex-Dividend Date": "Jul 14, 2016", "1y Target Est": "8.20"}}, "fin": {"TTM": {"Duration": "TTM", "Total Revenue": "2,594,251,200", "Cost of Revenue": "1,763,059,300", "Gross Profit": "831,191,900", "Operating Expense": "1,032,614,400", "Operating Income": "-201,422,500", "Net Non Operating Interest Income Expense": "-60,856,200", "Other Income Expense": "152,939,100", "Pretax Income": "-109,339,600", "Tax Provision": "3,644,500", "Earnings from Equity Interest Net of Tax": "-", "Net Income Common Stockholders": "-113,940,300", "Diluted NI Available to Com Stockholders": "-113,940,300", "Basic EPS": "-", "Diluted EPS": "-", "Basic Average Shares": "-", "Diluted Average Shares": "-", "Total Expenses": "2,795,673,700", "Net Income from Continuing & Discontinued Operation": "-113,940,300", "Normalized Income": "-88,186,180", "Interest Income": "11,696,900", "Interest Expense": "72,553,100", "Net Interest Income": "-60,856,200", "EBIT": "-36,786,500", "EBITDA": "170,845,600", "Reconciled Cost of Revenue": "1,763,059,300", "Reconciled Depreciation": "207,632,100", "Net Income from Continuing Operation Net Minority Interest": "-113,940,300", "Total Unusual Items Excluding Goodwill": "-36,791,600", "Total Unusual Items": "-36,791,600", "Normalized EBITDA": "207,637,200", "Tax Rate for Calcs": "0", "Tax Effect of Unusual Items": "-11,037,480"}, "3/31/2020": {"Duration": "3/31/2020", "Total Revenue": "2,594,251,200", "Cost of Revenue": "1,763,059,300", "Gross Profit": "831,191,900", "Operating Expense": "1,032,614,400", "Operating Income": "-201,422,500", "Net Non Operating Interest Income Expense": "-60,856,200", "Other Income Expense": "152,939,100", "Pretax Income": "-109,339,600", "Tax Provision": "3,644,500", "Earnings from Equity Interest Net of Tax": "-", "Net Income Common Stockholders": "-113,940,300", "Diluted NI Available to Com Stockholders": "-113,940,300", "Basic EPS": "-164.50", "Diluted EPS": "-164.50", "Basic Average Shares": "692,171", "Diluted Average Shares": "692,171", "Total Expenses": "2,795,673,700", "Net Income from Continuing & Discontinued Operation": "-113,940,300", "Normalized Income": "-88,186,180", "Interest Income": "11,696,900", "Interest Expense": "72,553,100", "Net Interest Income": "-60,856,200", "EBIT": "-36,786,500", "EBITDA": "-", "Reconciled Cost of Revenue": "1,763,059,300", "Reconciled Depreciation": "207,632,100", "Net Income from Continuing Operation Net Minority Interest": "-113,940,300", "Total Unusual Items Excluding Goodwill": "-36,791,600", "Total Unusual Items": "-36,791,600", "Normalized EBITDA": "207,637,200", "Tax Rate for Calcs": "0", "Tax Effect of Unusual Items": "-11,037,480"}, "3/31/2019": {"Duration": "3/31/2019", "Total Revenue": "2,993,662,400", "Cost of Revenue": "2,081,342,000", "Gross Profit": "912,320,400", "Operating Expense": "1,115,412,100", "Operating Income": "-203,091,700", "Net Non Operating Interest Income Expense": "-49,721,400", "Other Income Expense": "-64,740,000", "Pretax Income": "-317,553,100", "Tax Provision": "-25,425,000", "Earnings from Equity Interest Net of Tax": "-", "Net Income Common Stockholders": "-293,142,700", "Diluted NI Available to Com Stockholders": "-293,142,700", "Basic EPS": "-431.50", "Diluted EPS": "-431.50", "Basic Average Shares": "679,170", "Diluted Average Shares": "679,170", "Total Expenses": "3,196,754,100", "Net Income from Continuing & Discontinued Operation": "-293,142,700", "Normalized Income": "-25,967,616", "Interest Income": "7,864,600", "Interest Expense": "57,586,000", "Net Interest Income": "-49,721,400", "EBIT": "-259,967,100", "EBITDA": "-", "Reconciled Cost of Revenue": "2,081,342,000", "Reconciled Depreciation": "230,197,800", "Net Income from Continuing Operation Net Minority Interest": "-293,142,700", "Total Unusual Items Excluding Goodwill": "-290,407,700", "Total Unusual Items": "-290,407,700", "Normalized EBITDA": "260,638,400", "Tax Rate for Calcs": "0", "Tax Effect of Unusual Items": "-23,232,616"}, "3/31/2018": {"Duration": "3/31/2018", "Total Revenue": "2,882,951,100", "Cost of Revenue": "2,006,629,400", "Gross Profit": "876,321,700", "Operating Expense": "992,059,200", "Operating Income": "-115,737,500", "Net Non Operating Interest Income Expense": "-39,242,600", "Other Income Expense": "260,720,600", "Pretax Income": "105,740,500", "Tax Provision": "38,058,500", "Earnings from Equity Interest Net of Tax": "-", "Net Income Common Stockholders": "66,660,800", "Diluted NI Available to Com Stockholders": "66,660,800", "Basic EPS": "98.00", "Diluted EPS": "98.00", "Basic Average Shares": "679,170", "Diluted Average Shares": "679,316", "Total Expenses": "2,998,688,600", "Net Income from Continuing & Discontinued Operation": "66,660,800", "Normalized Income": "61,509,824", "Interest Income": "7,122,400", "Interest Expense": "46,365,000", "Net Interest Income": "-39,242,600", "EBIT": "152,105,500", "EBITDA": "-", "Reconciled Cost of Revenue": "2,006,629,400", "Reconciled Depreciation": "209,818,200", "Net Income from Continuing Operation Net Minority Interest": "66,660,800", "Total Unusual Items Excluding Goodwill": "8,048,400", "Total Unusual Items": "8,048,400", "Normalized EBITDA": "353,875,300", "Tax Rate for Calcs": "0", "Tax Effect of Unusual Items": "2,897,424"}}, "bs": {"3/31/2020": {"Duration": "3/31/2020", "Total Assets": "3,140,802,100", "Total Liabilities Net Minority Interest": "2,542,767,400", "Total Equity Gross Minority Interest": "598,034,700", "Total Capitalization": "1,422,849,300", "Common Stock Equity": "589,801,200", "Capital Lease Obligations": "59,771,200", "Net Tangible Assets": "-82,513,900", "Working Capital": "-201,562,800", "Invested Capital": "1,777,798,300", "Tangible Book Value": "-82,513,900", "Total Debt": "1,247,768,300", "Net Debt": "1,003,319,100", "Share Issued": "3,597,477", "Ordinary Shares Number": "3,597,477"}, "3/31/2019": {"Duration": "3/31/2019", "Total Assets": "2,987,119,900", "Total Liabilities Net Minority Interest": "2,429,052,500", "Total Equity Gross Minority Interest": "558,067,400", "Total Capitalization": "1,260,805,700", "Common Stock Equity": "552,738,700", "Capital Lease Obligations": "1,734,700", "Net Tangible Assets": "-35,295,900", "Working Capital": "-219,475,400", "Invested Capital": "1,612,649,400", "Tangible Book Value": "-35,295,900", "Total Debt": "1,061,645,400", "Net Debt": "844,312,700", "Share Issued": "3,395,851", "Ordinary Shares Number": "3,395,851"}, "3/31/2018": {"Duration": "3/31/2018", "Total Assets": "3,235,937,200", "Total Liabilities Net Minority Interest": "2,321,989,900", "Total Equity Gross Minority Interest": "913,947,300", "Total Capitalization": "1,520,009,200", "Common Stock Equity": "908,589,800", "Capital Lease Obligations": "689,800", "Net Tangible Assets": "222,257,400", "Working Capital": "-65,134,400", "Invested Capital": "1,797,296,600", "Tangible Book Value": "222,257,400", "Total Debt": "889,396,600", "Net Debt": "741,539,300", "Share Issued": "3,395,851", "Ordinary Shares Number": "3,395,851"}}, "cf": {"TTM": {"Duration": "TTM", "Operating Cash Flow": "266,329,400", "Investing Cash Flow": "-341,702,200", "Financing Cash Flow": "33,896,000", "End Cash Position": "184,678,000", "Capital Expenditure": "-297,020,300", "Issuance of Capital Stock": "-", "Issuance of Debt": "383,939,700", "Repayment of Debt": "-307,298,100", "Free Cash Flow": "-30,690,900"}, "3/31/2020": {"Duration": "3/31/2020", "Operating Cash Flow": "266,329,400", "Investing Cash Flow": "-341,702,200", "Financing Cash Flow": "33,896,000", "End Cash Position": "184,678,000", "Capital Expenditure": "-297,020,300", "Issuance of Capital Stock": "-", "Issuance of Debt": "383,939,700", "Repayment of Debt": "-307,298,100", "Free Cash Flow": "-30,690,900"}, "3/31/2019": {"Duration": "3/31/2019", "Operating Cash Flow": "188,907,500", "Investing Cash Flow": "-197,110,900", "Financing Cash Flow": "88,303,700", "End Cash Position": "215,598,000", "Capital Expenditure": "-353,035,200", "Issuance of Capital Stock": "0", "Issuance of Debt": "511,343,500", "Repayment of Debt": "-351,980,200", "Free Cash Flow": "-164,127,700"}, "3/31/2018": {"Duration": "3/31/2018", "Operating Cash Flow": "238,574,200", "Investing Cash Flow": "-262,016,100", "Financing Cash Flow": "20,117,100", "End Cash Position": "147,167,500", "Capital Expenditure": "-350,789,200", "Issuance of Capital Stock": "0", "Issuance of Debt": "375,478,500", "Repayment of Debt": "-299,638,700", "Free Cash Flow": "-112,215,000"}}}}, {"SORL": {"fin": {}, "bs": {}, "cf": {}}}, {"ZAAP": {"fin": {}, "bs": {}, "cf": {}}}]