[{"ANSU": {"quote": {"05/08/2021": {"value": "0.0050", "Market Cap": "234,781", "Beta (5Y Monthly)": "0.83", "PE Ratio (TTM)": "N/A", "EPS (TTM)": "-0.0020", "Earnings Date": "N/A", "Forward Dividend & Yield": "N/A (N/A)", "Ex-Dividend Date": "N/A", "1y Target Est": "N/A"}}, "fin": {"TTM": {"Duration": "TTM", "Total Revenue": "0", "Cost of Revenue": "0", "Gross Profit": "0", "Operating Expense": "61.906", "Operating Income": "-61.906", "Net Non Operating Interest Income Expense": "-18.272", "Pretax Income": "-80.178", "Tax Provision": "0", "Net Income Common Stockholders": "-80.178", "Diluted NI Available to Com Stockholders": "-80.178", "Basic EPS": "-", "Diluted EPS": "-", "Basic Average Shares": "-", "Diluted Average Shares": "-", "Total Operating Income as Reported": "-61.906", "Total Expenses": "61.906", "Net Income from Continuing & Discontinued Operation": "-80.178", "Normalized Income": "-80.178", "Interest Expense": "18.272", "Net Interest Income": "-18.272", "EBIT": "-61.906", "EBITDA": "-61.906", "Reconciled Cost of Revenue": "0", "Net Income from Continuing Operation Net Minority Interest": "-80.178", "Normalized EBITDA": "-61.906", "Tax Rate for Calcs": "0", "Tax Effect of Unusual Items": "0"}, "12/31/2020": {"Duration": "12/31/2020", "Total Revenue": "0", "Cost of Revenue": "0", "Gross Profit": "0", "Operating Expense": "61.906", "Operating Income": "-61.906", "Net Non Operating Interest Income Expense": "-18.272", "Pretax Income": "-80.178", "Tax Provision": "0", "Net Income Common Stockholders": "-80.178", "Diluted NI Available to Com Stockholders": "-80.178", "Basic EPS": "-", "Diluted EPS": "-", "Basic Average Shares": "-", "Diluted Average Shares": "-", "Total Operating Income as Reported": "-61.906", "Total Expenses": "61.906", "Net Income from Continuing & Discontinued Operation": "-80.178", "Normalized Income": "-80.178", "Interest Expense": "18.272", "Net Interest Income": "-18.272", "EBIT": "-61.906", "EBITDA": "-", "Reconciled Cost of Revenue": "0", "Net Income from Continuing Operation Net Minority Interest": "-80.178", "Normalized EBITDA": "-61.906", "Tax Rate for Calcs": "0", "Tax Effect of Unusual Items": "0"}, "12/31/2019": {"Duration": "12/31/2019", "Total Revenue": "0", "Cost of Revenue": "0", "Gross Profit": "0", "Operating Expense": "66.293", "Operating Income": "-66.293", "Net Non Operating Interest Income Expense": "-15.283", "Pretax Income": "-81.576", "Tax Provision": "0", "Net Income Common Stockholders": "-81.576", "Diluted NI Available to Com Stockholders": "-81.576", "Basic EPS": "-0.00", "Diluted EPS": "-0.00", "Basic Average Shares": "46,956", "Diluted Average Shares": "46,956", "Total Operating Income as Reported": "-66.293", "Total Expenses": "66.293", "Net Income from Continuing & Discontinued Operation": "-81.576", "Normalized Income": "-81.576", "Interest Expense": "15.283", "Net Interest Income": "-15.283", "EBIT": "-66.293", "EBITDA": "-", "Reconciled Cost of Revenue": "0", "Net Income from Continuing Operation Net Minority Interest": "-81.576", "Normalized EBITDA": "-66.293", "Tax Rate for Calcs": "0", "Tax Effect of Unusual Items": "0"}, "12/31/2018": {"Duration": "12/31/2018", "Total Revenue": "0", "Cost of Revenue": "0", "Gross Profit": "0", "Operating Expense": "71.663", "Operating Income": "-71.663", "Net Non Operating Interest Income Expense": "-13.793", "Pretax Income": "-85.456", "Tax Provision": "0", "Net Income Common Stockholders": "-85.456", "Diluted NI Available to Com Stockholders": "-85.456", "Basic EPS": "-0.00", "Diluted EPS": "-0.00", "Basic Average Shares": "46,956", "Diluted Average Shares": "46,956", "Total Operating Income as Reported": "-71.663", "Total Expenses": "71.663", "Net Income from Continuing & Discontinued Operation": "-85.456", "Normalized Income": "-85.456", "Interest Expense": "13.793", "Net Interest Income": "-13.793", "EBIT": "-71.663", "EBITDA": "-", "Reconciled Cost of Revenue": "0", "Net Income from Continuing Operation Net Minority Interest": "-85.456", "Normalized EBITDA": "-71.663", "Tax Rate for Calcs": "0", "Tax Effect of Unusual Items": "0"}}, "bs": {"12/31/2020": {"Duration": "12/31/2020", "Total Assets": "23.216", "Total Liabilities Net Minority Interest": "751.689", "Total Equity Gross Minority Interest": "-728.473", "Total Capitalization": "-728.473", "Common Stock Equity": "-728.473", "Capital Lease Obligations": "11.019", "Net Tangible Assets": "-728.473", "Working Capital": "-739.492", "Invested Capital": "-296.123", "Tangible Book Value": "-728.473", "Total Debt": "443.369", "Net Debt": "431.491", "Share Issued": "46,956", "Ordinary Shares Number": "46,956"}, "12/31/2019": {"Duration": "12/31/2019", "Total Assets": "33.299", "Total Liabilities Net Minority Interest": "681.594", "Total Equity Gross Minority Interest": "-648.295", "Total Capitalization": "-648.295", "Common Stock Equity": "-648.295", "Capital Lease Obligations": "25.084", "Net Tangible Assets": "-648.295", "Working Capital": "-662.36", "Invested Capital": "-277.46", "Tangible Book Value": "-648.295", "Total Debt": "395.919", "Net Debt": "362.62", "Share Issued": "46,956", "Ordinary Shares Number": "46,956"}, "12/31/2018": {"Duration": "12/31/2018", "Total Assets": "1.544", "Total Liabilities Net Minority Interest": "568.263", "Total Equity Gross Minority Interest": "-566.719", "Total Capitalization": "-566.719", "Common Stock Equity": "-566.719", "Capital Lease Obligations": "-", "Net Tangible Assets": "-566.719", "Working Capital": "-566.719", "Invested Capital": "-253.089", "Tangible Book Value": "-566.719", "Total Debt": "313.63", "Net Debt": "312.086", "Share Issued": "46,956", "Ordinary Shares Number": "46,956"}}, "cf": {"TTM": {"Duration": "TTM", "Operating Cash Flow": "-33.024", "Financing Cash Flow": "25.668", "End Cash Position": "0.859", "Income Tax Paid Supplemental Data": "0", "Interest Paid Supplemental Data": "0", "Issuance of Debt": "61.515", "Free Cash Flow": "-33.024"}, "12/31/2020": {"Duration": "12/31/2020", "Operating Cash Flow": "-33.024", "Financing Cash Flow": "25.668", "End Cash Position": "0.859", "Income Tax Paid Supplemental Data": "0", "Interest Paid Supplemental Data": "0", "Issuance of Debt": "61.515", "Free Cash Flow": "-33.024"}, "12/31/2019": {"Duration": "12/31/2019", "Operating Cash Flow": "-62.571", "Financing Cash Flow": "69.242", "End Cash Position": "8.215", "Income Tax Paid Supplemental Data": "-", "Interest Paid Supplemental Data": "-", "Issuance of Debt": "57.205", "Free Cash Flow": "-62.571"}, "12/31/2018": {"Duration": "12/31/2018", "Operating Cash Flow": "-47.288", "Financing Cash Flow": "43.818", "End Cash Position": "1.544", "Income Tax Paid Supplemental Data": "-", "Interest Paid Supplemental Data": "-", "Issuance of Debt": "21.155", "Free Cash Flow": "-47.288"}}}}, {"MPX": {"quote": {"05/08/2021": {"value": "16.75", "Market Cap": "569.398M", "Beta (5Y Monthly)": "1.22", "PE Ratio (TTM)": "24.35", "EPS (TTM)": "0.69", "Earnings Date": "Jul 27, 2021 - Aug 02, 2021", "Forward Dividend & Yield": "0.48 (2.87%)", "Ex-Dividend Date": "May 07, 2021", "1y Target Est": "N/A"}}, "fin": {"TTM": {"Duration": "TTM", "Total Revenue": "259,081", "Cost of Revenue": "199,121", "Gross Profit": "59,960", "Operating Expense": "30,428", "Operating Income": "29,532", "Net Non Operating Interest Income Expense": "42", "Pretax Income": "29,574", "Tax Provision": "6,241", "Net Income Common Stockholders": "22,852", "Diluted NI Available to Com Stockholders": "22,852", "Basic EPS": "-", "Diluted EPS": "-", "Basic Average Shares": "-", "Diluted Average Shares": "-", "Total Operating Income as Reported": "29,532", "Total Expenses": "229,549", "Net Income from Continuing & Discontinued Operation": "23,333", "Normalized Income": "23,333", "Interest Income": "42", "Net Interest Income": "42", "EBIT": "29,532", "EBITDA": "31,397", "Reconciled Cost of Revenue": "199,121", "Reconciled Depreciation": "1,865", "Net Income from Continuing Operation Net Minority Interest": "23,333", "Normalized EBITDA": "31,397", "Tax Rate for Calcs": "0", "Tax Effect of Unusual Items": "0"}, "12/31/2020": {"Duration": "12/31/2020", "Total Revenue": "239,825", "Cost of Revenue": "186,220", "Gross Profit": "53,605", "Operating Expense": "29,244", "Operating Income": "24,361", "Net Non Operating Interest Income Expense": "95", "Pretax Income": "24,456", "Tax Provision": "5,012", "Net Income Common Stockholders": "19,028", "Diluted NI Available to Com Stockholders": "19,028", "Basic EPS": "0.57", "Diluted EPS": "0.57", "Basic Average Shares": "33,926", "Diluted Average Shares": "33,926", "Total Operating Income as Reported": "24,361", "Total Expenses": "215,464", "Net Income from Continuing & Discontinued Operation": "19,444", "Normalized Income": "19,444", "Interest Income": "95", "Net Interest Income": "95", "EBIT": "24,361", "EBITDA": "-", "Reconciled Cost of Revenue": "186,220", "Reconciled Depreciation": "1,954", "Net Income from Continuing Operation Net Minority Interest": "19,444", "Normalized EBITDA": "26,315", "Tax Rate for Calcs": "0", "Tax Effect of Unusual Items": "0"}, "12/31/2019": {"Duration": "12/31/2019", "Total Revenue": "292,136", "Cost of Revenue": "226,742", "Gross Profit": "65,394", "Operating Expense": "31,259", "Operating Income": "34,135", "Net Non Operating Interest Income Expense": "323", "Pretax Income": "34,458", "Tax Provision": "6,219", "Net Income Common Stockholders": "27,570", "Diluted NI Available to Com Stockholders": "27,570", "Basic EPS": "0.83", "Diluted EPS": "0.83", "Basic Average Shares": "34,061", "Diluted Average Shares": "34,061", "Total Operating Income as Reported": "34,135", "Total Expenses": "258,001", "Net Income from Continuing & Discontinued Operation": "28,239", "Normalized Income": "28,239", "Interest Income": "323", "Net Interest Income": "323", "EBIT": "34,135", "EBITDA": "-", "Reconciled Cost of Revenue": "226,742", "Reconciled Depreciation": "2,090", "Net Income from Continuing Operation Net Minority Interest": "28,239", "Normalized EBITDA": "36,225", "Tax Rate for Calcs": "0", "Tax Effect of Unusual Items": "0"}, "12/31/2018": {"Duration": "12/31/2018", "Total Revenue": "298,616", "Cost of Revenue": "232,293", "Gross Profit": "66,323", "Operating Expense": "30,936", "Operating Income": "35,387", "Net Non Operating Interest Income Expense": "268", "Pretax Income": "35,655", "Tax Provision": "7,167", "Net Income Common Stockholders": "27,726", "Diluted NI Available to Com Stockholders": "27,726", "Basic EPS": "0.83", "Diluted EPS": "0.83", "Basic Average Shares": "34,529", "Diluted Average Shares": "34,529", "Total Operating Income as Reported": "35,387", "Total Expenses": "263,229", "Net Income from Continuing & Discontinued Operation": "28,488", "Normalized Income": "28,488", "Interest Income": "268", "Net Interest Income": "268", "EBIT": "35,387", "EBITDA": "-", "Reconciled Cost of Revenue": "232,293", "Reconciled Depreciation": "1,820", "Net Income from Continuing Operation Net Minority Interest": "28,488", "Normalized EBITDA": "37,207", "Tax Rate for Calcs": "0", "Tax Effect of Unusual Items": "0"}}, "bs": {"12/31/2020": {"Duration": "12/31/2020", "Total Assets": "119,422", "Total Liabilities Net Minority Interest": "34,903", "Total Equity Gross Minority Interest": "84,519", "Total Capitalization": "84,519", "Common Stock Equity": "84,519", "Net Tangible Assets": "80,746", "Working Capital": "58,874", "Invested Capital": "84,519", "Tangible Book Value": "80,746", "Share Issued": "33,869", "Ordinary Shares Number": "33,869"}, "12/31/2019": {"Duration": "12/31/2019", "Total Assets": "104,764", "Total Liabilities Net Minority Interest": "27,552", "Total Equity Gross Minority Interest": "77,212", "Total Capitalization": "77,212", "Common Stock Equity": "77,212", "Net Tangible Assets": "73,439", "Working Capital": "53,886", "Invested Capital": "77,212", "Tangible Book Value": "73,439", "Share Issued": "33,870", "Ordinary Shares Number": "33,870"}, "12/31/2018": {"Duration": "12/31/2018", "Total Assets": "100,880", "Total Liabilities Net Minority Interest": "25,668", "Total Equity Gross Minority Interest": "75,212", "Total Capitalization": "75,212", "Common Stock Equity": "75,212", "Net Tangible Assets": "71,439", "Working Capital": "46,433", "Invested Capital": "75,212", "Tangible Book Value": "71,439", "Share Issued": "34,328", "Ordinary Shares Number": "34,328"}}, "cf": {"TTM": {"Duration": "TTM", "Operating Cash Flow": "31,947", "Investing Cash Flow": "-1,636", "Financing Cash Flow": "-15,359", "End Cash Position": "35,016", "Capital Expenditure": "-1,670", "Repurchase of Capital Stock": "-2,485", "Free Cash Flow": "30,277"}, "12/31/2020": {"Duration": "12/31/2020", "Operating Cash Flow": "29,874", "Investing Cash Flow": "-2,065", "Financing Cash Flow": "-16,040", "End Cash Position": "31,573", "Capital Expenditure": "-2,099", "Repurchase of Capital Stock": "-2,490", "Free Cash Flow": "27,775"}, "12/31/2019": {"Duration": "12/31/2019", "Operating Cash Flow": "33,917", "Investing Cash Flow": "5,345", "Financing Cash Flow": "-28,203", "End Cash Position": "19,804", "Capital Expenditure": "-2,334", "Repurchase of Capital Stock": "-8,447", "Free Cash Flow": "31,583"}, "12/31/2018": {"Duration": "12/31/2018", "Operating Cash Flow": "22,775", "Investing Cash Flow": "3,060", "Financing Cash Flow": "-24,774", "End Cash Position": "8,745", "Capital Expenditure": "-2,154", "Repurchase of Capital Stock": "-7,522", "Free Cash Flow": "20,621"}}}}, {"FOXF": {"quote": {"05/08/2021": {"value": "160.30", "Market Cap": "6.727B", "Beta (5Y Monthly)": "N/A", "PE Ratio (TTM)": "55.35", "EPS (TTM)": "2.90", "Earnings Date": "Aug 03, 2021 - Aug 09, 2021", "Forward Dividend & Yield": "N/A (N/A)", "Ex-Dividend Date": "N/A", "1y Target Est": "149.86"}}, "fin": {"TTM": {"Duration": "TTM", "Total Revenue": "890,554", "Cost of Revenue": "601,007", "Gross Profit": "289,547", "Operating Expense": "175,398", "Operating Income": "114,149", "Net Non Operating Interest Income Expense": "-9,294", "Other Income Expense": "-325", "Pretax Income": "104,530", "Tax Provision": "12,784", "Net Income Common Stockholders": "90,674", "Diluted NI Available to Com Stockholders": "90,674", "Basic EPS": "-", "Diluted EPS": "-", "Basic Average Shares": "-", "Diluted Average Shares": "-", "Total Operating Income as Reported": "114,149", "Total Expenses": "776,405", "Net Income from Continuing & Discontinued Operation": "90,674", "Normalized Income": "90,674", "Interest Expense": "9,294", "Net Interest Income": "-9,294", "EBIT": "113,824", "EBITDA": "147,751", "Reconciled Cost of Revenue": "584,663", "Reconciled Depreciation": "33,927", "Net Income from Continuing Operation Net Minority Interest": "90,674", "Total Unusual Items Excluding Goodwill": "0", "Total Unusual Items": "0", "Normalized EBITDA": "147,751", "Tax Rate for Calcs": "0", "Tax Effect of Unusual Items": "0"}, "12/31/2020": {"Duration": "12/31/2020", "Total Revenue": "890,554", "Cost of Revenue": "601,007", "Gross Profit": "289,547", "Operating Expense": "175,398", "Operating Income": "114,149", "Net Non Operating Interest Income Expense": "-9,294", "Other Income Expense": "-325", "Pretax Income": "104,530", "Tax Provision": "12,784", "Net Income Common Stockholders": "90,674", "Diluted NI Available to Com Stockholders": "90,674", "Basic EPS": "-", "Diluted EPS": "-", "Basic Average Shares": "-", "Diluted Average Shares": "-", "Total Operating Income as Reported": "114,149", "Total Expenses": "776,405", "Net Income from Continuing & Discontinued Operation": "90,674", "Normalized Income": "90,674", "Interest Expense": "9,294", "Net Interest Income": "-9,294", "EBIT": "113,824", "EBITDA": "-", "Reconciled Cost of Revenue": "584,663", "Reconciled Depreciation": "33,927", "Net Income from Continuing Operation Net Minority Interest": "90,674", "Total Unusual Items Excluding Goodwill": "0", "Total Unusual Items": "0", "Normalized EBITDA": "147,751", "Tax Rate for Calcs": "0", "Tax Effect of Unusual Items": "0"}, "12/31/2019": {"Duration": "12/31/2019", "Total Revenue": "751,020", "Cost of Revenue": "508,285", "Gross Profit": "242,735", "Operating Expense": "129,926", "Operating Income": "112,809", "Net Non Operating Interest Income Expense": "-3,173", "Other Income Expense": "-1,067", "Pretax Income": "108,569", "Tax Provision": "14,099", "Net Income Common Stockholders": "93,033", "Diluted NI Available to Com Stockholders": "93,033", "Basic EPS": "2.43", "Diluted EPS": "2.38", "Basic Average Shares": "38,333", "Diluted Average Shares": "39,155", "Total Operating Income as Reported": "112,809", "Total Expenses": "638,211", "Net Income from Continuing & Discontinued Operation": "93,033", "Normalized Income": "93,033", "Interest Expense": "3,173", "Net Interest Income": "-3,173", "EBIT": "111,742", "EBITDA": "-", "Reconciled Cost of Revenue": "496,893", "Reconciled Depreciation": "17,736", "Net Income from Continuing Operation Net Minority Interest": "93,033", "Total Unusual Items Excluding Goodwill": "0", "Total Unusual Items": "0", "Normalized EBITDA": "129,478", "Tax Rate for Calcs": "0", "Tax Effect of Unusual Items": "0"}, "12/31/2018": {"Duration": "12/31/2018", "Total Revenue": "619,225", "Cost of Revenue": "413,729", "Gross Profit": "205,496", "Operating Expense": "110,964", "Operating Income": "94,532", "Net Non Operating Interest Income Expense": "-3,059", "Other Income Expense": "-583", "Pretax Income": "90,890", "Tax Provision": "5,523", "Net Income Common Stockholders": "84,040", "Diluted NI Available to Com Stockholders": "84,040", "Basic EPS": "2.22", "Diluted EPS": "2.16", "Basic Average Shares": "37,805", "Diluted Average Shares": "38,956", "Total Operating Income as Reported": "94,532", "Total Expenses": "524,693", "Net Income from Continuing & Discontinued Operation": "84,040", "Normalized Income": "84,040", "Interest Expense": "3,059", "Net Interest Income": "-3,059", "EBIT": "93,949", "EBITDA": "-", "Reconciled Cost of Revenue": "405,065", "Reconciled Depreciation": "14,729", "Net Income from Continuing Operation Net Minority Interest": "84,040", "Total Unusual Items Excluding Goodwill": "0", "Total Unusual Items": "0", "Normalized EBITDA": "108,678", "Tax Rate for Calcs": "0", "Tax Effect of Unusual Items": "0"}}, "bs": {"12/31/2020": {"Duration": "12/31/2020", "Total Assets": "1,286,561", "Total Liabilities Net Minority Interest": "567,390", "Total Equity Gross Minority Interest": "719,171", "Total Capitalization": "1,096,259", "Common Stock Equity": "719,171", "Capital Lease Obligations": "31,667", "Net Tangible Assets": "225,332", "Working Capital": "416,580", "Invested Capital": "1,108,759", "Tangible Book Value": "225,332", "Total Debt": "421,255", "Net Debt": "143,824", "Share Issued": "42,692", "Ordinary Shares Number": "41,802", "Treasury Shares Number": "890"}, "12/31/2019": {"Duration": "12/31/2019", "Total Assets": "609,316", "Total Liabilities Net Minority Interest": "187,116", "Total Equity Gross Minority Interest": "422,200", "Total Capitalization": "490,200", "Common Stock Equity": "422,200", "Capital Lease Obligations": "17,826", "Net Tangible Assets": "246,724", "Working Capital": "190,000", "Invested Capital": "490,200", "Tangible Book Value": "246,724", "Total Debt": "85,826", "Net Debt": "24,264", "Share Issued": "39,448", "Ordinary Shares Number": "38,559", "Treasury Shares Number": "889"}, "12/31/2018": {"Duration": "12/31/2018", "Total Assets": "485,254", "Total Liabilities Net Minority Interest": "164,049", "Total Equity Gross Minority Interest": "321,205", "Total Capitalization": "373,708", "Common Stock Equity": "321,205", "Capital Lease Obligations": "-", "Net Tangible Assets": "148,381", "Working Capital": "135,162", "Invested Capital": "380,631", "Tangible Book Value": "148,381", "Total Debt": "59,426", "Net Debt": "31,468", "Share Issued": "38,881", "Ordinary Shares Number": "37,991", "Treasury Shares Number": "890"}}, "cf": {"TTM": {"Duration": "TTM", "Operating Cash Flow": "82,715", "Investing Cash Flow": "-388,525", "Financing Cash Flow": "506,722", "End Cash Position": "245,764", "Income Tax Paid Supplemental Data": "26,228", "Interest Paid Supplemental Data": "7,171", "Capital Expenditure": "-56,744", "Issuance of Capital Stock": "198,236", "Issuance of Debt": "617,510", "Repayment of Debt": "-298,125", "Repurchase of Capital Stock": "-", "Free Cash Flow": "25,971"}, "12/31/2020": {"Duration": "12/31/2020", "Operating Cash Flow": "82,715", "Investing Cash Flow": "-388,525", "Financing Cash Flow": "506,722", "End Cash Position": "245,764", "Income Tax Paid Supplemental Data": "26,228", "Interest Paid Supplemental Data": "7,171", "Capital Expenditure": "-56,744", "Issuance of Capital Stock": "198,236", "Issuance of Debt": "617,510", "Repayment of Debt": "-298,125", "Repurchase of Capital Stock": "-", "Free Cash Flow": "25,971"}, "12/31/2019": {"Duration": "12/31/2019", "Operating Cash Flow": "74,830", "Investing Cash Flow": "-60,330", "Financing Cash Flow": "859", "End Cash Position": "43,736", "Income Tax Paid Supplemental Data": "28,293", "Interest Paid Supplemental Data": "2,762", "Capital Expenditure": "-53,526", "Issuance of Capital Stock": "-", "Issuance of Debt": "67,500", "Repayment of Debt": "-59,866", "Repurchase of Capital Stock": "-", "Free Cash Flow": "21,304"}, "12/31/2018": {"Duration": "12/31/2018", "Operating Cash Flow": "65,392", "Investing Cash Flow": "-30,203", "Financing Cash Flow": "-43,431", "End Cash Position": "27,958", "Income Tax Paid Supplemental Data": "24,610", "Interest Paid Supplemental Data": "2,756", "Capital Expenditure": "-30,203", "Issuance of Capital Stock": "-", "Issuance of Debt": "25,000", "Repayment of Debt": "-64,335", "Repurchase of Capital Stock": "0", "Free Cash Flow": "35,189"}}}}, {"HOG": {"quote": {"05/08/2021": {"value": "49.71", "Market Cap": "7.639B", "Beta (5Y Monthly)": "1.55", "PE Ratio (TTM)": "39.96", "EPS (TTM)": "1.24", "Earnings Date": "Jul 26, 2021 - Jul 30, 2021", "Forward Dividend & Yield": "0.60 (1.21%)", "Ex-Dividend Date": "Mar 01, 2021", "1y Target Est": "48.00"}}, "fin": {"TTM": {"Duration": "TTM", "Total Revenue": "4,178,640", "Cost of Revenue": "2,732,231", "Gross Profit": "1,446,409", "Operating Expense": "1,068,653", "Operating Income": "377,756", "Net Non Operating Interest Income Expense": "-", "Other Income Expense": "-124,541", "Pretax Income": "229,849", "Tax Provision": "39,102", "Net Income Common Stockholders": "190,747", "Diluted NI Available to Com Stockholders": "190,747", "Basic EPS": "-", "Diluted EPS": "-", "Basic Average Shares": "-", "Diluted Average Shares": "-", "Total Operating Income as Reported": "248,340", "Total Expenses": "3,800,884", "Net Income from Continuing & Discontinued Operation": "190,747", "Normalized Income": "287,435", "Interest Expense": "-", "Net Interest Income": "-", "EBIT": "258,651", "EBITDA": "258,651", "Reconciled Cost of Revenue": "2,732,231", "Reconciled Depreciation": "-", "Net Income from Continuing Operation Net Minority Interest": "190,747", "Total Unusual Items Excluding Goodwill": "-116,509", "Total Unusual Items": "-116,509", "Normalized EBITDA": "375,160", "Tax Rate for Calcs": "0", "Tax Effect of Unusual Items": "-19,821"}, "12/31/2020": {"Duration": "12/31/2020", "Total Revenue": "4,054,377", "Cost of Revenue": "2,682,192", "Gross Profit": "1,372,185", "Operating Expense": "1,232,497", "Operating Income": "139,688", "Net Non Operating Interest Income Expense": "-31,121", "Other Income Expense": "-124,297", "Pretax Income": "-15,730", "Tax Provision": "-17,028", "Net Income Common Stockholders": "1,298", "Diluted NI Available to Com Stockholders": "1,298", "Basic EPS": "0.01", "Diluted EPS": "0.01", "Basic Average Shares": "153,186", "Diluted Average Shares": "153,908", "Total Operating Income as Reported": "9,679", "Total Expenses": "3,914,689", "Net Income from Continuing & Discontinued Operation": "1,298", "Normalized Income": "90,686", "Interest Expense": "31,121", "Net Interest Income": "-31,121", "EBIT": "15,391", "EBITDA": "-", "Reconciled Cost of Revenue": "2,682,192", "Reconciled Depreciation": "185,715", "Net Income from Continuing Operation Net Minority Interest": "1,298", "Total Unusual Items Excluding Goodwill": "-122,449", "Total Unusual Items": "-122,449", "Normalized EBITDA": "323,555", "Tax Rate for Calcs": "0", "Tax Effect of Unusual Items": "-33,061"}, "12/31/2019": {"Duration": "12/31/2019", "Total Revenue": "5,361,789", "Cost of Revenue": "3,440,236", "Gross Profit": "1,921,553", "Operating Expense": "1,333,592", "Operating Income": "587,961", "Net Non Operating Interest Income Expense": "-31,078", "Other Income Expense": "532", "Pretax Income": "557,415", "Tax Provision": "133,780", "Net Income Common Stockholders": "423,635", "Diluted NI Available to Com Stockholders": "423,635", "Basic EPS": "2.70", "Diluted EPS": "2.68", "Basic Average Shares": "157,054", "Diluted Average Shares": "157,804", "Total Operating Income as Reported": "555,608", "Total Expenses": "4,773,828", "Net Income from Continuing & Discontinued Operation": "423,635", "Normalized Income": "435,781", "Interest Expense": "31,078", "Net Interest Income": "-31,078", "EBIT": "588,493", "EBITDA": "-", "Reconciled Cost of Revenue": "3,440,236", "Reconciled Depreciation": "232,537", "Net Income from Continuing Operation Net Minority Interest": "423,635", "Total Unusual Items Excluding Goodwill": "-15,982", "Total Unusual Items": "-15,982", "Normalized EBITDA": "837,012", "Tax Rate for Calcs": "0", "Tax Effect of Unusual Items": "-3,836"}, "12/31/2018": {"Duration": "12/31/2018", "Total Revenue": "5,716,875", "Cost of Revenue": "3,544,983", "Gross Profit": "2,171,892", "Operating Expense": "1,364,968", "Operating Income": "806,924", "Net Non Operating Interest Income Expense": "-30,884", "Other Income Expense": "-89,411", "Pretax Income": "686,629", "Tax Provision": "155,178", "Net Income Common Stockholders": "531,451", "Diluted NI Available to Com Stockholders": "531,451", "Basic EPS": "3.21", "Diluted EPS": "3.19", "Basic Average Shares": "165,672", "Diluted Average Shares": "166,504", "Total Operating Income as Reported": "713,523", "Total Expenses": "4,909,951", "Net Income from Continuing & Discontinued Operation": "531,451", "Normalized Income": "603,007", "Interest Expense": "30,884", "Net Interest Income": "-30,884", "EBIT": "717,513", "EBITDA": "-", "Reconciled Cost of Revenue": "3,544,983", "Reconciled Depreciation": "264,863", "Net Income from Continuing Operation Net Minority Interest": "531,451", "Total Unusual Items Excluding Goodwill": "-92,450", "Total Unusual Items": "-92,450", "Normalized EBITDA": "1,074,826", "Tax Rate for Calcs": "0", "Tax Effect of Unusual Items": "-20,894"}}, "bs": {"12/31/2020": {"Duration": "12/31/2020", "Total Assets": "12,010,601", "Total Liabilities Net Minority Interest": "10,287,816", "Total Equity Gross Minority Interest": "1,722,785", "Total Capitalization": "7,655,718", "Common Stock Equity": "1,722,785", "Capital Lease Obligations": "47,196", "Net Tangible Assets": "1,647,180", "Working Capital": "1,863,479", "Invested Capital": "10,709,589", "Tangible Book Value": "1,647,180", "Total Debt": "9,034,000", "Net Debt": "5,729,601", "Share Issued": "168,504", "Ordinary Shares Number": "152,931", "Treasury Shares Number": "15,573"}, "12/31/2019": {"Duration": "12/31/2019", "Total Assets": "10,528,159", "Total Liabilities Net Minority Interest": "8,724,160", "Total Equity Gross Minority Interest": "1,803,999", "Total Capitalization": "6,928,825", "Common Stock Equity": "1,803,999", "Capital Lease Obligations": "63,460", "Net Tangible Assets": "1,729,242", "Working Capital": "1,006,051", "Invested Capital": "9,248,929", "Tangible Book Value": "1,729,242", "Total Debt": "7,508,390", "Net Debt": "6,611,062", "Share Issued": "182,817", "Ordinary Shares Number": "152,468", "Treasury Shares Number": "30,348"}, "12/31/2018": {"Duration": "12/31/2018", "Total Assets": "10,665,664", "Total Liabilities Net Minority Interest": "8,891,715", "Total Equity Gross Minority Interest": "1,773,949", "Total Capitalization": "6,661,616", "Common Stock Equity": "1,773,949", "Capital Lease Obligations": "-", "Net Tangible Assets": "1,712,903", "Working Capital": "886,842", "Invested Capital": "9,373,225", "Tangible Book Value": "1,712,903", "Total Debt": "7,599,276", "Net Debt": "6,395,510", "Share Issued": "181,931", "Ordinary Shares Number": "159,658", "Treasury Shares Number": "22,273"}}, "cf": {"TTM": {"Duration": "TTM", "Operating Cash Flow": "1,349,253", "Investing Cash Flow": "-121,804", "Financing Cash Flow": "-294,244", "End Cash Position": "2,508,053", "Capital Expenditure": "-116,935", "Issuance of Debt": "3,223,570", "Repayment of Debt": "-3,632,609", "Repurchase of Capital Stock": "-6,581", "Free Cash Flow": "1,232,318"}, "12/31/2020": {"Duration": "12/31/2020", "Operating Cash Flow": "1,177,890", "Investing Cash Flow": "-66,783", "Financing Cash Flow": "1,373,983", "End Cash Position": "3,409,168", "Capital Expenditure": "-131,050", "Issuance of Debt": "4,130,619", "Repayment of Debt": "-2,760,579", "Repurchase of Capital Stock": "-8,006", "Free Cash Flow": "1,046,840"}, "12/31/2019": {"Duration": "12/31/2019", "Operating Cash Flow": "868,272", "Investing Cash Flow": "-508,126", "Financing Cash Flow": "-712,223", "End Cash Position": "905,366", "Capital Expenditure": "-181,440", "Issuance of Debt": "2,402,639", "Repayment of Debt": "-2,584,710", "Repurchase of Capital Stock": "-296,520", "Free Cash Flow": "686,832"}, "12/31/2018": {"Duration": "12/31/2018", "Operating Cash Flow": "1,205,921", "Investing Cash Flow": "-662,269", "Financing Cash Flow": "-14,763", "End Cash Position": "1,259,748", "Capital Expenditure": "-213,516", "Issuance of Debt": "2,101,570", "Repayment of Debt": "-1,348,086", "Repurchase of Capital Stock": "-390,606", "Free Cash Flow": "992,405"}}}}, {"MCFT": {"quote": {"05/08/2021": {"value": "29.75", "Market Cap": "563.742M", "Beta (5Y Monthly)": "2.29", "PE Ratio (TTM)": "N/A", "EPS (TTM)": "-0.93", "Earnings Date": "May 12, 2021", "Forward Dividend & Yield": "N/A (N/A)", "Ex-Dividend Date": "Jun 13, 2016", "1y Target Est": "33.75"}}, "fin": {"TTM": {"Duration": "TTM", "Total Revenue": "376,078", "Cost of Revenue": "291,894", "Gross Profit": "84,184", "Operating Expense": "46,997", "Operating Income": "37,187", "Net Non Operating Interest Income Expense": "-4,353", "Other Income Expense": "-", "Pretax Income": "-23,603", "Tax Provision": "-6,122", "Net Income Common Stockholders": "-17,481", "Diluted NI Available to Com Stockholders": "-17,481", "Basic EPS": "-", "Diluted EPS": "-", "Basic Average Shares": "-", "Diluted Average Shares": "-", "Total Operating Income as Reported": "-19,250", "Total Expenses": "338,891", "Net Income from Continuing & Discontinued Operation": "-17,481", "Normalized Income": "-17,481", "Interest Expense": "4,353", "Net Interest Income": "-4,353", "EBIT": "-19,250", "EBITDA": "-8,177", "Reconciled Cost of Revenue": "284,769", "Reconciled Depreciation": "11,073", "Net Income from Continuing Operation Net Minority Interest": "-17,481", "Total Unusual Items Excluding Goodwill": "-", "Total Unusual Items": "-", "Normalized EBITDA": "-8,177", "Tax Rate for Calcs": "0", "Tax Effect of Unusual Items": "0"}, "6/30/2020": {"Duration": "6/30/2020", "Total Revenue": "363,073", "Cost of Revenue": "287,717", "Gross Profit": "75,356", "Operating Expense": "45,486", "Operating Income": "29,870", "Net Non Operating Interest Income Expense": "-5,045", "Other Income Expense": "-56,437", "Pretax Income": "-31,612", "Tax Provision": "-7,565", "Net Income Common Stockholders": "-24,047", "Diluted NI Available to Com Stockholders": "-24,047", "Basic EPS": "-1.28", "Diluted EPS": "-1.28", "Basic Average Shares": "18,734", "Diluted Average Shares": "18,734", "Total Operating Income as Reported": "-26,567", "Total Expenses": "333,203", "Net Income from Continuing & Discontinued Operation": "-24,047", "Normalized Income": "18,885", "Interest Expense": "5,045", "Net Interest Income": "-5,045", "EBIT": "-26,567", "EBITDA": "-", "Reconciled Cost of Revenue": "281,138", "Reconciled Depreciation": "10,527", "Net Income from Continuing Operation Net Minority Interest": "-24,047", "Total Unusual Items Excluding Goodwill": "-56,437", "Total Unusual Items": "-56,437", "Normalized EBITDA": "40,397", "Tax Rate for Calcs": "0", "Tax Effect of Unusual Items": "-13,505"}, "6/30/2019": {"Duration": "6/30/2019", "Total Revenue": "466,381", "Cost of Revenue": "353,254", "Gross Profit": "113,127", "Operating Expense": "48,868", "Operating Income": "64,259", "Net Non Operating Interest Income Expense": "-6,513", "Other Income Expense": "-31,000", "Pretax Income": "26,746", "Tax Provision": "5,392", "Net Income Common Stockholders": "21,354", "Diluted NI Available to Com Stockholders": "21,354", "Basic EPS": "1.14", "Diluted EPS": "1.14", "Basic Average Shares": "18,654", "Diluted Average Shares": "18,768", "Total Operating Income as Reported": "33,259", "Total Expenses": "402,122", "Net Income from Continuing & Discontinued Operation": "21,354", "Normalized Income": "46,104", "Interest Expense": "6,513", "Net Interest Income": "-6,513", "EBIT": "33,259", "EBITDA": "-", "Reconciled Cost of Revenue": "348,959", "Reconciled Depreciation": "7,787", "Net Income from Continuing Operation Net Minority Interest": "21,354", "Total Unusual Items Excluding Goodwill": "-31,000", "Total Unusual Items": "-31,000", "Normalized EBITDA": "72,046", "Tax Rate for Calcs": "0", "Tax Effect of Unusual Items": "-6,250"}, "6/30/2018": {"Duration": "6/30/2018", "Total Revenue": "332,725", "Cost of Revenue": "242,361", "Gross Profit": "90,364", "Operating Expense": "34,381", "Operating Income": "55,983", "Net Non Operating Interest Income Expense": "-3,474", "Other Income Expense": "-", "Pretax Income": "52,509", "Tax Provision": "12,856", "Net Income Common Stockholders": "39,653", "Diluted NI Available to Com Stockholders": "39,653", "Basic EPS": "2.13", "Diluted EPS": "2.12", "Basic Average Shares": "18,620", "Diluted Average Shares": "18,715", "Total Operating Income as Reported": "55,983", "Total Expenses": "276,742", "Net Income from Continuing & Discontinued Operation": "39,653", "Normalized Income": "39,653", "Interest Expense": "3,474", "Net Interest Income": "-3,474", "EBIT": "55,983", "EBITDA": "-", "Reconciled Cost of Revenue": "238,872", "Reconciled Depreciation": "5,086", "Net Income from Continuing Operation Net Minority Interest": "39,653", "Total Unusual Items Excluding Goodwill": "-", "Total Unusual Items": "-", "Normalized EBITDA": "61,069", "Tax Rate for Calcs": "0", "Tax Effect of Unusual Items": "0"}}, "bs": {"6/30/2020": {"Duration": "6/30/2020", "Total Assets": "207,923", "Total Liabilities Net Minority Interest": "159,053", "Total Equity Gross Minority Interest": "48,870", "Total Capitalization": "148,536", "Common Stock Equity": "48,870", "Net Tangible Assets": "-44,572", "Working Capital": "1,316", "Invested Capital": "157,468", "Tangible Book Value": "-44,572", "Total Debt": "108,598", "Net Debt": "92,279", "Share Issued": "18,872", "Ordinary Shares Number": "18,872"}, "6/30/2019": {"Duration": "6/30/2019", "Total Assets": "248,773", "Total Liabilities Net Minority Interest": "176,457", "Total Equity Gross Minority Interest": "72,316", "Total Capitalization": "177,332", "Common Stock Equity": "72,316", "Net Tangible Assets": "-81,513", "Working Capital": "-14,182", "Invested Capital": "186,057", "Tangible Book Value": "-81,513", "Total Debt": "113,741", "Net Debt": "107,915", "Share Issued": "18,764", "Ordinary Shares Number": "18,764"}, "6/30/2018": {"Duration": "6/30/2018", "Total Assets": "176,924", "Total Liabilities Net Minority Interest": "124,402", "Total Equity Gross Minority Interest": "52,522", "Total Capitalization": "122,609", "Common Stock Equity": "52,522", "Net Tangible Assets": "-64,316", "Working Capital": "-13,720", "Invested Capital": "127,678", "Tangible Book Value": "-64,316", "Total Debt": "75,156", "Net Debt": "67,247", "Share Issued": "18,637", "Ordinary Shares Number": "18,637"}}, "cf": {"TTM": {"Duration": "TTM", "Operating Cash Flow": "40,509", "Investing Cash Flow": "-21,644", "Financing Cash Flow": "-12,239", "End Cash Position": "12,074", "Income Tax Paid Supplemental Data": "5,902", "Interest Paid Supplemental Data": "4,164", "Capital Expenditure": "-21,653", "Issuance of Capital Stock": "-", "Issuance of Debt": "55,000", "Repayment of Debt": "-66,775", "Repurchase of Capital Stock": "-", "Free Cash Flow": "18,856"}, "6/30/2020": {"Duration": "6/30/2020", "Operating Cash Flow": "30,198", "Investing Cash Flow": "-14,218", "Financing Cash Flow": "-5,487", "End Cash Position": "16,319", "Income Tax Paid Supplemental Data": "6,146", "Interest Paid Supplemental Data": "4,841", "Capital Expenditure": "-14,241", "Issuance of Capital Stock": "-", "Issuance of Debt": "35,000", "Repayment of Debt": "-40,357", "Repurchase of Capital Stock": "-", "Free Cash Flow": "15,957"}, "6/30/2019": {"Duration": "6/30/2019", "Operating Cash Flow": "55,886", "Investing Cash Flow": "-95,786", "Financing Cash Flow": "37,817", "End Cash Position": "5,826", "Income Tax Paid Supplemental Data": "12,437", "Interest Paid Supplemental Data": "5,526", "Capital Expenditure": "-14,064", "Issuance of Capital Stock": "-", "Issuance of Debt": "80,000", "Repayment of Debt": "-41,306", "Repurchase of Capital Stock": "-", "Free Cash Flow": "41,822"}, "6/30/2018": {"Duration": "6/30/2018", "Operating Cash Flow": "49,397", "Investing Cash Flow": "-85,720", "Financing Cash Flow": "40,194", "End Cash Position": "7,909", "Income Tax Paid Supplemental Data": "13,549", "Interest Paid Supplemental Data": "2,976", "Capital Expenditure": "-5,305", "Issuance of Capital Stock": "0", "Issuance of Debt": "80,832", "Repayment of Debt": "-39,320", "Repurchase of Capital Stock": "0", "Free Cash Flow": "44,092"}}}}, {"PII": {"quote": {"05/08/2021": {"value": "144.52", "Market Cap": "8.851B", "Beta (5Y Monthly)": "2.01", "PE Ratio (TTM)": "34.48", "EPS (TTM)": "4.19", "Earnings Date": "Jul 26, 2021 - Jul 30, 2021", "Forward Dividend & Yield": "2.52 (1.74%)", "Ex-Dividend Date": "May 28, 2021", "1y Target Est": "156.60"}}, "fin": {"TTM": {"Duration": "TTM", "Total Revenue": "7,573,800", "Cost of Revenue": "5,676,000", "Gross Profit": "1,897,800", "Operating Expense": "1,127,600", "Operating Income": "770,200", "Net Non Operating Interest Income Expense": "-62,000", "Other Income Expense": "-380,000", "Pretax Income": "328,200", "Tax Provision": "63,700", "Net Income Common Stockholders": "264,300", "Diluted NI Available to Com Stockholders": "264,300", "Basic EPS": "-", "Diluted EPS": "-", "Basic Average Shares": "-", "Diluted Average Shares": "-", "Total Operating Income as Reported": "391,000", "Total Expenses": "6,803,600", "Net Income from Continuing & Discontinued Operation": "264,300", "Normalized Income": "569,901", "Interest Expense": "62,000", "Net Interest Income": "-62,000", "EBIT": "390,200", "EBITDA": "648,100", "Reconciled Cost of Revenue": "5,676,000", "Reconciled Depreciation": "257,900", "Net Income from Continuing Operation Net Minority Interest": "264,300", "Total Unusual Items Excluding Goodwill": "-379,200", "Total Unusual Items": "-379,200", "Normalized EBITDA": "1,027,300", "Tax Rate for Calcs": "0", "Tax Effect of Unusual Items": "-73,599"}, "12/31/2020": {"Duration": "12/31/2020", "Total Revenue": "7,027,900", "Cost of Revenue": "5,317,700", "Gross Profit": "1,710,200", "Operating Expense": "1,118,700", "Operating Income": "591,500", "Net Non Operating Interest Income Expense": "-66,700", "Other Income Expense": "-383,400", "Pretax Income": "141,400", "Tax Provision": "16,500", "Net Income Common Stockholders": "124,800", "Diluted NI Available to Com Stockholders": "124,800", "Basic EPS": "2.02", "Diluted EPS": "1.99", "Basic Average Shares": "61,900", "Diluted Average Shares": "62,600", "Total Operating Income as Reported": "212,300", "Total Expenses": "6,436,400", "Net Income from Continuing & Discontinued Operation": "124,800", "Normalized Income": "460,013", "Interest Expense": "66,700", "Net Interest Income": "-66,700", "EBIT": "208,100", "EBITDA": "-", "Reconciled Cost of Revenue": "5,317,700", "Reconciled Depreciation": "260,700", "Net Income from Continuing Operation Net Minority Interest": "124,800", "Total Unusual Items Excluding Goodwill": "-379,200", "Total Unusual Items": "-379,200", "Normalized EBITDA": "848,000", "Tax Rate for Calcs": "0", "Tax Effect of Unusual Items": "-43,987"}, "12/31/2019": {"Duration": "12/31/2019", "Total Revenue": "6,782,518", "Cost of Revenue": "5,133,736", "Gross Profit": "1,648,782", "Operating Expense": "1,165,111", "Operating Income": "483,671", "Net Non Operating Interest Income Expense": "-77,589", "Other Income Expense": "1,718", "Pretax Income": "407,800", "Tax Provision": "83,916", "Net Income Common Stockholders": "323,960", "Diluted NI Available to Com Stockholders": "323,960", "Basic EPS": "5.27", "Diluted EPS": "5.20", "Basic Average Shares": "61,437", "Diluted Average Shares": "62,292", "Total Operating Income as Reported": "483,671", "Total Expenses": "6,298,847", "Net Income from Continuing & Discontinued Operation": "323,960", "Normalized Income": "323,960", "Interest Expense": "77,589", "Net Interest Income": "-77,589", "EBIT": "485,389", "EBITDA": "-", "Reconciled Cost of Revenue": "5,133,736", "Reconciled Depreciation": "234,513", "Net Income from Continuing Operation Net Minority Interest": "323,960", "Total Unusual Items Excluding Goodwill": "-", "Total Unusual Items": "-", "Normalized EBITDA": "719,902", "Tax Rate for Calcs": "0", "Tax Effect of Unusual Items": "0"}, "12/31/2018": {"Duration": "12/31/2018", "Total Revenue": "6,078,540", "Cost of Revenue": "4,577,340", "Gross Profit": "1,501,200", "Operating Expense": "1,013,788", "Operating Income": "487,412", "Net Non Operating Interest Income Expense": "-56,967", "Other Income Expense": "-1,196", "Pretax Income": "429,249", "Tax Provision": "93,992", "Net Income Common Stockholders": "335,257", "Diluted NI Available to Com Stockholders": "335,257", "Basic EPS": "5.36", "Diluted EPS": "5.24", "Basic Average Shares": "62,513", "Diluted Average Shares": "63,949", "Total Operating Income as Reported": "487,412", "Total Expenses": "5,591,128", "Net Income from Continuing & Discontinued Operation": "335,257", "Normalized Income": "335,257", "Interest Expense": "56,967", "Net Interest Income": "-56,967", "EBIT": "486,216", "EBITDA": "-", "Reconciled Cost of Revenue": "4,577,340", "Reconciled Depreciation": "211,036", "Net Income from Continuing Operation Net Minority Interest": "335,257", "Total Unusual Items Excluding Goodwill": "-", "Total Unusual Items": "-", "Normalized EBITDA": "697,252", "Tax Rate for Calcs": "0", "Tax Effect of Unusual Items": "0"}}, "bs": {"12/31/2020": {"Duration": "12/31/2020", "Total Assets": "4,632,700", "Total Liabilities Net Minority Interest": "3,487,900", "Total Equity Gross Minority Interest": "1,144,800", "Total Capitalization": "2,438,400", "Common Stock Equity": "1,144,500", "Capital Lease Obligations": "141,700", "Net Tangible Assets": "60,800", "Working Capital": "318,100", "Invested Capital": "2,580,500", "Tangible Book Value": "60,800", "Total Debt": "1,577,700", "Net Debt": "801,300", "Share Issued": "61,900", "Ordinary Shares Number": "61,900"}, "12/31/2019": {"Duration": "12/31/2019", "Total Assets": "4,430,529", "Total Liabilities Net Minority Interest": "3,322,327", "Total Equity Gross Minority Interest": "1,108,202", "Total Capitalization": "2,619,999", "Common Stock Equity": "1,107,999", "Capital Lease Obligations": "127,644", "Net Tangible Assets": "-382,236", "Working Capital": "98,970", "Invested Capital": "2,786,694", "Tangible Book Value": "-382,236", "Total Debt": "1,806,339", "Net Debt": "1,521,631", "Share Issued": "61,412", "Ordinary Shares Number": "61,412"}, "12/31/2018": {"Duration": "12/31/2018", "Total Assets": "4,124,915", "Total Liabilities Net Minority Interest": "3,257,900", "Total Equity Gross Minority Interest": "867,015", "Total Capitalization": "2,746,902", "Common Stock Equity": "867,015", "Capital Lease Obligations": "16,140", "Net Tangible Assets": "-650,579", "Working Capital": "288,329", "Invested Capital": "2,813,445", "Tangible Book Value": "-650,579", "Total Debt": "1,962,570", "Net Debt": "1,785,266", "Share Issued": "60,890", "Ordinary Shares Number": "60,890"}}, "cf": {"TTM": {"Duration": "TTM", "Operating Cash Flow": "1,146,000", "Investing Cash Flow": "-140,100", "Financing Cash Flow": "-1,025,400", "End Cash Position": "445,400", "Income Tax Paid Supplemental Data": "63,900", "Interest Paid Supplemental Data": "63,300", "Capital Expenditure": "-212,500", "Issuance of Debt": "521,500", "Repayment of Debt": "-1,253,800", "Repurchase of Capital Stock": "-300,600", "Free Cash Flow": "933,500"}, "12/31/2020": {"Duration": "12/31/2020", "Operating Cash Flow": "1,018,600", "Investing Cash Flow": "-150,700", "Financing Cash Flow": "-415,400", "End Cash Position": "657,500", "Income Tax Paid Supplemental Data": "65,500", "Interest Paid Supplemental Data": "67,000", "Capital Expenditure": "-213,900", "Issuance of Debt": "1,365,500", "Repayment of Debt": "-1,611,700", "Repurchase of Capital Stock": "-50,300", "Free Cash Flow": "804,700"}, "12/31/2019": {"Duration": "12/31/2019", "Operating Cash Flow": "655,036", "Investing Cash Flow": "-239,287", "Financing Cash Flow": "-411,830", "End Cash Position": "196,286", "Income Tax Paid Supplemental Data": "87,844", "Interest Paid Supplemental Data": "76,959", "Capital Expenditure": "-251,374", "Issuance of Debt": "3,368,853", "Repayment of Debt": "-3,638,864", "Repurchase of Capital Stock": "-8,378", "Free Cash Flow": "403,662"}, "12/31/2018": {"Duration": "12/31/2018", "Operating Cash Flow": "477,112", "Investing Cash Flow": "-959,492", "Financing Cash Flow": "523,418", "End Cash Position": "193,126", "Income Tax Paid Supplemental Data": "73,999", "Interest Paid Supplemental Data": "51,014", "Capital Expenditure": "-225,414", "Issuance of Debt": "3,553,237", "Repayment of Debt": "-2,579,495", "Repurchase of Capital Stock": "-348,663", "Free Cash Flow": "251,698"}}}}, {"WGO": {"quote": {"05/08/2021": {"value": "84.54", "Market Cap": "2.841B", "Beta (5Y Monthly)": "2.00", "PE Ratio (TTM)": "18.25", "EPS (TTM)": "4.63", "Earnings Date": "Jun 22, 2021 - Jun 28, 2021", "Forward Dividend & Yield": "0.48 (0.57%)", "Ex-Dividend Date": "Apr 13, 2021", "1y Target Est": "89.36"}}, "fin": {"TTM": {"Duration": "TTM", "Total Revenue": "2,773,282", "Cost of Revenue": "2,325,163", "Gross Profit": "448,119", "Operating Expense": "202,904", "Operating Income": "245,215", "Net Non Operating Interest Income Expense": "-42,754", "Other Income Expense": "805", "Pretax Income": "203,266", "Tax Provision": "46,669", "Net Income Common Stockholders": "156,597", "Diluted NI Available to Com Stockholders": "156,597", "Basic EPS": "-", "Diluted EPS": "-", "Basic Average Shares": "-", "Diluted Average Shares": "-", "Total Operating Income as Reported": "245,215", "Total Expenses": "2,528,067", "Net Income from Continuing & Discontinued Operation": "156,597", "Normalized Income": "156,597", "Interest Expense": "42,754", "Net Interest Income": "-42,754", "EBIT": "246,020", "EBITDA": "280,553", "Reconciled Cost of Revenue": "2,308,327", "Reconciled Depreciation": "34,533", "Net Income from Continuing Operation Net Minority Interest": "156,597", "Total Unusual Items Excluding Goodwill": "-", "Total Unusual Items": "-", "Normalized EBITDA": "280,553", "Tax Rate for Calcs": "0", "Tax Effect of Unusual Items": "0"}, "8/31/2020": {"Duration": "8/31/2020", "Total Revenue": "2,355,533", "Cost of Revenue": "2,042,605", "Gross Profit": "312,928", "Operating Expense": "199,165", "Operating Income": "113,763", "Net Non Operating Interest Income Expense": "-37,461", "Other Income Expense": "974", "Pretax Income": "77,276", "Tax Provision": "15,834", "Net Income Common Stockholders": "61,442", "Diluted NI Available to Com Stockholders": "61,442", "Basic EPS": "1.85", "Diluted EPS": "1.84", "Basic Average Shares": "33,236", "Diluted Average Shares": "33,454", "Total Operating Income as Reported": "113,763", "Total Expenses": "2,241,770", "Net Income from Continuing & Discontinued Operation": "61,442", "Normalized Income": "61,442", "Interest Expense": "37,461", "Net Interest Income": "-37,461", "EBIT": "114,737", "EBITDA": "-", "Reconciled Cost of Revenue": "2,026,608", "Reconciled Depreciation": "38,101", "Net Income from Continuing Operation Net Minority Interest": "61,442", "Total Unusual Items Excluding Goodwill": "-", "Total Unusual Items": "-", "Normalized EBITDA": "152,838", "Tax Rate for Calcs": "0", "Tax Effect of Unusual Items": "0"}, "8/31/2019": {"Duration": "8/31/2019", "Total Revenue": "1,985,674", "Cost of Revenue": "1,678,477", "Gross Profit": "307,197", "Operating Expense": "151,930", "Operating Income": "155,267", "Net Non Operating Interest Income Expense": "-17,939", "Other Income Expense": "1,581", "Pretax Income": "138,909", "Tax Provision": "27,111", "Net Income Common Stockholders": "111,798", "Diluted NI Available to Com Stockholders": "111,798", "Basic EPS": "3.55", "Diluted EPS": "3.52", "Basic Average Shares": "31,536", "Diluted Average Shares": "31,721", "Total Operating Income as Reported": "155,267", "Total Expenses": "1,830,407", "Net Income from Continuing & Discontinued Operation": "111,798", "Normalized Income": "111,798", "Interest Expense": "17,939", "Net Interest Income": "-17,939", "EBIT": "156,848", "EBITDA": "-", "Reconciled Cost of Revenue": "1,664,795", "Reconciled Depreciation": "23,317", "Net Income from Continuing Operation Net Minority Interest": "111,798", "Total Unusual Items Excluding Goodwill": "0", "Total Unusual Items": "0", "Normalized EBITDA": "180,165", "Tax Rate for Calcs": "0", "Tax Effect of Unusual Items": "0"}, "8/31/2018": {"Duration": "8/31/2018", "Total Revenue": "2,016,829", "Cost of Revenue": "1,716,993", "Gross Profit": "299,836", "Operating Expense": "137,267", "Operating Income": "162,569", "Net Non Operating Interest Income Expense": "-18,246", "Other Income Expense": "-1,683", "Pretax Income": "142,640", "Tax Provision": "40,283", "Net Income Common Stockholders": "102,357", "Diluted NI Available to Com Stockholders": "102,357", "Basic EPS": "3.24", "Diluted EPS": "3.22", "Basic Average Shares": "31,596", "Diluted Average Shares": "31,814", "Total Operating Income as Reported": "160,392", "Total Expenses": "1,854,260", "Net Income from Continuing & Discontinued Operation": "102,357", "Normalized Income": "103,920", "Interest Expense": "18,246", "Net Interest Income": "-18,246", "EBIT": "160,886", "EBITDA": "-", "Reconciled Cost of Revenue": "1,707,144", "Reconciled Depreciation": "19,177", "Net Income from Continuing Operation Net Minority Interest": "102,357", "Total Unusual Items Excluding Goodwill": "-2,177", "Total Unusual Items": "-2,177", "Normalized EBITDA": "182,240", "Tax Rate for Calcs": "0", "Tax Effect of Unusual Items": "-613.914"}}, "bs": {"8/31/2020": {"Duration": "8/31/2020", "Total Assets": "1,713,700", "Total Liabilities Net Minority Interest": "886,234", "Total Equity Gross Minority Interest": "827,466", "Total Capitalization": "1,340,096", "Common Stock Equity": "827,466", "Capital Lease Obligations": "27,048", "Net Tangible Assets": "74,640", "Working Capital": "413,220", "Invested Capital": "1,340,096", "Tangible Book Value": "74,640", "Total Debt": "539,678", "Net Debt": "220,055", "Share Issued": "51,776", "Ordinary Shares Number": "33,643", "Treasury Shares Number": "18,133"}, "8/31/2019": {"Duration": "8/31/2019", "Total Assets": "1,104,231", "Total Liabilities Net Minority Interest": "472,019", "Total Equity Gross Minority Interest": "632,212", "Total Capitalization": "877,614", "Common Stock Equity": "632,212", "Capital Lease Obligations": "-", "Net Tangible Assets": "101,199", "Working Capital": "212,913", "Invested Capital": "886,506", "Tangible Book Value": "101,199", "Total Debt": "254,294", "Net Debt": "216,863", "Share Issued": "51,776", "Ordinary Shares Number": "31,514", "Treasury Shares Number": "20,262"}, "8/31/2018": {"Duration": "8/31/2018", "Total Assets": "1,051,805", "Total Liabilities Net Minority Interest": "517,360", "Total Equity Gross Minority Interest": "534,445", "Total Capitalization": "825,886", "Common Stock Equity": "534,445", "Capital Lease Obligations": "-", "Net Tangible Assets": "-5,642", "Working Capital": "167,753", "Invested Capital": "825,886", "Tangible Book Value": "-5,642", "Total Debt": "291,441", "Net Debt": "289,099", "Share Issued": "51,776", "Ordinary Shares Number": "31,533", "Treasury Shares Number": "20,243"}}, "cf": {"TTM": {"Duration": "TTM", "Operating Cash Flow": "218,192", "Investing Cash Flow": "-17,283", "Financing Cash Flow": "9,167", "End Cash Position": "333,015", "Income Tax Paid Supplemental Data": "43,819", "Interest Paid Supplemental Data": "19,559", "Capital Expenditure": "-28,240", "Issuance of Debt": "3,022,294", "Repayment of Debt": "-2,979,544", "Repurchase of Capital Stock": "-13,953", "Free Cash Flow": "189,952"}, "8/31/2020": {"Duration": "8/31/2020", "Operating Cash Flow": "270,434", "Investing Cash Flow": "-293,076", "Financing Cash Flow": "277,786", "End Cash Position": "292,575", "Income Tax Paid Supplemental Data": "3,667", "Interest Paid Supplemental Data": "17,253", "Capital Expenditure": "-32,377", "Issuance of Debt": "2,786,824", "Repayment of Debt": "-2,446,824", "Repurchase of Capital Stock": "-1,844", "Free Cash Flow": "238,057"}, "8/31/2019": {"Duration": "8/31/2019", "Operating Cash Flow": "133,750", "Investing Cash Flow": "-38,936", "Financing Cash Flow": "-59,725", "End Cash Position": "37,431", "Income Tax Paid Supplemental Data": "37,061", "Interest Paid Supplemental Data": "14,921", "Capital Expenditure": "-40,858", "Issuance of Debt": "891,892", "Repayment of Debt": "-930,424", "Repurchase of Capital Stock": "-8,171", "Free Cash Flow": "92,892"}, "8/31/2018": {"Duration": "8/31/2018", "Operating Cash Flow": "83,346", "Investing Cash Flow": "-111,761", "Financing Cash Flow": "-5,188", "End Cash Position": "2,342", "Income Tax Paid Supplemental Data": "26,436", "Interest Paid Supplemental Data": "16,565", "Capital Expenditure": "-28,668", "Issuance of Debt": "221,133", "Repayment of Debt": "-206,601", "Repurchase of Capital Stock": "-6,481", "Free Cash Flow": "54,678"}}}}, {"THO": {"quote": {"05/08/2021": {"value": "145.90", "Market Cap": "8.078B", "Beta (5Y Monthly)": "2.37", "PE Ratio (TTM)": "20.81", "EPS (TTM)": "7.01", "Earnings Date": "Jun 07, 2021 - Jun 11, 2021", "Forward Dividend & Yield": "1.64 (1.12%)", "Ex-Dividend Date": "Mar 31, 2021", "1y Target Est": "143.44"}}, "fin": {"TTM": {"Duration": "TTM", "Total Revenue": "9,271,163", "Cost of Revenue": "7,924,444", "Gross Profit": "1,346,719", "Operating Expense": "776,548", "Operating Income": "570,171", "Net Non Operating Interest Income Expense": "-98,816", "Other Income Expense": "8,322", "Pretax Income": "479,677", "Tax Provision": "90,335", "Net Income Common Stockholders": "389,517", "Diluted NI Available to Com Stockholders": "389,517", "Basic EPS": "-", "Diluted EPS": "-", "Basic Average Shares": "-", "Diluted Average Shares": "-", "Total Expenses": "8,700,992", "Net Income from Continuing & Discontinued Operation": "389,517", "Normalized Income": "389,517", "Interest Income": "1,687", "Interest Expense": "100,503", "Net Interest Income": "-98,816", "EBIT": "580,180", "EBITDA": "788,149", "Reconciled Cost of Revenue": "7,821,773", "Reconciled Depreciation": "207,969", "Net Income from Continuing Operation Net Minority Interest": "389,517", "Total Unusual Items Excluding Goodwill": "0", "Total Unusual Items": "0", "Normalized EBITDA": "788,149", "Tax Rate for Calcs": "0", "Tax Effect of Unusual Items": "0"}, "7/31/2020": {"Duration": "7/31/2020", "Total Revenue": "8,167,933", "Cost of Revenue": "7,049,726", "Gross Profit": "1,118,207", "Operating Expense": "731,353", "Operating Income": "386,854", "Net Non Operating Interest Income Expense": "-104,206", "Other Income Expense": "-9,752", "Pretax Income": "272,896", "Tax Provision": "51,512", "Net Income Common Stockholders": "222,974", "Diluted NI Available to Com Stockholders": "222,974", "Basic EPS": "4.04", "Diluted EPS": "4.02", "Basic Average Shares": "55,173", "Diluted Average Shares": "55,397", "Total Expenses": "7,781,079", "Net Income from Continuing & Discontinued Operation": "222,974", "Normalized Income": "231,130", "Interest Income": "3,116", "Interest Expense": "107,322", "Net Interest Income": "-104,206", "EBIT": "380,218", "EBITDA": "-", "Reconciled Cost of Revenue": "6,950,793", "Reconciled Depreciation": "196,167", "Net Income from Continuing Operation Net Minority Interest": "222,974", "Total Unusual Items Excluding Goodwill": "-10,057", "Total Unusual Items": "-10,057", "Normalized EBITDA": "586,442", "Tax Rate for Calcs": "0", "Tax Effect of Unusual Items": "-1,901"}, "7/31/2019": {"Duration": "7/31/2019", "Total Revenue": "7,864,758", "Cost of Revenue": "6,891,664", "Gross Profit": "973,094", "Operating Expense": "611,682", "Operating Income": "361,412", "Net Non Operating Interest Income Expense": "-60,032", "Other Income Expense": "-116,714", "Pretax Income": "184,666", "Tax Provision": "52,201", "Net Income Common Stockholders": "133,275", "Diluted NI Available to Com Stockholders": "133,275", "Basic EPS": "2.47", "Diluted EPS": "2.47", "Basic Average Shares": "53,906", "Diluted Average Shares": "54,027", "Total Expenses": "7,503,346", "Net Income from Continuing & Discontinued Operation": "133,275", "Normalized Income": "215,634", "Interest Income": "8,080", "Interest Expense": "68,112", "Net Interest Income": "-60,032", "EBIT": "252,778", "EBITDA": "-", "Reconciled Cost of Revenue": "6,818,525", "Reconciled Depreciation": "148,777", "Net Income from Continuing Operation Net Minority Interest": "133,275", "Total Unusual Items Excluding Goodwill": "-114,866", "Total Unusual Items": "-114,866", "Normalized EBITDA": "516,421", "Tax Rate for Calcs": "0", "Tax Effect of Unusual Items": "-32,507"}, "7/31/2018": {"Duration": "7/31/2018", "Total Revenue": "8,328,909", "Cost of Revenue": "7,164,243", "Gross Profit": "1,164,666", "Operating Expense": "532,562", "Operating Income": "632,104", "Net Non Operating Interest Income Expense": "-3,039", "Other Income Expense": "3,964", "Pretax Income": "633,029", "Tax Provision": "202,878", "Net Income Common Stockholders": "430,151", "Diluted NI Available to Com Stockholders": "430,151", "Basic EPS": "8.17", "Diluted EPS": "8.14", "Basic Average Shares": "52,674", "Diluted Average Shares": "52,853", "Total Expenses": "7,696,805", "Net Income from Continuing & Discontinued Operation": "430,151", "Normalized Income": "430,151", "Interest Income": "2,148", "Interest Expense": "5,187", "Net Interest Income": "-3,039", "EBIT": "638,216", "EBITDA": "-", "Reconciled Cost of Revenue": "7,126,138", "Reconciled Depreciation": "93,223", "Net Income from Continuing Operation Net Minority Interest": "430,151", "Total Unusual Items Excluding Goodwill": "0", "Total Unusual Items": "0", "Normalized EBITDA": "731,439", "Tax Rate for Calcs": "0", "Tax Effect of Unusual Items": "0"}}, "bs": {"7/31/2020": {"Duration": "7/31/2020", "Total Assets": "5,771,460", "Total Liabilities Net Minority Interest": "3,425,891", "Total Equity Gross Minority Interest": "2,345,569", "Total Capitalization": "3,972,613", "Common Stock Equity": "2,319,782", "Net Tangible Assets": "-71,483", "Working Capital": "586,996", "Invested Capital": "3,986,430", "Tangible Book Value": "-71,483", "Total Debt": "1,666,648", "Net Debt": "1,128,129", "Share Issued": "65,397", "Ordinary Shares Number": "55,199", "Treasury Shares Number": "10,198"}, "7/31/2019": {"Duration": "7/31/2019", "Total Assets": "5,660,446", "Total Liabilities Net Minority Interest": "3,565,218", "Total Equity Gross Minority Interest": "2,095,228", "Total Capitalization": "3,969,678", "Common Stock Equity": "2,084,425", "Net Tangible Assets": "-244,418", "Working Capital": "589,032", "Invested Capital": "3,987,048", "Tangible Book Value": "-244,418", "Total Debt": "1,902,623", "Net Debt": "1,477,008", "Share Issued": "65,190", "Ordinary Shares Number": "55,063", "Treasury Shares Number": "10,126"}, "7/31/2018": {"Duration": "7/31/2018", "Total Assets": "2,778,665", "Total Liabilities Net Minority Interest": "840,924", "Total Equity Gross Minority Interest": "1,937,741", "Total Capitalization": "1,937,741", "Common Stock Equity": "1,937,741", "Net Tangible Assets": "1,171,700", "Working Capital": "542,344", "Invested Capital": "1,937,741", "Tangible Book Value": "1,171,700", "Total Debt": "-", "Net Debt": "-", "Share Issued": "62,766", "Ordinary Shares Number": "52,695", "Treasury Shares Number": "10,070"}}, "cf": {"TTM": {"Duration": "TTM", "Operating Cash Flow": "447,077", "Investing Cash Flow": "-404,803", "Financing Cash Flow": "-132,667", "End Cash Position": "151,741", "Income Tax Paid Supplemental Data": "122,575", "Interest Paid Supplemental Data": "87,943", "Capital Expenditure": "-101,936", "Issuance of Capital Stock": "-", "Issuance of Debt": "517,847", "Repayment of Debt": "-527,081", "Repurchase of Capital Stock": "-", "Free Cash Flow": "345,141"}, "7/31/2020": {"Duration": "7/31/2020", "Operating Cash Flow": "540,941", "Investing Cash Flow": "-84,249", "Financing Cash Flow": "-392,916", "End Cash Position": "538,519", "Income Tax Paid Supplemental Data": "56,803", "Interest Paid Supplemental Data": "101,784", "Capital Expenditure": "-106,697", "Issuance of Capital Stock": "-", "Issuance of Debt": "379,222", "Repayment of Debt": "-669,884", "Repurchase of Capital Stock": "-", "Free Cash Flow": "434,244"}, "7/31/2019": {"Duration": "7/31/2019", "Operating Cash Flow": "508,019", "Investing Cash Flow": "-1,865,503", "Financing Cash Flow": "1,539,073", "End Cash Position": "451,262", "Income Tax Paid Supplemental Data": "87,813", "Interest Paid Supplemental Data": "57,189", "Capital Expenditure": "-130,224", "Issuance of Capital Stock": "-", "Issuance of Debt": "2,195,018", "Repayment of Debt": "-498,371", "Repurchase of Capital Stock": "-", "Free Cash Flow": "377,795"}, "7/31/2018": {"Duration": "7/31/2018", "Operating Cash Flow": "466,508", "Investing Cash Flow": "-183,493", "Financing Cash Flow": "-231,024", "End Cash Position": "275,249", "Income Tax Paid Supplemental Data": "218,841", "Interest Paid Supplemental Data": "3,901", "Capital Expenditure": "-138,197", "Issuance of Capital Stock": "-", "Issuance of Debt": "0", "Repayment of Debt": "-145,378", "Repurchase of Capital Stock": "-", "Free Cash Flow": "328,311"}}}}, {"BPSR": {"quote": {"05/08/2021": {"value": "0.2520", "Market Cap": "262.418M", "Beta (5Y Monthly)": "7.88", "PE Ratio (TTM)": "N/A", "EPS (TTM)": "-0.0250", "Earnings Date": "N/A", "Forward Dividend & Yield": "N/A (N/A)", "Ex-Dividend Date": "N/A", "1y Target Est": "N/A"}}, "fin": {"TTM": {"Duration": "TTM", "Total Revenue": "3,727", "Cost of Revenue": "467.057", "Gross Profit": "3,260", "Operating Expense": "23,175", "Operating Income": "-19,915", "Net Non Operating Interest Income Expense": "-160.44", "Other Income Expense": "38.425", "Pretax Income": "-20,037", "Tax Provision": "0", "Net Income Common Stockholders": "-20,037", "Diluted NI Available to Com Stockholders": "-20,037", "Basic EPS": "-", "Diluted EPS": "-", "Basic Average Shares": "-", "Diluted Average Shares": "-", "Total Operating Income as Reported": "-19,915", "Total Expenses": "23,642", "Net Income from Continuing & Discontinued Operation": "-20,037", "Normalized Income": "-20,037", "Interest Expense": "160.44", "Net Interest Income": "-160.44", "EBIT": "-19,876", "EBITDA": "-19,834", "Reconciled Cost of Revenue": "467.057", "Reconciled Depreciation": "42.533", "Net Income from Continuing Operation Net Minority Interest": "-20,037", "Total Unusual Items Excluding Goodwill": "-", "Total Unusual Items": "-", "Normalized EBITDA": "-19,834", "Tax Rate for Calcs": "0", "Tax Effect of Unusual Items": "0"}, "10/31/2020": {"Duration": "10/31/2020", "Total Revenue": "3,056", "Cost of Revenue": "398.606", "Gross Profit": "2,657", "Operating Expense": "15,095", "Operating Income": "-12,438", "Net Non Operating Interest Income Expense": "-177.744", "Other Income Expense": "32.717", "Pretax Income": "-12,583", "Tax Provision": "0", "Net Income Common Stockholders": "-12,583", "Diluted NI Available to Com Stockholders": "-12,583", "Basic EPS": "-0.02", "Diluted EPS": "-0.02", "Basic Average Shares": "670,818", "Diluted Average Shares": "670,818", "Total Operating Income as Reported": "-12,438", "Total Expenses": "15,494", "Net Income from Continuing & Discontinued Operation": "-12,583", "Normalized Income": "-12,583", "Interest Expense": "177.744", "Net Interest Income": "-177.744", "EBIT": "-12,405", "EBITDA": "-", "Reconciled Cost of Revenue": "398.606", "Reconciled Depreciation": "36.775", "Net Income from Continuing Operation Net Minority Interest": "-12,583", "Total Unusual Items Excluding Goodwill": "-", "Total Unusual Items": "-", "Normalized EBITDA": "-12,368", "Tax Rate for Calcs": "0", "Tax Effect of Unusual Items": "0"}, "10/31/2019": {"Duration": "10/31/2019", "Total Revenue": "1,702", "Cost of Revenue": "300.837", "Gross Profit": "1,401", "Operating Expense": "3,178", "Operating Income": "-1,776", "Net Non Operating Interest Income Expense": "-46.6", "Other Income Expense": "84.791", "Pretax Income": "-1,738", "Tax Provision": "0", "Net Income Common Stockholders": "-1,737", "Diluted NI Available to Com Stockholders": "-1,737", "Basic EPS": "-0.00", "Diluted EPS": "-0.00", "Basic Average Shares": "466,984", "Diluted Average Shares": "466,984", "Total Operating Income as Reported": "-1,776", "Total Expenses": "3,479", "Net Income from Continuing & Discontinued Operation": "-1,737", "Normalized Income": "-1,737", "Interest Expense": "46.6", "Net Interest Income": "-46.6", "EBIT": "-1,692", "EBITDA": "-", "Reconciled Cost of Revenue": "300.837", "Reconciled Depreciation": "14.794", "Net Income from Continuing Operation Net Minority Interest": "-1,737", "Total Unusual Items Excluding Goodwill": "-", "Total Unusual Items": "-", "Normalized EBITDA": "-1,677", "Tax Rate for Calcs": "0", "Tax Effect of Unusual Items": "0"}, "10/31/2018": {"Duration": "10/31/2018", "Total Revenue": "964.53", "Cost of Revenue": "209.298", "Gross Profit": "755.232", "Operating Expense": "4,245", "Operating Income": "-3,490", "Net Non Operating Interest Income Expense": "-228.327", "Other Income Expense": "287.021", "Pretax Income": "-3,431", "Tax Provision": "-", "Net Income Common Stockholders": "-3,462", "Diluted NI Available to Com Stockholders": "-3,462", "Basic EPS": "-0.01", "Diluted EPS": "-0.01", "Basic Average Shares": "271,809", "Diluted Average Shares": "271,809", "Total Operating Income as Reported": "-3,490", "Total Expenses": "4,455", "Net Income from Continuing & Discontinued Operation": "-3,462", "Normalized Income": "-3,728", "Interest Expense": "228.327", "Net Interest Income": "-228.327", "EBIT": "-3,203", "EBITDA": "-", "Reconciled Cost of Revenue": "209.298", "Reconciled Depreciation": "7.835", "Net Income from Continuing Operation Net Minority Interest": "-3,462", "Total Unusual Items Excluding Goodwill": "265.597", "Total Unusual Items": "265.597", "Normalized EBITDA": "-3,461", "Tax Rate for Calcs": "0", "Tax Effect of Unusual Items": "0"}}, "bs": {"10/31/2020": {"Duration": "10/31/2020", "Total Assets": "1,334", "Total Liabilities Net Minority Interest": "2,726", "Total Equity Gross Minority Interest": "-1,392", "Total Capitalization": "-1,392", "Common Stock Equity": "-1,392", "Capital Lease Obligations": "275.344", "Net Tangible Assets": "-1,392", "Working Capital": "-1,694", "Invested Capital": "-1,210", "Tangible Book Value": "-1,392", "Total Debt": "457.293", "Net Debt": "-", "Share Issued": "939,943", "Ordinary Shares Number": "939,943"}, "10/31/2019": {"Duration": "10/31/2019", "Total Assets": "626.26", "Total Liabilities Net Minority Interest": "2,189", "Total Equity Gross Minority Interest": "-1,563", "Total Capitalization": "-1,563", "Common Stock Equity": "-1,563", "Capital Lease Obligations": "225.388", "Net Tangible Assets": "-1,563", "Working Capital": "-1,678", "Invested Capital": "-1,130", "Tangible Book Value": "-1,563", "Total Debt": "657.826", "Net Debt": "299.881", "Share Issued": "502,937", "Ordinary Shares Number": "502,937"}, "10/31/2018": {"Duration": "10/31/2018", "Total Assets": "117.04", "Total Liabilities Net Minority Interest": "1,332", "Total Equity Gross Minority Interest": "-1,215", "Total Capitalization": "-1,258", "Common Stock Equity": "-1,258", "Capital Lease Obligations": "-", "Net Tangible Assets": "-1,258", "Working Capital": "-1,226", "Invested Capital": "-877.803", "Tangible Book Value": "-1,258", "Total Debt": "380", "Net Debt": "336.984", "Share Issued": "436,490", "Ordinary Shares Number": "436,490"}}, "cf": {"TTM": {"Duration": "TTM", "Operating Cash Flow": "-2,018", "Investing Cash Flow": "-156.056", "Financing Cash Flow": "2,099", "End Cash Position": "66.814", "Income Tax Paid Supplemental Data": "0", "Interest Paid Supplemental Data": "43.317", "Capital Expenditure": "-156.056", "Issuance of Capital Stock": "2,170", "Issuance of Debt": "100", "Repayment of Debt": "-171.508", "Free Cash Flow": "-2,174"}, "10/31/2020": {"Duration": "10/31/2020", "Operating Cash Flow": "-1,812", "Investing Cash Flow": "-138.694", "Financing Cash Flow": "2,409", "End Cash Position": "590.797", "Income Tax Paid Supplemental Data": "0", "Interest Paid Supplemental Data": "56.877", "Capital Expenditure": "-138.694", "Issuance of Capital Stock": "2,195", "Issuance of Debt": "400", "Repayment of Debt": "-185.888", "Free Cash Flow": "-1,951"}, "10/31/2019": {"Duration": "10/31/2019", "Operating Cash Flow": "-565.454", "Investing Cash Flow": "-32.736", "Financing Cash Flow": "687.731", "End Cash Position": "132.557", "Income Tax Paid Supplemental Data": "0", "Interest Paid Supplemental Data": "20.165", "Capital Expenditure": "-32.736", "Issuance of Capital Stock": "459.5", "Issuance of Debt": "255", "Repayment of Debt": "-26.769", "Free Cash Flow": "-598.19"}, "10/31/2018": {"Duration": "10/31/2018", "Operating Cash Flow": "-511.998", "Investing Cash Flow": "95.453", "Financing Cash Flow": "420", "End Cash Position": "43.016", "Income Tax Paid Supplemental Data": "0", "Interest Paid Supplemental Data": "32.534", "Capital Expenditure": "-4.569", "Issuance of Capital Stock": "100", "Issuance of Debt": "320", "Repayment of Debt": "0", "Free Cash Flow": "-516.567"}}}}]