[{"AL": {"quote": {"05/12/2021": {"value": "43.21", "Market Cap": "4.931B", "Beta (5Y Monthly)": "2.17", "PE Ratio (TTM)": "11.02", "EPS (TTM)": "3.92", "Earnings Date": "Aug 04, 2021 - Aug 09, 2021", "Forward Dividend & Yield": "0.64 (1.43%)", "Ex-Dividend Date": "Jun 07, 2021", "1y Target Est": "54.86"}}, "fin": {"TTM": {"Duration": "TTM", "Total Revenue": "2,015,439", "Cost of Revenue": "1,212,424", "Gross Profit": "803,015", "Operating Expense": "113,312", "Operating Income": "689,703", "Net Non Operating Interest Income Expense": "-43,025", "Pretax Income": "646,678", "Tax Provision": "130,414", "Net Income Common Stockholders": "500,889", "Diluted NI Available to Com Stockholders": "500,889", "Basic EPS": "-", "Diluted EPS": "-", "Basic Average Shares": "-", "Diluted Average Shares": "-", "Total Expenses": "1,325,736", "Net Income from Continuing & Discontinued Operation": "516,264", "Normalized Income": "516,264", "Interest Expense": "43,025", "Net Interest Income": "-43,025", "EBIT": "689,703", "EBITDA": "1,470,394", "Reconciled Cost of Revenue": "1,212,424", "Reconciled Depreciation": "780,691", "Net Income from Continuing Operation Net Minority Interest": "516,264", "Total Unusual Items Excluding Goodwill": "-", "Total Unusual Items": "-", "Normalized EBITDA": "1,470,394", "Tax Rate for Calcs": "0", "Tax Effect of Unusual Items": "0"}, "12/31/2020": {"Duration": "12/31/2020", "Total Revenue": "2,015,439", "Cost of Revenue": "1,212,424", "Gross Profit": "803,015", "Operating Expense": "113,312", "Operating Income": "689,703", "Net Non Operating Interest Income Expense": "-43,025", "Pretax Income": "646,678", "Tax Provision": "130,414", "Net Income Common Stockholders": "500,889", "Diluted NI Available to Com Stockholders": "500,889", "Basic EPS": "-", "Diluted EPS": "-", "Basic Average Shares": "-", "Diluted Average Shares": "-", "Total Expenses": "1,325,736", "Net Income from Continuing & Discontinued Operation": "516,264", "Normalized Income": "516,264", "Interest Expense": "43,025", "Net Interest Income": "-43,025", "EBIT": "689,703", "EBITDA": "-", "Reconciled Cost of Revenue": "1,212,424", "Reconciled Depreciation": "780,691", "Net Income from Continuing Operation Net Minority Interest": "516,264", "Total Unusual Items Excluding Goodwill": "-", "Total Unusual Items": "-", "Normalized EBITDA": "1,470,394", "Tax Rate for Calcs": "0", "Tax Effect of Unusual Items": "0"}, "12/31/2019": {"Duration": "12/31/2019", "Total Revenue": "2,016,904", "Cost of Revenue": "1,100,130", "Gross Profit": "916,774", "Operating Expense": "144,398", "Operating Income": "772,376", "Net Non Operating Interest Income Expense": "-36,691", "Pretax Income": "735,685", "Tax Provision": "148,564", "Net Income Common Stockholders": "575,163", "Diluted NI Available to Com Stockholders": "575,163", "Basic EPS": "5.14", "Diluted EPS": "5.09", "Basic Average Shares": "111,895", "Diluted Average Shares": "113,086", "Total Expenses": "1,244,528", "Net Income from Continuing & Discontinued Operation": "587,121", "Normalized Income": "587,121", "Interest Expense": "36,691", "Net Interest Income": "-36,691", "EBIT": "772,376", "EBITDA": "-", "Reconciled Cost of Revenue": "1,100,130", "Reconciled Depreciation": "702,810", "Net Income from Continuing Operation Net Minority Interest": "587,121", "Total Unusual Items Excluding Goodwill": "-", "Total Unusual Items": "-", "Normalized EBITDA": "1,475,186", "Tax Rate for Calcs": "0", "Tax Effect of Unusual Items": "0"}, "12/31/2018": {"Duration": "12/31/2018", "Total Revenue": "1,679,702", "Cost of Revenue": "892,011", "Gross Profit": "787,691", "Operating Expense": "114,847", "Operating Income": "672,844", "Net Non Operating Interest Income Expense": "-32,706", "Pretax Income": "640,138", "Tax Provision": "129,303", "Net Income Common Stockholders": "510,835", "Diluted NI Available to Com Stockholders": "510,835", "Basic EPS": "4.88", "Diluted EPS": "4.60", "Basic Average Shares": "104,716", "Diluted Average Shares": "112,363", "Total Expenses": "1,006,858", "Net Income from Continuing & Discontinued Operation": "510,835", "Normalized Income": "510,835", "Interest Expense": "32,706", "Net Interest Income": "-32,706", "EBIT": "672,844", "EBITDA": "-", "Reconciled Cost of Revenue": "892,011", "Reconciled Depreciation": "581,985", "Net Income from Continuing Operation Net Minority Interest": "510,835", "Total Unusual Items Excluding Goodwill": "-", "Total Unusual Items": "-", "Normalized EBITDA": "1,254,829", "Tax Rate for Calcs": "0", "Tax Effect of Unusual Items": "0"}}, "bs": {"12/31/2020": {"Duration": "12/31/2020", "Total Assets": "25,215,175", "Total Liabilities Net Minority Interest": "19,142,834", "Total Equity Gross Minority Interest": "6,072,341", "Total Capitalization": "22,590,679", "Preferred Stock Equity": "100", "Common Stock Equity": "6,072,241", "Net Tangible Assets": "6,072,341", "Working Capital": "1,265,294", "Invested Capital": "22,590,579", "Tangible Book Value": "6,072,241", "Total Debt": "16,518,338", "Net Debt": "14,784,183", "Share Issued": "113,853", "Ordinary Shares Number": "113,853", "Preferred Shares Number": "10,000"}, "12/31/2019": {"Duration": "12/31/2019", "Total Assets": "21,709,155", "Total Liabilities Net Minority Interest": "16,085,611", "Total Equity Gross Minority Interest": "5,623,544", "Total Capitalization": "19,202,410", "Preferred Stock Equity": "100", "Common Stock Equity": "5,623,444", "Net Tangible Assets": "5,623,544", "Working Capital": "-178,436", "Invested Capital": "19,202,310", "Tangible Book Value": "5,623,444", "Total Debt": "13,578,866", "Net Debt": "13,261,378", "Share Issued": "113,350", "Ordinary Shares Number": "113,350", "Preferred Shares Number": "10,000"}, "12/31/2018": {"Duration": "12/31/2018", "Total Assets": "18,481,808", "Total Liabilities Net Minority Interest": "13,674,908", "Total Equity Gross Minority Interest": "4,806,900", "Total Capitalization": "16,345,805", "Preferred Stock Equity": "-", "Common Stock Equity": "4,806,900", "Net Tangible Assets": "4,806,900", "Working Capital": "-59,134", "Invested Capital": "16,345,805", "Tangible Book Value": "4,806,900", "Total Debt": "11,538,905", "Net Debt": "11,238,778", "Share Issued": "110,950", "Ordinary Shares Number": "110,950", "Preferred Shares Number": "-"}}, "cf": {"TTM": {"Duration": "TTM", "Operating Cash Flow": "1,090,186", "Investing Cash Flow": "-2,527,091", "Financing Cash Flow": "2,856,611", "End Cash Position": "1,757,767", "Income Tax Paid Supplemental Data": "29,733", "Interest Paid Supplemental Data": "449,662", "Capital Expenditure": "-2,678,223", "Issuance of Capital Stock": "0", "Issuance of Debt": "4,659,762", "Repayment of Debt": "-1,748,029", "Free Cash Flow": "-1,588,037"}, "12/31/2020": {"Duration": "12/31/2020", "Operating Cash Flow": "1,090,186", "Investing Cash Flow": "-2,527,091", "Financing Cash Flow": "2,856,611", "End Cash Position": "1,757,767", "Income Tax Paid Supplemental Data": "29,733", "Interest Paid Supplemental Data": "449,662", "Capital Expenditure": "-2,678,223", "Issuance of Capital Stock": "0", "Issuance of Debt": "4,659,762", "Repayment of Debt": "-1,748,029", "Free Cash Flow": "-1,588,037"}, "12/31/2019": {"Duration": "12/31/2019", "Operating Cash Flow": "1,392,472", "Investing Cash Flow": "-3,843,977", "Financing Cash Flow": "2,466,568", "End Cash Position": "338,061", "Income Tax Paid Supplemental Data": "16,657", "Interest Paid Supplemental Data": "442,132", "Capital Expenditure": "-4,839,322", "Issuance of Capital Stock": "242,130", "Issuance of Debt": "3,567,728", "Repayment of Debt": "-1,560,369", "Free Cash Flow": "-3,446,850"}, "12/31/2018": {"Duration": "12/31/2018", "Operating Cash Flow": "1,254,101", "Investing Cash Flow": "-3,384,820", "Financing Cash Flow": "2,145,435", "End Cash Position": "322,998", "Income Tax Paid Supplemental Data": "4,264", "Interest Paid Supplemental Data": "332,426", "Capital Expenditure": "-3,776,192", "Issuance of Capital Stock": "-", "Issuance of Debt": "3,533,885", "Repayment of Debt": "-1,515,505", "Free Cash Flow": "-2,522,091"}}}}, {"AAN": {"quote": {"05/12/2021": {"value": "29.48", "Market Cap": "1.059B", "Beta (5Y Monthly)": "N/A", "PE Ratio (TTM)": "10.68", "EPS (TTM)": "2.76", "Earnings Date": "Jul 27, 2021 - Aug 02, 2021", "Forward Dividend & Yield": "0.40 (1.26%)", "Ex-Dividend Date": "Jun 16, 2021", "1y Target Est": "37.00"}}, "fin": {"TTM": {"Duration": "TTM", "Total Revenue": "1,783,142", "Cost of Revenue": "663,779", "Gross Profit": "1,119,363", "Operating Expense": "890,780", "Operating Income": "228,583", "Net Non Operating Interest Income Expense": "-7,249", "Other Income Expense": "-100,238", "Pretax Income": "121,096", "Tax Provision": "26,911", "Net Income Common Stockholders": "94,185", "Diluted NI Available to Com Stockholders": "94,185", "Basic EPS": "-", "Diluted EPS": "-", "Basic Average Shares": "-", "Diluted Average Shares": "-", "Total Operating Income as Reported": "127,256", "Total Expenses": "1,554,559", "Net Income from Continuing & Discontinued Operation": "94,185", "Normalized Income": "175,624", "Interest Expense": "6,551", "Net Interest Income": "-7,249", "EBIT": "127,647", "EBITDA": "704,365", "Reconciled Cost of Revenue": "663,779", "Reconciled Depreciation": "576,718", "Net Income from Continuing Operation Net Minority Interest": "94,185", "Total Unusual Items Excluding Goodwill": "-104,708", "Total Unusual Items": "-104,708", "Normalized EBITDA": "809,073", "Tax Rate for Calcs": "0", "Tax Effect of Unusual Items": "-23,269"}, "12/31/2020": {"Duration": "12/31/2020", "Total Revenue": "1,734,919", "Cost of Revenue": "651,377", "Gross Profit": "1,083,542", "Operating Expense": "895,683", "Operating Income": "187,859", "Net Non Operating Interest Income Expense": "-10,006", "Other Income Expense": "-575,667", "Pretax Income": "-397,814", "Tax Provision": "-131,902", "Net Income Common Stockholders": "-265,912", "Diluted NI Available to Com Stockholders": "-265,912", "Basic EPS": "-7.85", "Diluted EPS": "-7.85", "Basic Average Shares": "33,877", "Diluted Average Shares": "33,877", "Total Operating Income as Reported": "-386,038", "Total Expenses": "1,547,060", "Net Income from Continuing & Discontinued Operation": "-265,912", "Normalized Income": "120,176", "Interest Expense": "10,006", "Net Interest Income": "-10,006", "EBIT": "-387,808", "EBITDA": "-", "Reconciled Cost of Revenue": "651,377", "Reconciled Depreciation": "571,260", "Net Income from Continuing Operation Net Minority Interest": "-265,912", "Total Unusual Items Excluding Goodwill": "-577,976", "Total Unusual Items": "-577,976", "Normalized EBITDA": "761,428", "Tax Rate for Calcs": "0", "Tax Effect of Unusual Items": "-191,888"}, "12/31/2019": {"Duration": "12/31/2019", "Total Revenue": "1,784,477", "Cost of Revenue": "672,461", "Gross Profit": "1,112,016", "Operating Expense": "926,767", "Operating Income": "185,249", "Net Non Operating Interest Income Expense": "-16,967", "Other Income Expense": "-134,012", "Pretax Income": "34,270", "Tax Provision": "6,171", "Net Income Common Stockholders": "28,099", "Diluted NI Available to Com Stockholders": "28,099", "Basic EPS": "0.83", "Diluted EPS": "0.83", "Basic Average Shares": "33,779", "Diluted Average Shares": "33,779", "Total Operating Income as Reported": "47,356", "Total Expenses": "1,599,228", "Net Income from Continuing & Discontinued Operation": "28,099", "Normalized Income": "141,171", "Interest Expense": "16,967", "Net Interest Income": "-16,967", "EBIT": "51,237", "EBITDA": "-", "Reconciled Cost of Revenue": "672,461", "Reconciled Depreciation": "601,964", "Net Income from Continuing Operation Net Minority Interest": "28,099", "Total Unusual Items Excluding Goodwill": "-137,893", "Total Unusual Items": "-137,893", "Normalized EBITDA": "791,094", "Tax Rate for Calcs": "0", "Tax Effect of Unusual Items": "-24,821"}, "12/31/2018": {"Duration": "12/31/2018", "Total Revenue": "1,794,716", "Cost of Revenue": "708,154", "Gross Profit": "1,086,562", "Operating Expense": "913,870", "Operating Income": "172,692", "Net Non Operating Interest Income Expense": "-16,440", "Other Income Expense": "-92,684", "Pretax Income": "63,568", "Tax Provision": "12,915", "Net Income Common Stockholders": "50,653", "Diluted NI Available to Com Stockholders": "50,653", "Basic EPS": "1.50", "Diluted EPS": "1.50", "Basic Average Shares": "33,779", "Diluted Average Shares": "33,779", "Total Operating Income as Reported": "100,972", "Total Expenses": "1,622,024", "Net Income from Continuing & Discontinued Operation": "50,653", "Normalized Income": "123,832", "Interest Expense": "16,440", "Net Interest Income": "-16,440", "EBIT": "80,008", "EBITDA": "-", "Reconciled Cost of Revenue": "708,154", "Reconciled Depreciation": "573,969", "Net Income from Continuing Operation Net Minority Interest": "50,653", "Total Unusual Items Excluding Goodwill": "-91,818", "Total Unusual Items": "-91,818", "Normalized EBITDA": "745,795", "Tax Rate for Calcs": "0", "Tax Effect of Unusual Items": "-18,639"}}, "bs": {"12/31/2020": {"Duration": "12/31/2020", "Total Assets": "1,353,457", "Total Liabilities Net Minority Interest": "642,132", "Total Equity Gross Minority Interest": "711,325", "Total Capitalization": "711,325", "Common Stock Equity": "711,325", "Capital Lease Obligations": "279,789", "Net Tangible Assets": "694,659", "Working Capital": "543,537", "Invested Capital": "711,325", "Tangible Book Value": "694,659", "Total Debt": "279,789", "Net Debt": "-", "Share Issued": "35,100", "Ordinary Shares Number": "34,205", "Treasury Shares Number": "894.66"}, "12/31/2019": {"Duration": "12/31/2019", "Total Assets": "1,940,331", "Total Liabilities Net Minority Interest": "1,102,550", "Total Equity Gross Minority Interest": "837,781", "Total Capitalization": "1,176,141", "Common Stock Equity": "837,781", "Capital Lease Obligations": "338,477", "Net Tangible Assets": "375,766", "Working Capital": "670,588", "Invested Capital": "1,176,141", "Tangible Book Value": "375,766", "Total Debt": "676,837", "Net Debt": "289,587", "Share Issued": "33,779", "Ordinary Shares Number": "33,779", "Treasury Shares Number": "-"}}, "cf": {"TTM": {"Duration": "TTM", "Operating Cash Flow": "319,183", "Investing Cash Flow": "-76,782", "Financing Cash Flow": "-659,961", "End Cash Position": "60,912", "Income Tax Paid Supplemental Data": "-", "Interest Paid Supplemental Data": "-", "Capital Expenditure": "-74,337", "Issuance of Debt": "-300,000", "Repayment of Debt": "-348,060", "Free Cash Flow": "244,846"}, "12/31/2020": {"Duration": "12/31/2020", "Operating Cash Flow": "355,769", "Investing Cash Flow": "-75,041", "Financing Cash Flow": "-253,411", "End Cash Position": "76,123", "Income Tax Paid Supplemental Data": "-", "Interest Paid Supplemental Data": "10,418", "Capital Expenditure": "-69,037", "Issuance of Debt": "5,625", "Repayment of Debt": "-347,960", "Free Cash Flow": "286,732"}, "12/31/2019": {"Duration": "12/31/2019", "Operating Cash Flow": "185,977", "Investing Cash Flow": "-76,187", "Financing Cash Flow": "-73,143", "End Cash Position": "48,773", "Income Tax Paid Supplemental Data": "-", "Interest Paid Supplemental Data": "16,460", "Capital Expenditure": "-79,932", "Issuance of Debt": "0", "Repayment of Debt": "-68,531", "Free Cash Flow": "106,045"}, "12/31/2018": {"Duration": "12/31/2018", "Operating Cash Flow": "186,536", "Investing Cash Flow": "-246,003", "Financing Cash Flow": "37,869", "End Cash Position": "12,006", "Income Tax Paid Supplemental Data": "-", "Interest Paid Supplemental Data": "16,243", "Capital Expenditure": "-67,099", "Issuance of Debt": "137,500", "Repayment of Debt": "-97,583", "Free Cash Flow": "119,437"}}}}, {"CAR": {"quote": {"05/12/2021": {"value": "75.62", "Market Cap": "5.283B", "Beta (5Y Monthly)": "2.36", "PE Ratio (TTM)": "N/A", "EPS (TTM)": "-9.99", "Earnings Date": "Jul 26, 2021 - Jul 30, 2021", "Forward Dividend & Yield": "N/A (N/A)", "Ex-Dividend Date": "Feb 23, 2006", "1y Target Est": "88.17"}}, "fin": {"TTM": {"Duration": "TTM", "Total Revenue": "5,021,000", "Cost of Revenue": "1,163,000", "Gross Profit": "3,858,000", "Operating Expense": "4,015,000", "Operating Income": "-157,000", "Net Non Operating Interest Income Expense": "-688,000", "Other Income Expense": "-96,000", "Pretax Income": "-941,000", "Tax Provision": "-245,000", "Net Income Common Stockholders": "-696,000", "Diluted NI Available to Com Stockholders": "-696,000", "Basic EPS": "-", "Diluted EPS": "-", "Basic Average Shares": "-", "Diluted Average Shares": "-", "Rent Expense Supplemental": "-", "Total Expenses": "5,178,000", "Net Income from Continuing & Discontinued Operation": "-696,000", "Normalized Income": "-624,995", "Interest Expense": "688,000", "Net Interest Income": "-688,000", "EBIT": "-253,000", "EBITDA": "32,000", "Reconciled Cost of Revenue": "1,163,000", "Reconciled Depreciation": "285,000", "Net Income from Continuing Operation Net Minority Interest": "-696,000", "Total Unusual Items Excluding Goodwill": "-96,000", "Total Unusual Items": "-96,000", "Normalized EBITDA": "128,000", "Tax Rate for Calcs": "0", "Tax Effect of Unusual Items": "-24,995"}, "12/31/2020": {"Duration": "12/31/2020", "Total Revenue": "5,402,000", "Cost of Revenue": "1,368,000", "Gross Profit": "4,034,000", "Operating Expense": "4,311,000", "Operating Income": "-277,000", "Net Non Operating Interest Income Expense": "-558,000", "Other Income Expense": "-121,000", "Pretax Income": "-956,000", "Tax Provision": "-272,000", "Net Income Common Stockholders": "-684,000", "Diluted NI Available to Com Stockholders": "-684,000", "Basic EPS": "-", "Diluted EPS": "-", "Basic Average Shares": "-", "Diluted Average Shares": "-", "Rent Expense Supplemental": "195,000", "Total Expenses": "5,679,000", "Net Income from Continuing & Discontinued Operation": "-684,000", "Normalized Income": "-597,364", "Interest Expense": "558,000", "Net Interest Income": "-558,000", "EBIT": "-398,000", "EBITDA": "-", "Reconciled Cost of Revenue": "1,368,000", "Reconciled Depreciation": "2,561,000", "Net Income from Continuing Operation Net Minority Interest": "-684,000", "Total Unusual Items Excluding Goodwill": "-121,000", "Total Unusual Items": "-121,000", "Normalized EBITDA": "2,284,000", "Tax Rate for Calcs": "0", "Tax Effect of Unusual Items": "-34,364"}, "12/31/2019": {"Duration": "12/31/2019", "Total Revenue": "9,172,000", "Cost of Revenue": "2,063,000", "Gross Profit": "7,109,000", "Operating Expense": "6,198,000", "Operating Income": "911,000", "Net Non Operating Interest Income Expense": "-534,000", "Other Income Expense": "-90,000", "Pretax Income": "287,000", "Tax Provision": "-15,000", "Net Income Common Stockholders": "302,000", "Diluted NI Available to Com Stockholders": "302,000", "Basic EPS": "4.01", "Diluted EPS": "3.98", "Basic Average Shares": "75,200", "Diluted Average Shares": "75,700", "Rent Expense Supplemental": "255,000", "Total Expenses": "8,261,000", "Net Income from Continuing & Discontinued Operation": "302,000", "Normalized Income": "367,700", "Interest Expense": "534,000", "Net Interest Income": "-534,000", "EBIT": "821,000", "EBITDA": "-", "Reconciled Cost of Revenue": "2,063,000", "Reconciled Depreciation": "3,142,000", "Net Income from Continuing Operation Net Minority Interest": "302,000", "Total Unusual Items Excluding Goodwill": "-90,000", "Total Unusual Items": "-90,000", "Normalized EBITDA": "4,053,000", "Tax Rate for Calcs": "0", "Tax Effect of Unusual Items": "-24,300"}, "12/31/2018": {"Duration": "12/31/2018", "Total Revenue": "9,124,000", "Cost of Revenue": "2,179,000", "Gross Profit": "6,945,000", "Operating Expense": "6,115,000", "Operating Income": "830,000", "Net Non Operating Interest Income Expense": "-521,000", "Other Income Expense": "-42,000", "Pretax Income": "267,000", "Tax Provision": "102,000", "Net Income Common Stockholders": "165,000", "Diluted NI Available to Com Stockholders": "165,000", "Basic EPS": "2.08", "Diluted EPS": "2.06", "Basic Average Shares": "79,300", "Diluted Average Shares": "80,100", "Rent Expense Supplemental": "253,000", "Total Expenses": "8,294,000", "Net Income from Continuing & Discontinued Operation": "165,000", "Normalized Income": "191,040", "Interest Expense": "521,000", "Net Interest Income": "-521,000", "EBIT": "788,000", "EBITDA": "-", "Reconciled Cost of Revenue": "205,000", "Reconciled Depreciation": "2,230,000", "Net Income from Continuing Operation Net Minority Interest": "165,000", "Total Unusual Items Excluding Goodwill": "-42,000", "Total Unusual Items": "-42,000", "Normalized EBITDA": "3,060,000", "Tax Rate for Calcs": "0", "Tax Effect of Unusual Items": "-15,960"}}, "bs": {"12/31/2020": {"Duration": "12/31/2020", "Total Assets": "17,538,000", "Total Liabilities Net Minority Interest": "17,693,000", "Total Equity Gross Minority Interest": "-155,000", "Total Capitalization": "10,893,000", "Common Stock Equity": "-155,000", "Capital Lease Obligations": "2,592,000", "Net Tangible Assets": "-2,066,000", "Working Capital": "-258,000", "Invested Capital": "10,912,000", "Tangible Book Value": "-2,066,000", "Total Debt": "13,659,000", "Net Debt": "10,375,000", "Share Issued": "137,000", "Ordinary Shares Number": "70,000", "Treasury Shares Number": "67,000"}, "12/31/2019": {"Duration": "12/31/2019", "Total Assets": "23,126,000", "Total Liabilities Net Minority Interest": "22,470,000", "Total Equity Gross Minority Interest": "656,000", "Total Capitalization": "15,140,000", "Common Stock Equity": "656,000", "Capital Lease Obligations": "2,619,000", "Net Tangible Assets": "-1,243,000", "Working Capital": "-80,000", "Invested Capital": "15,159,000", "Tangible Book Value": "-1,243,000", "Total Debt": "17,122,000", "Net Debt": "13,817,000", "Share Issued": "137,000", "Ordinary Shares Number": "74,000", "Treasury Shares Number": "63,000"}, "12/31/2018": {"Duration": "12/31/2018", "Total Assets": "19,149,000", "Total Liabilities Net Minority Interest": "18,735,000", "Total Equity Gross Minority Interest": "414,000", "Total Capitalization": "14,174,000", "Common Stock Equity": "414,000", "Capital Lease Obligations": "-", "Net Tangible Assets": "-1,503,000", "Working Capital": "458,000", "Invested Capital": "14,197,000", "Tangible Book Value": "-1,503,000", "Total Debt": "13,783,000", "Net Debt": "13,168,000", "Share Issued": "137,000", "Ordinary Shares Number": "76,000", "Treasury Shares Number": "61,000"}}, "cf": {"TTM": {"Duration": "TTM", "Operating Cash Flow": "657,000", "Investing Cash Flow": "3,293,000", "Financing Cash Flow": "-4,093,000", "End Cash Position": "578,000", "Income Tax Paid Supplemental Data": "-", "Interest Paid Supplemental Data": "-", "Capital Expenditure": "-", "Issuance of Capital Stock": "-", "Issuance of Debt": "-", "Repayment of Debt": "-", "Repurchase of Capital Stock": "-", "Free Cash Flow": "-1,044,000"}, "12/31/2020": {"Duration": "12/31/2020", "Operating Cash Flow": "691,000", "Investing Cash Flow": "3,177,000", "Financing Cash Flow": "-4,045,000", "End Cash Position": "765,000", "Income Tax Paid Supplemental Data": "44,000", "Interest Paid Supplemental Data": "503,000", "Capital Expenditure": "-5,495,000", "Issuance of Capital Stock": "15,000", "Issuance of Debt": "14,549,000", "Repayment of Debt": "-18,446,000", "Repurchase of Capital Stock": "-119,000", "Free Cash Flow": "-4,804,000"}, "12/31/2019": {"Duration": "12/31/2019", "Operating Cash Flow": "2,586,000", "Investing Cash Flow": "-2,752,000", "Financing Cash Flow": "318,000", "End Cash Position": "900,000", "Income Tax Paid Supplemental Data": "93,000", "Interest Paid Supplemental Data": "509,000", "Capital Expenditure": "-13,137,000", "Issuance of Capital Stock": "-", "Issuance of Debt": "20,271,000", "Repayment of Debt": "-19,855,000", "Repurchase of Capital Stock": "-67,000", "Free Cash Flow": "-10,551,000"}, "12/31/2018": {"Duration": "12/31/2018", "Operating Cash Flow": "2,609,000", "Investing Cash Flow": "-3,426,000", "Financing Cash Flow": "667,000", "End Cash Position": "735,000", "Income Tax Paid Supplemental Data": "53,000", "Interest Paid Supplemental Data": "497,000", "Capital Expenditure": "-12,820,000", "Issuance of Capital Stock": "-", "Issuance of Debt": "17,824,000", "Repayment of Debt": "-16,900,000", "Repurchase of Capital Stock": "-216,000", "Free Cash Flow": "-10,211,000"}}}}, {"UHAL": {"quote": {"05/12/2021": {"value": "592.90", "Market Cap": "11.625B", "Beta (5Y Monthly)": "0.87", "PE Ratio (TTM)": "17.63", "EPS (TTM)": "33.63", "Earnings Date": "May 25, 2021 - May 31, 2021", "Forward Dividend & Yield": "N/A (N/A)", "Ex-Dividend Date": "Dec 18, 2020", "1y Target Est": "556.00"}}, "fin": {"TTM": {"Duration": "TTM", "Total Revenue": "4,303,652", "Cost of Revenue": "223,352", "Gross Profit": "4,080,300", "Operating Expense": "3,047,267", "Operating Income": "1,033,033", "Net Non Operating Interest Income Expense": "-165,141", "Other Income Expense": "-203,257", "Pretax Income": "664,635", "Tax Provision": "5,191", "Net Income Common Stockholders": "659,444", "Diluted NI Available to Com Stockholders": "659,444", "Basic EPS": "-", "Diluted EPS": "-", "Basic Average Shares": "-", "Diluted Average Shares": "-", "Total Operating Income as Reported": "830,780", "Rent Expense Supplemental": "27,995", "Total Expenses": "3,270,619", "Net Income from Continuing & Discontinued Operation": "659,444", "Normalized Income": "664,252", "Interest Expense": "159,345", "Net Interest Income": "-165,141", "EBIT": "823,980", "EBITDA": "1,489,141", "Reconciled Cost of Revenue": "188,738", "Reconciled Depreciation": "665,161", "Net Income from Continuing Operation Net Minority Interest": "659,444", "Total Unusual Items Excluding Goodwill": "-4,846", "Total Unusual Items": "-4,846", "Normalized EBITDA": "1,493,987", "Tax Rate for Calcs": "0", "Tax Effect of Unusual Items": "-37.8487"}, "3/31/2020": {"Duration": "3/31/2020", "Total Revenue": "3,978,868", "Cost of Revenue": "190,900", "Gross Profit": "3,787,968", "Operating Expense": "3,042,543", "Operating Income": "745,425", "Net Non Operating Interest Income Expense": "-160,950", "Other Income Expense": "-206,351", "Pretax Income": "378,124", "Tax Provision": "-63,924", "Net Income Common Stockholders": "442,048", "Diluted NI Available to Com Stockholders": "442,048", "Basic EPS": "22.55", "Diluted EPS": "22.55", "Basic Average Shares": "19,604", "Diluted Average Shares": "19,604", "Total Operating Income as Reported": "540,128", "Rent Expense Supplemental": "26,882", "Total Expenses": "3,233,443", "Net Income from Continuing & Discontinued Operation": "442,048", "Normalized Income": "441,495", "Interest Expense": "156,523", "Net Interest Income": "-160,950", "EBIT": "534,647", "EBITDA": "-", "Reconciled Cost of Revenue": "163,843", "Reconciled Depreciation": "664,120", "Net Income from Continuing Operation Net Minority Interest": "442,048", "Total Unusual Items Excluding Goodwill": "758", "Total Unusual Items": "758", "Normalized EBITDA": "1,198,009", "Tax Rate for Calcs": "0", "Tax Effect of Unusual Items": "204.66"}, "3/31/2019": {"Duration": "3/31/2019", "Total Revenue": "3,768,707", "Cost of Revenue": "195,300", "Gross Profit": "3,573,407", "Operating Expense": "2,823,631", "Operating Income": "749,776", "Net Non Operating Interest Income Expense": "-142,445", "Other Income Expense": "-129,802", "Pretax Income": "477,529", "Tax Provision": "106,672", "Net Income Common Stockholders": "370,857", "Diluted NI Available to Com Stockholders": "370,857", "Basic EPS": "18.93", "Diluted EPS": "18.93", "Basic Average Shares": "19,592", "Diluted Average Shares": "19,592", "Total Operating Income as Reported": "620,987", "Rent Expense Supplemental": "33,158", "Total Expenses": "3,018,931", "Net Income from Continuing & Discontinued Operation": "370,857", "Normalized Income": "370,823", "Interest Expense": "138,700", "Net Interest Income": "-142,445", "EBIT": "616,229", "EBITDA": "-", "Reconciled Cost of Revenue": "168,318", "Reconciled Depreciation": "581,025", "Net Income from Continuing Operation Net Minority Interest": "370,857", "Total Unusual Items Excluding Goodwill": "44", "Total Unusual Items": "44", "Normalized EBITDA": "1,197,210", "Tax Rate for Calcs": "0", "Tax Effect of Unusual Items": "9.812"}}, "bs": {"3/31/2020": {"Duration": "3/31/2020", "Total Assets": "13,438,024", "Total Liabilities Net Minority Interest": "9,217,304", "Total Equity Gross Minority Interest": "4,220,720", "Total Capitalization": "7,708,307", "Common Stock Equity": "4,220,720", "Capital Lease Obligations": "1,240,147", "Net Tangible Assets": "4,220,720", "Working Capital": "-172,205", "Invested Capital": "7,708,307", "Tangible Book Value": "4,220,720", "Total Debt": "4,727,734", "Net Debt": "2,993,235", "Share Issued": "41,986", "Ordinary Shares Number": "19,608", "Preferred Shares Number": "6,100", "Treasury Shares Number": "22,378"}, "3/31/2019": {"Duration": "3/31/2019", "Total Assets": "11,891,713", "Total Liabilities Net Minority Interest": "8,199,324", "Total Equity Gross Minority Interest": "3,692,389", "Total Capitalization": "6,813,060", "Common Stock Equity": "3,692,389", "Capital Lease Obligations": "1,042,652", "Net Tangible Assets": "3,692,389", "Working Capital": "-361,077", "Invested Capital": "6,813,060", "Tangible Book Value": "3,692,389", "Total Debt": "4,163,323", "Net Debt": "2,446,970", "Share Issued": "41,986", "Ordinary Shares Number": "19,608", "Preferred Shares Number": "6,100", "Treasury Shares Number": "22,378"}}, "cf": {"TTM": {"Duration": "TTM", "Operating Cash Flow": "1,499,085", "Investing Cash Flow": "-999,816", "Financing Cash Flow": "266,490", "End Cash Position": "1,397,710", "Capital Expenditure": "-1,353,539", "Issuance of Debt": "1,044,082", "Repayment of Debt": "-926,836", "Free Cash Flow": "145,546"}, "3/31/2020": {"Duration": "3/31/2020", "Operating Cash Flow": "1,075,513", "Investing Cash Flow": "-1,766,649", "Financing Cash Flow": "512,320", "End Cash Position": "494,352", "Capital Expenditure": "-2,309,406", "Issuance of Debt": "1,121,412", "Repayment of Debt": "-657,768", "Free Cash Flow": "-1,233,893"}, "3/31/2019": {"Duration": "3/31/2019", "Operating Cash Flow": "975,583", "Investing Cash Flow": "-1,571,136", "Financing Cash Flow": "514,582", "End Cash Position": "673,701", "Capital Expenditure": "-1,869,968", "Issuance of Debt": "897,311", "Repayment of Debt": "-603,179", "Free Cash Flow": "-894,385"}}}}, {"ACY": {"quote": {"05/12/2021": {"value": "6.91", "Market Cap": "10.682M", "Beta (5Y Monthly)": "3.99", "PE Ratio (TTM)": "N/A", "EPS (TTM)": "-27.33", "Earnings Date": "Apr 14, 2021", "Forward Dividend & Yield": "N/A (N/A)", "Ex-Dividend Date": "N/A", "1y Target Est": "N/A"}}, "fin": {"TTM": {"Duration": "TTM", "Total Revenue": "15,746", "Cost of Revenue": "-", "Gross Profit": "-", "Operating Expense": "14,891", "Operating Income": "854.7", "Net Non Operating Interest Income Expense": "-16,819", "Other Income Expense": "-29,844", "Pretax Income": "-45,808", "Tax Provision": "-3,565", "Net Income Common Stockholders": "-42,244", "Diluted NI Available to Com Stockholders": "-42,244", "Basic EPS": "-", "Diluted EPS": "-", "Basic Average Shares": "-", "Diluted Average Shares": "-", "Total Operating Income as Reported": "-", "Total Expenses": "14,891", "Net Income from Continuing & Discontinued Operation": "-42,244", "Normalized Income": "-14,466", "Interest Expense": "16,819", "Net Interest Income": "-16,819", "EBIT": "-28,989", "EBITDA": "-21,962", "Reconciled Cost of Revenue": "-", "Reconciled Depreciation": "7,027", "Net Income from Continuing Operation Net Minority Interest": "-42,244", "Total Unusual Items Excluding Goodwill": "-30,122", "Total Unusual Items": "-30,122", "Normalized EBITDA": "8,160", "Tax Rate for Calcs": "0", "Tax Effect of Unusual Items": "-2,344"}, "12/31/2020": {"Duration": "12/31/2020", "Total Revenue": "15,746", "Cost of Revenue": "-", "Gross Profit": "-", "Operating Expense": "14,891", "Operating Income": "854.7", "Net Non Operating Interest Income Expense": "-16,819", "Other Income Expense": "-29,844", "Pretax Income": "-45,808", "Tax Provision": "-3,565", "Net Income Common Stockholders": "-42,244", "Diluted NI Available to Com Stockholders": "-42,244", "Basic EPS": "-", "Diluted EPS": "-", "Basic Average Shares": "-", "Diluted Average Shares": "-", "Total Operating Income as Reported": "-", "Total Expenses": "14,891", "Net Income from Continuing & Discontinued Operation": "-42,244", "Normalized Income": "-14,466", "Interest Expense": "16,819", "Net Interest Income": "-16,819", "EBIT": "-28,989", "EBITDA": "-", "Reconciled Cost of Revenue": "-", "Reconciled Depreciation": "7,027", "Net Income from Continuing Operation Net Minority Interest": "-42,244", "Total Unusual Items Excluding Goodwill": "-30,122", "Total Unusual Items": "-30,122", "Normalized EBITDA": "8,160", "Tax Rate for Calcs": "0", "Tax Effect of Unusual Items": "-2,344"}, "12/31/2019": {"Duration": "12/31/2019", "Total Revenue": "43,259", "Cost of Revenue": "850.8", "Gross Profit": "42,409", "Operating Expense": "19,547", "Operating Income": "23,713", "Net Non Operating Interest Income Expense": "-11,303", "Other Income Expense": "-33,576", "Pretax Income": "-21,166", "Tax Provision": "-4,508", "Net Income Common Stockholders": "-16,658", "Diluted NI Available to Com Stockholders": "-16,658", "Basic EPS": "-10.78", "Diluted EPS": "-10.78", "Basic Average Shares": "1,546", "Diluted Average Shares": "1,546", "Total Operating Income as Reported": "-", "Total Expenses": "19,547", "Net Income from Continuing & Discontinued Operation": "-16,658", "Normalized Income": "9,777", "Interest Expense": "11,303", "Net Interest Income": "-11,303", "EBIT": "-9,863", "EBITDA": "-", "Reconciled Cost of Revenue": "850.8", "Reconciled Depreciation": "11,588", "Net Income from Continuing Operation Net Minority Interest": "-16,658", "Total Unusual Items Excluding Goodwill": "-33,589", "Total Unusual Items": "-33,589", "Normalized EBITDA": "35,313", "Tax Rate for Calcs": "0", "Tax Effect of Unusual Items": "-7,153"}, "12/31/2018": {"Duration": "12/31/2018", "Total Revenue": "30,518", "Cost of Revenue": "636", "Gross Profit": "29,882", "Operating Expense": "21,166", "Operating Income": "9,352", "Net Non Operating Interest Income Expense": "-9,506", "Other Income Expense": "-8,900", "Pretax Income": "-9,054", "Tax Provision": "-972.8", "Net Income Common Stockholders": "-8,081", "Diluted NI Available to Com Stockholders": "-8,081", "Basic EPS": "-5.58", "Diluted EPS": "-5.58", "Basic Average Shares": "1,449", "Diluted Average Shares": "1,449", "Total Operating Income as Reported": "-", "Total Expenses": "21,166", "Net Income from Continuing & Discontinued Operation": "-8,081", "Normalized Income": "-2,387", "Interest Expense": "9,506", "Net Interest Income": "-9,506", "EBIT": "452", "EBITDA": "-", "Reconciled Cost of Revenue": "574.3", "Reconciled Depreciation": "12,699", "Net Income from Continuing Operation Net Minority Interest": "-8,081", "Total Unusual Items Excluding Goodwill": "-6,380", "Total Unusual Items": "-6,380", "Normalized EBITDA": "19,531", "Tax Rate for Calcs": "0", "Tax Effect of Unusual Items": "-685.5156"}}, "bs": {"12/31/2020": {"Duration": "12/31/2020", "Total Assets": "93,378", "Total Liabilities Net Minority Interest": "110,994", "Total Equity Gross Minority Interest": "-17,616", "Total Capitalization": "85,014", "Common Stock Equity": "-17,616", "Capital Lease Obligations": "172", "Net Tangible Assets": "-17,616", "Working Capital": "43,190", "Invested Capital": "85,014", "Tangible Book Value": "-17,616", "Total Debt": "102,802", "Net Debt": "100,221", "Share Issued": "1,759", "Ordinary Shares Number": "1,546", "Treasury Shares Number": "213.332"}, "12/31/2019": {"Duration": "12/31/2019", "Total Assets": "149,596", "Total Liabilities Net Minority Interest": "126,337", "Total Equity Gross Minority Interest": "23,259", "Total Capitalization": "53,521", "Common Stock Equity": "23,259", "Capital Lease Obligations": "336.4", "Net Tangible Assets": "23,259", "Working Capital": "-48,101", "Invested Capital": "134,897", "Tangible Book Value": "23,259", "Total Debt": "111,975", "Net Debt": "109,288", "Share Issued": "1,759", "Ordinary Shares Number": "1,546", "Treasury Shares Number": "213.332"}, "12/31/2018": {"Duration": "12/31/2018", "Total Assets": "217,152", "Total Liabilities Net Minority Interest": "175,864", "Total Equity Gross Minority Interest": "41,288", "Total Capitalization": "50,515", "Common Stock Equity": "41,288", "Capital Lease Obligations": "-", "Net Tangible Assets": "41,288", "Working Capital": "-99,497", "Invested Capital": "172,380", "Tangible Book Value": "41,288", "Total Debt": "131,092", "Net Debt": "129,550", "Share Issued": "1,759", "Ordinary Shares Number": "1,546", "Treasury Shares Number": "213.332"}}, "cf": {"TTM": {"Duration": "TTM", "Operating Cash Flow": "3,976", "Investing Cash Flow": "17,117", "Financing Cash Flow": "-19,419", "End Cash Position": "5,101", "Capital Expenditure": "-", "Issuance of Debt": "276.4", "Repayment of Debt": "-17,988", "Free Cash Flow": "3,976"}, "12/31/2020": {"Duration": "12/31/2020", "Operating Cash Flow": "3,976", "Investing Cash Flow": "17,117", "Financing Cash Flow": "-19,419", "End Cash Position": "5,101", "Capital Expenditure": "-", "Issuance of Debt": "276.4", "Repayment of Debt": "-17,988", "Free Cash Flow": "3,976"}, "12/31/2019": {"Duration": "12/31/2019", "Operating Cash Flow": "8,170", "Investing Cash Flow": "16,930", "Financing Cash Flow": "-23,215", "End Cash Position": "3,427", "Capital Expenditure": "-", "Issuance of Debt": "50,294", "Repayment of Debt": "-66,907", "Free Cash Flow": "8,170"}, "12/31/2018": {"Duration": "12/31/2018", "Operating Cash Flow": "17,941", "Investing Cash Flow": "-9,086", "Financing Cash Flow": "-15,971", "End Cash Position": "1,543", "Capital Expenditure": "-22,844", "Issuance of Debt": "21,000", "Repayment of Debt": "-36,901", "Free Cash Flow": "-4,903"}}}}, {"FTAI": {"quote": {"05/12/2021": {"value": "27.14", "Market Cap": "2.324B", "Beta (5Y Monthly)": "2.00", "PE Ratio (TTM)": "N/A", "EPS (TTM)": "-1.59", "Earnings Date": "Jul 28, 2021 - Aug 02, 2021", "Forward Dividend & Yield": "1.32 (4.63%)", "Ex-Dividend Date": "May 13, 2021", "1y Target Est": "35.17"}}, "fin": {"TTM": {"Duration": "TTM", "Total Revenue": "330,805", "Operating Expense": "311,294", "Operating Income": "19,511", "Net Non Operating Interest Income Expense": "-107,929", "Other Income Expense": "-52,728", "Pretax Income": "-141,146", "Tax Provision": "-5,638", "Net Income Common Stockholders": "-136,716", "Diluted NI Available to Com Stockholders": "-136,716", "Basic EPS": "-", "Diluted EPS": "-", "Basic Average Shares": "-", "Diluted Average Shares": "-", "Total Expenses": "311,294", "Net Income from Continuing & Discontinued Operation": "-118,761", "Normalized Income": "-71,703", "Interest Income": "406", "Interest Expense": "108,335", "Net Interest Income": "-107,929", "EBIT": "-32,811", "EBITDA": "173,514", "Reconciled Depreciation": "206,325", "Net Income from Continuing Operation Net Minority Interest": "-118,761", "Total Unusual Items Excluding Goodwill": "-49,016", "Total Unusual Items": "-49,016", "Normalized EBITDA": "222,530", "Tax Rate for Calcs": "0", "Tax Effect of Unusual Items": "-1,958"}, "12/31/2020": {"Duration": "12/31/2020", "Total Revenue": "366,496", "Operating Expense": "318,590", "Operating Income": "47,906", "Net Non Operating Interest Income Expense": "-98,044", "Other Income Expense": "-60,790", "Pretax Income": "-110,928", "Tax Provision": "-5,905", "Net Income Common Stockholders": "-105,039", "Diluted NI Available to Com Stockholders": "-105,039", "Basic EPS": "-", "Diluted EPS": "-", "Basic Average Shares": "-", "Diluted Average Shares": "-", "Total Expenses": "318,590", "Net Income from Continuing & Discontinued Operation": "-87,170", "Normalized Income": "-35,652", "Interest Income": "162", "Interest Expense": "98,206", "Net Interest Income": "-98,044", "EBIT": "-12,722", "EBITDA": "-", "Reconciled Depreciation": "202,746", "Net Income from Continuing Operation Net Minority Interest": "-88,501", "Total Unusual Items Excluding Goodwill": "-55,821", "Total Unusual Items": "-55,821", "Normalized EBITDA": "245,845", "Tax Rate for Calcs": "0", "Tax Effect of Unusual Items": "-2,972"}, "12/31/2019": {"Duration": "12/31/2019", "Total Revenue": "578,774", "Operating Expense": "513,559", "Operating Income": "65,215", "Net Non Operating Interest Income Expense": "-95,054", "Other Income Expense": "181,971", "Pretax Income": "152,132", "Tax Provision": "17,810", "Net Income Common Stockholders": "223,270", "Diluted NI Available to Com Stockholders": "223,270", "Basic EPS": "2.59", "Diluted EPS": "2.59", "Basic Average Shares": "85,992", "Diluted Average Shares": "86,029", "Total Expenses": "513,559", "Net Income from Continuing & Discontinued Operation": "225,108", "Normalized Income": "-8,077", "Interest Income": "531", "Interest Expense": "95,585", "Net Interest Income": "-95,054", "EBIT": "247,717", "EBITDA": "-", "Reconciled Depreciation": "201,387", "Net Income from Continuing Operation Net Minority Interest": "151,646", "Total Unusual Items Excluding Goodwill": "180,901", "Total Unusual Items": "180,901", "Normalized EBITDA": "268,203", "Tax Rate for Calcs": "0", "Tax Effect of Unusual Items": "21,178"}, "12/31/2018": {"Duration": "12/31/2018", "Total Revenue": "379,878", "Operating Expense": "336,720", "Operating Income": "43,158", "Net Non Operating Interest Income Expense": "-57,366", "Other Income Expense": "-124", "Pretax Income": "-14,332", "Tax Provision": "1,372", "Net Income Common Stockholders": "5,882", "Diluted NI Available to Com Stockholders": "5,882", "Basic EPS": "0.07", "Diluted EPS": "0.07", "Basic Average Shares": "83,654", "Diluted Average Shares": "83,665", "Total Expenses": "336,720", "Net Income from Continuing & Discontinued Operation": "5,882", "Normalized Income": "8,114", "Interest Income": "488", "Interest Expense": "57,854", "Net Interest Income": "-57,366", "EBIT": "43,522", "EBITDA": "-", "Reconciled Depreciation": "163,013", "Net Income from Continuing Operation Net Minority Interest": "5,882", "Total Unusual Items Excluding Goodwill": "-3,057", "Total Unusual Items": "-3,057", "Normalized EBITDA": "209,592", "Tax Rate for Calcs": "0", "Tax Effect of Unusual Items": "-825.39"}}, "bs": {"12/31/2020": {"Duration": "12/31/2020", "Total Assets": "3,387,977", "Total Liabilities Net Minority Interest": "2,288,656", "Total Equity Gross Minority Interest": "1,099,321", "Total Capitalization": "2,981,420", "Preferred Stock Equity": "91", "Common Stock Equity": "1,076,567", "Capital Lease Obligations": "62,001", "Net Tangible Assets": "935,137", "Working Capital": "146,851", "Invested Capital": "2,981,329", "Tangible Book Value": "935,046", "Total Debt": "1,966,763", "Net Debt": "1,783,059", "Share Issued": "85,617", "Ordinary Shares Number": "85,617"}, "12/31/2019": {"Duration": "12/31/2019", "Total Assets": "3,236,922", "Total Liabilities Net Minority Interest": "1,898,065", "Total Equity Gross Minority Interest": "1,338,857", "Total Capitalization": "2,722,805", "Preferred Stock Equity": "81", "Common Stock Equity": "1,301,796", "Capital Lease Obligations": "36,968", "Net Tangible Assets": "1,151,546", "Working Capital": "155,447", "Invested Capital": "2,722,724", "Tangible Book Value": "1,151,465", "Total Debt": "1,457,896", "Net Debt": "1,194,416", "Share Issued": "84,917", "Ordinary Shares Number": "84,917"}, "12/31/2018": {"Duration": "12/31/2018", "Total Assets": "2,638,778", "Total Liabilities Net Minority Interest": "1,584,996", "Total Equity Gross Minority Interest": "1,053,782", "Total Capitalization": "2,234,746", "Preferred Stock Equity": "-", "Common Stock Equity": "997,399", "Capital Lease Obligations": "-", "Net Tangible Assets": "842,302", "Working Capital": "81,061", "Invested Capital": "2,234,746", "Tangible Book Value": "842,302", "Total Debt": "1,237,347", "Net Debt": "1,137,746", "Share Issued": "84,051", "Ordinary Shares Number": "84,051"}}, "cf": {"TTM": {"Duration": "TTM", "Operating Cash Flow": "25,980", "Investing Cash Flow": "-572,416", "Financing Cash Flow": "616,524", "End Cash Position": "193,476", "Income Tax Paid Supplemental Data": "-", "Interest Paid Supplemental Data": "-", "Capital Expenditure": "-631,275", "Issuance of Capital Stock": "-", "Issuance of Debt": "1,208,601", "Repayment of Debt": "-576,206", "Free Cash Flow": "-605,295"}, "12/31/2020": {"Duration": "12/31/2020", "Operating Cash Flow": "63,106", "Investing Cash Flow": "-509,123", "Financing Cash Flow": "364,918", "End Cash Position": "161,418", "Income Tax Paid Supplemental Data": "0", "Interest Paid Supplemental Data": "71,637", "Capital Expenditure": "-594,778", "Issuance of Capital Stock": "19,694", "Issuance of Debt": "1,340,981", "Repayment of Debt": "-852,197", "Free Cash Flow": "-531,672"}, "12/31/2019": {"Duration": "12/31/2019", "Operating Cash Flow": "151,043", "Investing Cash Flow": "-495,236", "Financing Cash Flow": "465,873", "End Cash Position": "242,517", "Income Tax Paid Supplemental Data": "1,072", "Interest Paid Supplemental Data": "83,164", "Capital Expenditure": "-900,740", "Issuance of Capital Stock": "193,992", "Issuance of Debt": "788,829", "Repayment of Debt": "-405,131", "Free Cash Flow": "-749,697"}, "12/31/2018": {"Duration": "12/31/2018", "Operating Cash Flow": "133,697", "Investing Cash Flow": "-703,533", "Financing Cash Flow": "597,867", "End Cash Position": "120,837", "Income Tax Paid Supplemental Data": "721", "Interest Paid Supplemental Data": "43,636", "Capital Expenditure": "-749,497", "Issuance of Capital Stock": "148,318", "Issuance of Debt": "750,980", "Repayment of Debt": "-218,819", "Free Cash Flow": "-615,800"}}}}, {"XBIO": {"quote": {"05/12/2021": {"value": "1.7500", "Market Cap": "15.307M", "Beta (5Y Monthly)": "2.44", "PE Ratio (TTM)": "N/A", "EPS (TTM)": "-1.7040", "Earnings Date": "Nov 13, 2020", "Forward Dividend & Yield": "N/A (N/A)", "Ex-Dividend Date": "N/A", "1y Target Est": "5.00"}}, "fin": {"TTM": {"Duration": "TTM", "Total Revenue": "436.942", "Cost of Revenue": "-", "Gross Profit": "-", "Operating Expense": "5,131", "Operating Income": "-4,695", "Net Non Operating Interest Income Expense": "126.171", "Other Income Expense": "-9,244", "Pretax Income": "-13,812", "Tax Provision": "-2,919", "Net Income Common Stockholders": "-10,893", "Diluted NI Available to Com Stockholders": "-10,893", "Basic EPS": "-", "Diluted EPS": "-", "Basic Average Shares": "-", "Diluted Average Shares": "-", "Total Operating Income as Reported": "-13,938", "Total Expenses": "5,131", "Interest Income": "126.171", "Interest Expense": "-", "Net Interest Income": "126.171", "Net Income from Continuing & Discontinued Operation": "-10,893", "Normalized Income": "-3,603", "EBIT": "-4,695", "EBITDA": "-4,666", "Reconciled Cost of Revenue": "-", "Reconciled Depreciation": "28.837", "Net Income from Continuing Operation Net Minority Interest": "-10,893", "Total Unusual Items Excluding Goodwill": "-9,243", "Total Unusual Items": "-9,243", "Normalized EBITDA": "4,577", "Tax Rate for Calcs": "0", "Tax Effect of Unusual Items": "-1,953"}, "12/31/2020": {"Duration": "12/31/2020", "Total Revenue": "436.942", "Cost of Revenue": "-", "Gross Profit": "-", "Operating Expense": "5,131", "Operating Income": "-4,695", "Net Non Operating Interest Income Expense": "126.171", "Other Income Expense": "-9,244", "Pretax Income": "-13,812", "Tax Provision": "-2,919", "Net Income Common Stockholders": "-10,893", "Diluted NI Available to Com Stockholders": "-10,893", "Basic EPS": "-", "Diluted EPS": "-", "Basic Average Shares": "-", "Diluted Average Shares": "-", "Total Operating Income as Reported": "-13,938", "Total Expenses": "5,131", "Interest Income": "126.171", "Interest Expense": "-", "Net Interest Income": "126.171", "Net Income from Continuing & Discontinued Operation": "-10,893", "Normalized Income": "-3,603", "EBIT": "-4,695", "EBITDA": "-", "Reconciled Cost of Revenue": "-", "Reconciled Depreciation": "28.837", "Net Income from Continuing Operation Net Minority Interest": "-10,893", "Total Unusual Items Excluding Goodwill": "-9,243", "Total Unusual Items": "-9,243", "Normalized EBITDA": "4,577", "Tax Rate for Calcs": "0", "Tax Effect of Unusual Items": "-1,953"}, "12/31/2019": {"Duration": "12/31/2019", "Total Revenue": "17.066", "Cost of Revenue": "-", "Gross Profit": "-", "Operating Expense": "9,621", "Operating Income": "-9,603", "Net Non Operating Interest Income Expense": "108.489", "Other Income Expense": "-3,280", "Pretax Income": "-12,775", "Tax Provision": "-", "Net Income Common Stockholders": "-18,059", "Diluted NI Available to Com Stockholders": "-18,059", "Basic EPS": "-6.33", "Diluted EPS": "-6.33", "Basic Average Shares": "2,852", "Diluted Average Shares": "2,852", "Total Operating Income as Reported": "-12,887", "Total Expenses": "9,621", "Interest Income": "-", "Interest Expense": "-", "Net Interest Income": "108.489", "Net Income from Continuing & Discontinued Operation": "-12,775", "Normalized Income": "-9,492", "EBIT": "-9,603", "EBITDA": "-", "Reconciled Cost of Revenue": "-", "Reconciled Depreciation": "27.487", "Net Income from Continuing Operation Net Minority Interest": "-12,775", "Total Unusual Items Excluding Goodwill": "-3,283", "Total Unusual Items": "-3,283", "Normalized EBITDA": "-6,293", "Tax Rate for Calcs": "0", "Tax Effect of Unusual Items": "0"}, "12/31/2018": {"Duration": "12/31/2018", "Total Revenue": "0", "Cost of Revenue": "0", "Gross Profit": "0", "Operating Expense": "7,276", "Operating Income": "-7,276", "Net Non Operating Interest Income Expense": "0.509", "Other Income Expense": "-24.64", "Pretax Income": "-7,300", "Tax Provision": "-", "Net Income Common Stockholders": "-7,300", "Diluted NI Available to Com Stockholders": "-7,300", "Basic EPS": "-9.60", "Diluted EPS": "-9.60", "Basic Average Shares": "755.903", "Diluted Average Shares": "755.903", "Total Operating Income as Reported": "-7,276", "Total Expenses": "7,276", "Interest Income": "-", "Interest Expense": "-", "Net Interest Income": "0.509", "Net Income from Continuing & Discontinued Operation": "-7,300", "Normalized Income": "-7,300", "EBIT": "-7,276", "EBITDA": "-", "Reconciled Cost of Revenue": "0", "Reconciled Depreciation": "15.827", "Net Income from Continuing Operation Net Minority Interest": "-7,300", "Total Unusual Items Excluding Goodwill": "-", "Total Unusual Items": "-", "Normalized EBITDA": "-7,260", "Tax Rate for Calcs": "0", "Tax Effect of Unusual Items": "0"}}, "bs": {"12/31/2020": {"Duration": "12/31/2020", "Total Assets": "13,179", "Total Liabilities Net Minority Interest": "963.971", "Total Equity Gross Minority Interest": "12,216", "Total Capitalization": "12,216", "Preferred Stock Equity": "2.774", "Common Stock Equity": "12,213", "Net Tangible Assets": "12,216", "Working Capital": "11,433", "Invested Capital": "12,213", "Tangible Book Value": "12,213", "Share Issued": "8,772", "Ordinary Shares Number": "8,745", "Treasury Shares Number": "26.991"}, "12/31/2019": {"Duration": "12/31/2019", "Total Assets": "21,547", "Total Liabilities Net Minority Interest": "4,334", "Total Equity Gross Minority Interest": "17,213", "Total Capitalization": "17,213", "Preferred Stock Equity": "2.774", "Common Stock Equity": "17,210", "Net Tangible Assets": "7,970", "Working Capital": "9,675", "Invested Capital": "17,210", "Tangible Book Value": "7,967", "Share Issued": "6,092", "Ordinary Shares Number": "6,065", "Treasury Shares Number": "26.991"}, "12/31/2018": {"Duration": "12/31/2018", "Total Assets": "14,431", "Total Liabilities Net Minority Interest": "4,518", "Total Equity Gross Minority Interest": "9,913", "Total Capitalization": "9,913", "Preferred Stock Equity": "2.774", "Common Stock Equity": "9,910", "Net Tangible Assets": "-2,614", "Working Capital": "-405.817", "Invested Capital": "9,910", "Tangible Book Value": "-2,616", "Share Issued": "810.644", "Ordinary Shares Number": "783.654", "Treasury Shares Number": "26.99"}}, "cf": {"TTM": {"Duration": "TTM", "Operating Cash Flow": "-4,267", "Investing Cash Flow": "0", "Financing Cash Flow": "5,427", "End Cash Position": "11,528", "Interest Paid Supplemental Data": "0", "Capital Expenditure": "-", "Issuance of Capital Stock": "5,427", "Issuance of Debt": "-", "Repayment of Debt": "-", "Free Cash Flow": "-4,267"}, "12/31/2020": {"Duration": "12/31/2020", "Operating Cash Flow": "-4,267", "Investing Cash Flow": "0", "Financing Cash Flow": "5,427", "End Cash Position": "11,528", "Interest Paid Supplemental Data": "0", "Capital Expenditure": "-", "Issuance of Capital Stock": "5,427", "Issuance of Debt": "-", "Repayment of Debt": "-", "Free Cash Flow": "-4,267"}, "12/31/2019": {"Duration": "12/31/2019", "Operating Cash Flow": "-6,399", "Investing Cash Flow": "2", "Financing Cash Flow": "16,127", "End Cash Position": "10,368", "Interest Paid Supplemental Data": "0.008", "Capital Expenditure": "-", "Issuance of Capital Stock": "16,121", "Issuance of Debt": "-", "Repayment of Debt": "-", "Free Cash Flow": "-6,399"}, "12/31/2018": {"Duration": "12/31/2018", "Operating Cash Flow": "-6,464", "Investing Cash Flow": "22.5", "Financing Cash Flow": "1,480", "End Cash Position": "638.115", "Interest Paid Supplemental Data": "0.599", "Capital Expenditure": "-", "Issuance of Capital Stock": "-", "Issuance of Debt": "-", "Repayment of Debt": "-", "Free Cash Flow": "-6,464"}}}}, {"ESSX": {"quote": {"05/12/2021": {"value": "", "Net Assets": "N/A", "Beta (5Y Monthly)": "N/A", "Yield": "N/A", "5y Average Return": "N/A", "Holdings Turnover": "N/A", "Last Dividend": "N/A", "Average for Category": "N/A", "Inception Date": "N/A"}}, "fin": {}, "bs": {}, "cf": {}}}, {"NEFF": {"quote": {"05/12/2021": {"value": "", "Net Assets": "N/A", "Beta (5Y Monthly)": "N/A", "Yield": "N/A", "5y Average Return": "N/A", "Holdings Turnover": "N/A", "Last Dividend": "N/A", "Average for Category": "N/A", "Inception Date": "N/A"}}, "fin": {}, "bs": {}, "cf": {}}}, {"GFN": {"quote": {"05/12/2021": {"value": "18.96", "Market Cap": "573.369M", "Beta (5Y Monthly)": "1.50", "PE Ratio (TTM)": "27.52", "EPS (TTM)": "0.69", "Earnings Date": "Feb 08, 2021", "Forward Dividend & Yield": "N/A (N/A)", "Ex-Dividend Date": "N/A", "1y Target Est": "19.00"}}, "fin": {"TTM": {"Duration": "TTM", "Total Revenue": "345,947", "Cost of Revenue": "174,977", "Gross Profit": "170,970", "Operating Expense": "115,345", "Operating Income": "55,625", "Net Non Operating Interest Income Expense": "-23,916", "Other Income Expense": "-22,670", "Pretax Income": "9,039", "Tax Provision": "4,138", "Net Income Common Stockholders": "1,233", "Diluted NI Available to Com Stockholders": "1,233", "Basic EPS": "-", "Diluted EPS": "-", "Basic Average Shares": "-", "Diluted Average Shares": "-", "Total Operating Income as Reported": "41,465", "Total Expenses": "290,322", "Net Income from Continuing & Discontinued Operation": "4,901", "Normalized Income": "21,450", "Interest Income": "599", "Interest Expense": "24,515", "Net Interest Income": "-23,916", "EBIT": "33,554", "EBITDA": "69,546", "Reconciled Cost of Revenue": "174,579", "Reconciled Depreciation": "35,992", "Net Income from Continuing Operation Net Minority Interest": "4,901", "Total Unusual Items Excluding Goodwill": "-22,670", "Total Unusual Items": "-22,670", "Normalized EBITDA": "92,216", "Tax Rate for Calcs": "0", "Tax Effect of Unusual Items": "-6,121"}, "6/30/2020": {"Duration": "6/30/2020", "Total Revenue": "356,479", "Cost of Revenue": "180,369", "Gross Profit": "176,110", "Operating Expense": "116,496", "Operating Income": "59,614", "Net Non Operating Interest Income Expense": "-25,723", "Other Income Expense": "-19,242", "Pretax Income": "14,649", "Tax Provision": "6,695", "Net Income Common Stockholders": "4,286", "Diluted NI Available to Com Stockholders": "4,286", "Basic EPS": "0.14", "Diluted EPS": "0.14", "Basic Average Shares": "30,252", "Diluted Average Shares": "31,254", "Total Operating Income as Reported": "45,454", "Total Expenses": "296,865", "Net Income from Continuing & Discontinued Operation": "7,954", "Normalized Income": "22,001", "Interest Income": "663", "Interest Expense": "26,386", "Net Interest Income": "-25,723", "EBIT": "41,035", "EBITDA": "-", "Reconciled Cost of Revenue": "179,973", "Reconciled Depreciation": "35,550", "Net Income from Continuing Operation Net Minority Interest": "7,954", "Total Unusual Items Excluding Goodwill": "-19,242", "Total Unusual Items": "-19,242", "Normalized EBITDA": "95,827", "Tax Rate for Calcs": "0", "Tax Effect of Unusual Items": "-5,195"}, "6/30/2019": {"Duration": "6/30/2019", "Total Revenue": "378,206", "Cost of Revenue": "192,947", "Gross Profit": "185,259", "Operating Expense": "123,669", "Operating Income": "61,590", "Net Non Operating Interest Income Expense": "-35,153", "Other Income Expense": "-28,083", "Pretax Income": "-1,646", "Tax Provision": "5,820", "Net Income Common Stockholders": "-11,124", "Diluted NI Available to Com Stockholders": "-11,124", "Basic EPS": "-0.38", "Diluted EPS": "-0.38", "Basic Average Shares": "29,319", "Diluted Average Shares": "29,319", "Total Operating Income as Reported": "61,590", "Total Expenses": "316,616", "Net Income from Continuing & Discontinued Operation": "-7,466", "Normalized Income": "13,035", "Interest Income": "191", "Interest Expense": "35,344", "Net Interest Income": "-35,153", "EBIT": "33,698", "EBITDA": "-", "Reconciled Cost of Revenue": "192,543", "Reconciled Depreciation": "42,108", "Net Income from Continuing Operation Net Minority Interest": "-7,466", "Total Unusual Items Excluding Goodwill": "-28,083", "Total Unusual Items": "-28,083", "Normalized EBITDA": "103,889", "Tax Rate for Calcs": "0", "Tax Effect of Unusual Items": "-7,582"}, "6/30/2018": {"Duration": "6/30/2018", "Total Revenue": "347,302", "Cost of Revenue": "186,192", "Gross Profit": "161,110", "Operating Expense": "117,411", "Operating Income": "43,699", "Net Non Operating Interest Income Expense": "-33,879", "Other Income Expense": "-19,606", "Pretax Income": "-9,786", "Tax Provision": "-679", "Net Income Common Stockholders": "-11,964", "Diluted NI Available to Com Stockholders": "-11,964", "Basic EPS": "-0.46", "Diluted EPS": "-0.46", "Basic Average Shares": "26,270", "Diluted Average Shares": "26,270", "Total Operating Income as Reported": "43,699", "Total Expenses": "303,603", "Net Income from Continuing & Discontinued Operation": "-8,306", "Normalized Income": "9,947", "Interest Income": "112", "Interest Expense": "33,991", "Net Interest Income": "-33,879", "EBIT": "24,205", "EBITDA": "-", "Reconciled Cost of Revenue": "185,618", "Reconciled Depreciation": "40,335", "Net Income from Continuing Operation Net Minority Interest": "-8,306", "Total Unusual Items Excluding Goodwill": "-19,606", "Total Unusual Items": "-19,606", "Normalized EBITDA": "84,146", "Tax Rate for Calcs": "0", "Tax Effect of Unusual Items": "-1,353"}}, "bs": {"6/30/2020": {"Duration": "6/30/2020", "Total Assets": "756,022", "Total Liabilities Net Minority Interest": "581,105", "Total Equity Gross Minority Interest": "174,917", "Total Capitalization": "546,214", "Preferred Stock Equity": "40,100", "Common Stock Equity": "134,313", "Capital Lease Obligations": "75,139", "Net Tangible Assets": "58,418", "Working Capital": "22,261", "Invested Capital": "506,114", "Tangible Book Value": "18,318", "Total Debt": "446,940", "Net Debt": "354,323", "Share Issued": "30,881", "Ordinary Shares Number": "29,969", "Preferred Shares Number": "400.1", "Treasury Shares Number": "911.765"}, "6/30/2019": {"Duration": "6/30/2019", "Total Assets": "718,312", "Total Liabilities Net Minority Interest": "541,271", "Total Equity Gross Minority Interest": "177,041", "Total Capitalization": "580,722", "Preferred Stock Equity": "40,100", "Common Stock Equity": "136,437", "Capital Lease Obligations": "6,956", "Net Tangible Assets": "43,405", "Working Capital": "36,059", "Invested Capital": "540,622", "Tangible Book Value": "3,305", "Total Debt": "411,141", "Net Debt": "393,826", "Share Issued": "30,471", "Ordinary Shares Number": "30,471", "Preferred Shares Number": "400.1", "Treasury Shares Number": "-"}, "6/30/2018": {"Duration": "6/30/2018", "Total Assets": "689,687", "Total Liabilities Net Minority Interest": "547,902", "Total Equity Gross Minority Interest": "141,785", "Total Capitalization": "584,082", "Preferred Stock Equity": "40,100", "Common Stock Equity": "101,181", "Capital Lease Obligations": "-", "Net Tangible Assets": "6,188", "Working Capital": "32,987", "Invested Capital": "543,982", "Tangible Book Value": "-33,912", "Total Debt": "442,801", "Net Debt": "421,184", "Share Issued": "27,018", "Ordinary Shares Number": "27,018", "Preferred Shares Number": "400.1", "Treasury Shares Number": "-"}}, "cf": {"TTM": {"Duration": "TTM", "Operating Cash Flow": "68,937", "Investing Cash Flow": "-19,516", "Financing Cash Flow": "-49,483", "End Cash Position": "10,005", "Income Tax Paid Supplemental Data": "-", "Interest Paid Supplemental Data": "-", "Capital Expenditure": "-54,433", "Issuance of Capital Stock": "221", "Issuance of Debt": "69,000", "Repayment of Debt": "-104,608", "Repurchase of Capital Stock": "-", "Free Cash Flow": "14,504"}, "6/30/2020": {"Duration": "6/30/2020", "Operating Cash Flow": "76,574", "Investing Cash Flow": "-30,552", "Financing Cash Flow": "-38,739", "End Cash Position": "17,478", "Income Tax Paid Supplemental Data": "1,401", "Interest Paid Supplemental Data": "24,839", "Capital Expenditure": "-62,605", "Issuance of Capital Stock": "130", "Issuance of Debt": "0", "Repayment of Debt": "-28,690", "Repurchase of Capital Stock": "-5,845", "Free Cash Flow": "13,969"}, "6/30/2019": {"Duration": "6/30/2019", "Operating Cash Flow": "52,087", "Investing Cash Flow": "-64,000", "Financing Cash Flow": "1,581", "End Cash Position": "10,359", "Income Tax Paid Supplemental Data": "1,131", "Interest Paid Supplemental Data": "31,943", "Capital Expenditure": "-78,276", "Issuance of Capital Stock": "858", "Issuance of Debt": "67,997", "Repayment of Debt": "-63,311", "Repurchase of Capital Stock": "-", "Free Cash Flow": "-26,189"}, "6/30/2018": {"Duration": "6/30/2018", "Operating Cash Flow": "58,775", "Investing Cash Flow": "-114,500", "Financing Cash Flow": "70,721", "End Cash Position": "21,617", "Income Tax Paid Supplemental Data": "543", "Interest Paid Supplemental Data": "31,091", "Capital Expenditure": "-53,927", "Issuance of Capital Stock": "1,150", "Issuance of Debt": "170,280", "Repayment of Debt": "-92,033", "Repurchase of Capital Stock": "-", "Free Cash Flow": "4,848"}}}}, {"HEES": {"quote": {"05/12/2021": {"value": "36.84", "Market Cap": "1.331B", "Beta (5Y Monthly)": "2.24", "PE Ratio (TTM)": "162.29", "EPS (TTM)": "0.23", "Earnings Date": "Aug 02, 2021 - Aug 06, 2021", "Forward Dividend & Yield": "1.10 (2.79%)", "Ex-Dividend Date": "Feb 25, 2021", "1y Target Est": "42.00"}}, "fin": {"TTM": {"Duration": "TTM", "Total Revenue": "1,161,643", "Cost of Revenue": "771,504", "Gross Profit": "390,139", "Operating Expense": "283,593", "Operating Income": "106,546", "Net Non Operating Interest Income Expense": "-59,203", "Other Income Expense": "-35,727", "Pretax Income": "11,616", "Tax Provision": "3,164", "Net Income Common Stockholders": "8,452", "Diluted NI Available to Com Stockholders": "8,452", "Basic EPS": "-", "Diluted EPS": "-", "Basic Average Shares": "-", "Diluted Average Shares": "-", "Total Operating Income as Reported": "112,202", "Rent Expense Supplemental": "165,289", "Total Expenses": "1,055,097", "Net Income from Continuing & Discontinued Operation": "8,452", "Normalized Income": "36,810", "Interest Expense": "59,203", "Net Interest Income": "-59,203", "EBIT": "70,819", "EBITDA": "332,989", "Reconciled Cost of Revenue": "771,504", "Reconciled Depreciation": "262,170", "Net Income from Continuing Operation Net Minority Interest": "8,452", "Total Unusual Items Excluding Goodwill": "-38,974", "Total Unusual Items": "-38,974", "Normalized EBITDA": "371,963", "Tax Rate for Calcs": "0", "Tax Effect of Unusual Items": "-10,616"}, "12/31/2020": {"Duration": "12/31/2020", "Total Revenue": "1,169,120", "Cost of Revenue": "766,501", "Gross Profit": "402,619", "Operating Expense": "289,264", "Operating Income": "113,355", "Net Non Operating Interest Income Expense": "-61,790", "Other Income Expense": "-92,951", "Pretax Income": "-41,386", "Tax Provision": "-8,719", "Net Income Common Stockholders": "-32,667", "Diluted NI Available to Com Stockholders": "-32,667", "Basic EPS": "-0.91", "Diluted EPS": "-0.91", "Basic Average Shares": "36,067", "Diluted Average Shares": "36,067", "Total Operating Income as Reported": "61,824", "Rent Expense Supplemental": "165,252", "Total Expenses": "1,055,765", "Net Income from Continuing & Discontinued Operation": "-32,667", "Normalized Income": "43,204", "Interest Expense": "61,790", "Net Interest Income": "-61,790", "EBIT": "20,404", "EBITDA": "-", "Reconciled Cost of Revenue": "766,501", "Reconciled Depreciation": "267,317", "Net Income from Continuing Operation Net Minority Interest": "-32,667", "Total Unusual Items Excluding Goodwill": "-96,161", "Total Unusual Items": "-96,161", "Normalized EBITDA": "383,882", "Tax Rate for Calcs": "0", "Tax Effect of Unusual Items": "-20,290"}, "12/31/2019": {"Duration": "12/31/2019", "Total Revenue": "1,348,365", "Cost of Revenue": "849,195", "Gross Profit": "499,170", "Operating Expense": "311,026", "Operating Income": "188,144", "Net Non Operating Interest Income Expense": "-68,277", "Other Income Expense": "-4,006", "Pretax Income": "115,861", "Tax Provision": "28,650", "Net Income Common Stockholders": "87,211", "Diluted NI Available to Com Stockholders": "87,211", "Basic EPS": "2.43", "Diluted EPS": "2.42", "Basic Average Shares": "35,859", "Diluted Average Shares": "36,033", "Total Operating Income as Reported": "180,161", "Rent Expense Supplemental": "175,692", "Total Expenses": "1,160,221", "Net Income from Continuing & Discontinued Operation": "87,211", "Normalized Income": "93,222", "Interest Expense": "68,277", "Net Interest Income": "-68,277", "EBIT": "184,138", "EBITDA": "-", "Reconciled Cost of Revenue": "849,195", "Reconciled Depreciation": "276,500", "Net Income from Continuing Operation Net Minority Interest": "87,211", "Total Unusual Items Excluding Goodwill": "-7,983", "Total Unusual Items": "-7,983", "Normalized EBITDA": "468,621", "Tax Rate for Calcs": "0", "Tax Effect of Unusual Items": "-1,972"}, "12/31/2018": {"Duration": "12/31/2018", "Total Revenue": "1,238,961", "Cost of Revenue": "800,427", "Gross Profit": "438,534", "Operating Expense": "278,298", "Operating Income": "160,236", "Net Non Operating Interest Income Expense": "-63,707", "Other Income Expense": "8,134", "Pretax Income": "104,663", "Tax Provision": "28,040", "Net Income Common Stockholders": "76,623", "Diluted NI Available to Com Stockholders": "76,623", "Basic EPS": "2.15", "Diluted EPS": "2.13", "Basic Average Shares": "35,677", "Diluted Average Shares": "35,903", "Total Operating Income as Reported": "166,646", "Rent Expense Supplemental": "89,520", "Total Expenses": "1,078,725", "Net Income from Continuing & Discontinued Operation": "76,623", "Normalized Income": "71,931", "Interest Expense": "63,707", "Net Interest Income": "-63,707", "EBIT": "168,370", "EBITDA": "-", "Reconciled Cost of Revenue": "800,427", "Reconciled Depreciation": "236,366", "Net Income from Continuing Operation Net Minority Interest": "76,623", "Total Unusual Items Excluding Goodwill": "6,410", "Total Unusual Items": "6,410", "Normalized EBITDA": "398,326", "Tax Rate for Calcs": "0", "Tax Effect of Unusual Items": "1,718"}}, "bs": {"12/31/2020": {"Duration": "12/31/2020", "Total Assets": "1,980,484", "Total Liabilities Net Minority Interest": "1,742,251", "Total Equity Gross Minority Interest": "238,233", "Total Capitalization": "1,476,893", "Common Stock Equity": "238,233", "Capital Lease Obligations": "166,226", "Net Tangible Assets": "140,421", "Working Capital": "406,252", "Invested Capital": "1,476,893", "Tangible Book Value": "140,421", "Total Debt": "1,404,886", "Net Debt": "927,778", "Share Issued": "40,243", "Ordinary Shares Number": "36,093", "Treasury Shares Number": "4,150"}, "12/31/2019": {"Duration": "12/31/2019", "Total Assets": "1,974,610", "Total Liabilities Net Minority Interest": "1,667,091", "Total Equity Gross Minority Interest": "307,519", "Total Capitalization": "1,253,085", "Common Stock Equity": "307,519", "Capital Lease Obligations": "159,815", "Net Tangible Assets": "143,129", "Working Capital": "-79,393", "Invested Capital": "1,469,964", "Tangible Book Value": "143,129", "Total Debt": "1,322,260", "Net Debt": "1,148,198", "Share Issued": "39,922", "Ordinary Shares Number": "35,848", "Treasury Shares Number": "4,074"}, "12/31/2018": {"Duration": "12/31/2018", "Total Assets": "1,727,181", "Total Liabilities Net Minority Interest": "1,470,378", "Total Equity Gross Minority Interest": "256,803", "Total Capitalization": "1,201,583", "Common Stock Equity": "256,803", "Capital Lease Obligations": "726", "Net Tangible Assets": "122,580", "Working Capital": "-38,420", "Invested Capital": "1,372,344", "Tangible Book Value": "122,580", "Total Debt": "1,116,267", "Net Debt": "1,098,864", "Share Issued": "39,749", "Ordinary Shares Number": "35,734", "Treasury Shares Number": "4,015"}}, "cf": {"TTM": {"Duration": "TTM", "Operating Cash Flow": "298,469", "Investing Cash Flow": "-9,676", "Financing Cash Flow": "21,312", "End Cash Position": "322,545", "Income Tax Paid Supplemental Data": "-", "Interest Paid Supplemental Data": "48,049", "Capital Expenditure": "-168,815", "Issuance of Debt": "2,951,872", "Repayment of Debt": "-2,837,041", "Repurchase of Capital Stock": "-1,370", "Free Cash Flow": "129,654"}, "12/31/2020": {"Duration": "12/31/2020", "Operating Cash Flow": "286,016", "Investing Cash Flow": "21,091", "Financing Cash Flow": "-10,472", "End Cash Position": "310,882", "Income Tax Paid Supplemental Data": "223", "Interest Paid Supplemental Data": "76,547", "Capital Expenditure": "-135,027", "Issuance of Debt": "2,944,055", "Repayment of Debt": "-2,861,179", "Repurchase of Capital Stock": "-1,405", "Free Cash Flow": "150,989"}, "12/31/2019": {"Duration": "12/31/2019", "Operating Cash Flow": "319,218", "Investing Cash Flow": "-325,903", "Financing Cash Flow": "4,255", "End Cash Position": "14,247", "Income Tax Paid Supplemental Data": "996", "Interest Paid Supplemental Data": "66,608", "Capital Expenditure": "-352,765", "Issuance of Debt": "1,457,744", "Repayment of Debt": "-1,411,858", "Repurchase of Capital Stock": "-1,684", "Free Cash Flow": "-33,547"}, "12/31/2018": {"Duration": "12/31/2018", "Operating Cash Flow": "247,211", "Investing Cash Flow": "-526,240", "Financing Cash Flow": "129,828", "End Cash Position": "16,677", "Income Tax Paid Supplemental Data": "2,366", "Interest Paid Supplemental Data": "62,424", "Capital Expenditure": "-451,560", "Issuance of Debt": "1,436,849", "Repayment of Debt": "-1,266,300", "Repurchase of Capital Stock": "-1,350", "Free Cash Flow": "-204,349"}}}}, {"FLY": {"quote": {"05/12/2021": {"value": "16.91", "Market Cap": "515.435M", "Beta (5Y Monthly)": "1.54", "PE Ratio (TTM)": "N/A", "EPS (TTM)": "-2.21", "Earnings Date": "May 13, 2021", "Forward Dividend & Yield": "N/A (N/A)", "Ex-Dividend Date": "Oct 28, 2015", "1y Target Est": "17.02"}}, "fin": {"TTM": {"Duration": "TTM", "Total Revenue": "294,300", "Cost of Revenue": "136,183", "Gross Profit": "158,117", "Operating Expense": "34,902", "Operating Income": "123,215", "Net Non Operating Interest Income Expense": "-99,240", "Other Income Expense": "-95,532", "Pretax Income": "-71,557", "Tax Provision": "-4,132", "Net Income Common Stockholders": "-67,425", "Diluted NI Available to Com Stockholders": "-67,425", "Basic EPS": "-", "Diluted EPS": "-", "Basic Average Shares": "-", "Diluted Average Shares": "-", "Total Expenses": "171,085", "Net Income from Continuing & Discontinued Operation": "-67,425", "Normalized Income": "22,566", "Interest Income": "4,052", "Interest Expense": "103,292", "Net Interest Income": "-99,240", "EBIT": "31,735", "EBITDA": "161,296", "Reconciled Cost of Revenue": "136,183", "Reconciled Depreciation": "129,561", "Net Income from Continuing Operation Net Minority Interest": "-67,425", "Total Unusual Items Excluding Goodwill": "-95,532", "Total Unusual Items": "-95,532", "Normalized EBITDA": "256,828", "Tax Rate for Calcs": "0", "Tax Effect of Unusual Items": "-5,541"}, "12/31/2020": {"Duration": "12/31/2020", "Total Revenue": "294,300", "Cost of Revenue": "136,183", "Gross Profit": "158,117", "Operating Expense": "34,902", "Operating Income": "123,215", "Net Non Operating Interest Income Expense": "-99,240", "Other Income Expense": "-95,532", "Pretax Income": "-71,557", "Tax Provision": "-4,132", "Net Income Common Stockholders": "-67,425", "Diluted NI Available to Com Stockholders": "-67,425", "Basic EPS": "-", "Diluted EPS": "-", "Basic Average Shares": "-", "Diluted Average Shares": "-", "Total Expenses": "171,085", "Net Income from Continuing & Discontinued Operation": "-67,425", "Normalized Income": "22,566", "Interest Income": "4,052", "Interest Expense": "103,292", "Net Interest Income": "-99,240", "EBIT": "31,735", "EBITDA": "-", "Reconciled Cost of Revenue": "136,183", "Reconciled Depreciation": "129,561", "Net Income from Continuing Operation Net Minority Interest": "-67,425", "Total Unusual Items Excluding Goodwill": "-95,532", "Total Unusual Items": "-95,532", "Normalized EBITDA": "256,828", "Tax Rate for Calcs": "0", "Tax Effect of Unusual Items": "-5,541"}, "12/31/2019": {"Duration": "12/31/2019", "Total Revenue": "465,017", "Cost of Revenue": "143,873", "Gross Profit": "321,144", "Operating Expense": "35,304", "Operating Income": "285,840", "Net Non Operating Interest Income Expense": "-127,166", "Other Income Expense": "87,730", "Pretax Income": "246,404", "Tax Provision": "20,527", "Net Income Common Stockholders": "225,877", "Diluted NI Available to Com Stockholders": "225,877", "Basic EPS": "7.15", "Diluted EPS": "7.12", "Basic Average Shares": "31,608", "Diluted Average Shares": "31,715", "Total Expenses": "179,177", "Net Income from Continuing & Discontinued Operation": "225,877", "Normalized Income": "147,920", "Interest Income": "9,967", "Interest Expense": "137,133", "Net Interest Income": "-127,166", "EBIT": "383,537", "EBITDA": "-", "Reconciled Cost of Revenue": "143,873", "Reconciled Depreciation": "140,798", "Net Income from Continuing Operation Net Minority Interest": "225,877", "Total Unusual Items Excluding Goodwill": "85,013", "Total Unusual Items": "85,013", "Normalized EBITDA": "439,322", "Tax Rate for Calcs": "0", "Tax Effect of Unusual Items": "7,056"}, "12/31/2018": {"Duration": "12/31/2018", "Total Revenue": "400,189", "Cost of Revenue": "146,631", "Gross Profit": "253,558", "Operating Expense": "31,185", "Operating Income": "222,373", "Net Non Operating Interest Income Expense": "-139,976", "Other Income Expense": "13,252", "Pretax Income": "95,649", "Tax Provision": "9,926", "Net Income Common Stockholders": "85,723", "Diluted NI Available to Com Stockholders": "85,723", "Basic EPS": "2.88", "Diluted EPS": "2.88", "Basic Average Shares": "29,744", "Diluted Average Shares": "29,784", "Total Expenses": "177,816", "Net Income from Continuing & Discontinued Operation": "85,723", "Normalized Income": "73,801", "Interest Income": "4,766", "Interest Expense": "144,742", "Net Interest Income": "-139,976", "EBIT": "240,391", "EBITDA": "-", "Reconciled Cost of Revenue": "146,631", "Reconciled Depreciation": "144,084", "Net Income from Continuing Operation Net Minority Interest": "85,723", "Total Unusual Items Excluding Goodwill": "13,306", "Total Unusual Items": "13,306", "Normalized EBITDA": "371,169", "Tax Rate for Calcs": "0", "Tax Effect of Unusual Items": "1,384"}}, "bs": {"12/31/2020": {"Duration": "12/31/2020", "Total Assets": "3,167,585", "Total Liabilities Net Minority Interest": "2,378,589", "Total Equity Gross Minority Interest": "788,996", "Total Capitalization": "2,728,114", "Common Stock Equity": "788,996", "Capital Lease Obligations": "31,497", "Net Tangible Assets": "509,872", "Working Capital": "181,090", "Invested Capital": "2,728,114", "Tangible Book Value": "509,872", "Total Debt": "1,970,615", "Net Debt": "1,807,021", "Share Issued": "30,481", "Ordinary Shares Number": "30,481"}, "12/31/2019": {"Duration": "12/31/2019", "Total Assets": "3,665,159", "Total Liabilities Net Minority Interest": "2,786,882", "Total Equity Gross Minority Interest": "878,277", "Total Capitalization": "3,193,209", "Common Stock Equity": "878,277", "Capital Lease Obligations": "40,599", "Net Tangible Assets": "587,319", "Working Capital": "450,802", "Invested Capital": "3,193,209", "Tangible Book Value": "587,319", "Total Debt": "2,355,531", "Net Debt": "2,029,367", "Share Issued": "30,898", "Ordinary Shares Number": "30,898"}, "12/31/2018": {"Duration": "12/31/2018", "Total Assets": "4,226,472", "Total Liabilities Net Minority Interest": "3,524,362", "Total Equity Gross Minority Interest": "702,110", "Total Capitalization": "3,699,643", "Common Stock Equity": "702,110", "Capital Lease Obligations": "39,559", "Net Tangible Assets": "403,903", "Working Capital": "504,822", "Invested Capital": "3,699,643", "Tangible Book Value": "403,903", "Total Debt": "3,037,092", "Net Debt": "2,817,322", "Share Issued": "32,650", "Ordinary Shares Number": "32,650"}}, "cf": {"TTM": {"Duration": "TTM", "Operating Cash Flow": "110,170", "Investing Cash Flow": "93,795", "Financing Cash Flow": "-380,887", "End Cash Position": "161,529", "Income Tax Paid Supplemental Data": "746", "Interest Paid Supplemental Data": "101,100", "Capital Expenditure": "-92,302", "Issuance of Capital Stock": "0", "Issuance of Debt": "171,900", "Repayment of Debt": "-554,786", "Repurchase of Capital Stock": "-6,516", "Free Cash Flow": "17,868"}, "12/31/2020": {"Duration": "12/31/2020", "Operating Cash Flow": "110,170", "Investing Cash Flow": "93,795", "Financing Cash Flow": "-380,887", "End Cash Position": "161,529", "Income Tax Paid Supplemental Data": "746", "Interest Paid Supplemental Data": "101,100", "Capital Expenditure": "-92,302", "Issuance of Capital Stock": "0", "Issuance of Debt": "171,900", "Repayment of Debt": "-554,786", "Repurchase of Capital Stock": "-6,516", "Free Cash Flow": "17,868"}, "12/31/2019": {"Duration": "12/31/2019", "Operating Cash Flow": "272,170", "Investing Cash Flow": "481,386", "Financing Cash Flow": "-696,325", "End Cash Position": "338,303", "Income Tax Paid Supplemental Data": "787", "Interest Paid Supplemental Data": "126,659", "Capital Expenditure": "-328,080", "Issuance of Capital Stock": "0", "Issuance of Debt": "0", "Repayment of Debt": "-698,989", "Repurchase of Capital Stock": "-32,871", "Free Cash Flow": "-55,910"}, "12/31/2018": {"Duration": "12/31/2018", "Operating Cash Flow": "241,080", "Investing Cash Flow": "-853,453", "Financing Cash Flow": "436,733", "End Cash Position": "281,080", "Income Tax Paid Supplemental Data": "4,163", "Interest Paid Supplemental Data": "126,648", "Capital Expenditure": "-941,260", "Issuance of Capital Stock": "19,624", "Issuance of Debt": "826,396", "Repayment of Debt": "-482,703", "Repurchase of Capital Stock": "0", "Free Cash Flow": "-700,180"}}}}, {"WLFC": {"quote": {"05/12/2021": {"value": "43.30", "Market Cap": "269.343M", "Beta (5Y Monthly)": "1.30", "PE Ratio (TTM)": "325.56", "EPS (TTM)": "0.13", "Earnings Date": "Aug 03, 2021 - Aug 09, 2021", "Forward Dividend & Yield": "N/A (N/A)", "Ex-Dividend Date": "N/A", "1y Target Est": "N/A"}}, "fin": {"TTM": {"Duration": "TTM", "Total Revenue": "288,692", "Cost of Revenue": "16,762", "Gross Profit": "271,930", "Operating Expense": "168,984", "Operating Income": "102,946", "Net Non Operating Interest Income Expense": "-63,024", "Other Income Expense": "-22,586", "Pretax Income": "17,336", "Tax Provision": "7,588", "Net Income Common Stockholders": "6,405", "Diluted NI Available to Com Stockholders": "6,405", "Basic EPS": "-", "Diluted EPS": "-", "Basic Average Shares": "-", "Diluted Average Shares": "-", "Total Operating Income as Reported": "14,694", "Total Expenses": "185,746", "Net Income from Continuing & Discontinued Operation": "9,748", "Normalized Income": "28,164", "Interest Expense": "63,024", "Net Interest Income": "-63,024", "EBIT": "80,360", "EBITDA": "174,901", "Reconciled Cost of Revenue": "16,762", "Reconciled Depreciation": "94,541", "Net Income from Continuing Operation Net Minority Interest": "9,748", "Total Unusual Items Excluding Goodwill": "-25,228", "Total Unusual Items": "-25,228", "Normalized EBITDA": "200,129", "Tax Rate for Calcs": "0", "Tax Effect of Unusual Items": "-6,812"}, "12/31/2020": {"Duration": "12/31/2020", "Total Revenue": "288,692", "Cost of Revenue": "16,762", "Gross Profit": "271,930", "Operating Expense": "168,984", "Operating Income": "102,946", "Net Non Operating Interest Income Expense": "-63,024", "Other Income Expense": "-22,586", "Pretax Income": "17,336", "Tax Provision": "7,588", "Net Income Common Stockholders": "6,405", "Diluted NI Available to Com Stockholders": "6,405", "Basic EPS": "-", "Diluted EPS": "-", "Basic Average Shares": "-", "Diluted Average Shares": "-", "Total Operating Income as Reported": "14,694", "Total Expenses": "185,746", "Net Income from Continuing & Discontinued Operation": "9,748", "Normalized Income": "28,164", "Interest Expense": "63,024", "Net Interest Income": "-63,024", "EBIT": "80,360", "EBITDA": "-", "Reconciled Cost of Revenue": "16,762", "Reconciled Depreciation": "94,541", "Net Income from Continuing Operation Net Minority Interest": "9,748", "Total Unusual Items Excluding Goodwill": "-25,228", "Total Unusual Items": "-25,228", "Normalized EBITDA": "200,129", "Tax Rate for Calcs": "0", "Tax Effect of Unusual Items": "-6,812"}, "12/31/2019": {"Duration": "12/31/2019", "Total Revenue": "409,160", "Cost of Revenue": "62,647", "Gross Profit": "346,513", "Operating Expense": "180,881", "Operating Income": "165,632", "Net Non Operating Interest Income Expense": "-66,889", "Other Income Expense": "-9,862", "Pretax Income": "88,881", "Tax Provision": "21,959", "Net Income Common Stockholders": "63,588", "Diluted NI Available to Com Stockholders": "63,588", "Basic EPS": "10.90", "Diluted EPS": "10.50", "Basic Average Shares": "5,836", "Diluted Average Shares": "6,058", "Total Operating Income as Reported": "80,303", "Total Expenses": "243,528", "Net Income from Continuing & Discontinued Operation": "66,922", "Normalized Income": "80,807", "Interest Expense": "66,889", "Net Interest Income": "-66,889", "EBIT": "155,770", "EBITDA": "-", "Reconciled Cost of Revenue": "62,647", "Reconciled Depreciation": "86,236", "Net Income from Continuing Operation Net Minority Interest": "66,922", "Total Unusual Items Excluding Goodwill": "-18,440", "Total Unusual Items": "-18,440", "Normalized EBITDA": "260,446", "Tax Rate for Calcs": "0", "Tax Effect of Unusual Items": "-4,555"}, "12/31/2018": {"Duration": "12/31/2018", "Total Revenue": "348,347", "Cost of Revenue": "61,025", "Gross Profit": "287,322", "Operating Expense": "159,977", "Operating Income": "127,345", "Net Non Operating Interest Income Expense": "-64,220", "Other Income Expense": "-6,851", "Pretax Income": "56,274", "Tax Provision": "13,043", "Net Income Common Stockholders": "39,898", "Diluted NI Available to Com Stockholders": "39,898", "Basic EPS": "6.75", "Diluted EPS": "6.60", "Basic Average Shares": "5,915", "Diluted Average Shares": "6,046", "Total Operating Income as Reported": "52,474", "Total Expenses": "221,002", "Net Income from Continuing & Discontinued Operation": "43,231", "Normalized Income": "51,411", "Interest Expense": "64,220", "Net Interest Income": "-64,220", "EBIT": "120,494", "EBITDA": "-", "Reconciled Cost of Revenue": "61,025", "Reconciled Depreciation": "76,814", "Net Income from Continuing Operation Net Minority Interest": "43,231", "Total Unusual Items Excluding Goodwill": "-10,651", "Total Unusual Items": "-10,651", "Normalized EBITDA": "207,959", "Tax Rate for Calcs": "0", "Tax Effect of Unusual Items": "-2,471"}}, "bs": {"12/31/2020": {"Duration": "12/31/2020", "Total Assets": "2,364,948", "Total Liabilities Net Minority Interest": "2,000,933", "Total Equity Gross Minority Interest": "364,015", "Total Capitalization": "2,057,768", "Preferred Stock Equity": "-", "Common Stock Equity": "364,015", "Net Tangible Assets": "342,672", "Working Capital": "289,572", "Invested Capital": "2,057,768", "Tangible Book Value": "342,672", "Total Debt": "1,693,753", "Net Debt": "1,651,213", "Share Issued": "6,570", "Ordinary Shares Number": "6,570"}, "12/31/2019": {"Duration": "12/31/2019", "Total Assets": "1,940,608", "Total Liabilities Net Minority Interest": "1,590,270", "Total Equity Gross Minority Interest": "350,338", "Total Capitalization": "1,601,344", "Preferred Stock Equity": "49,638", "Common Stock Equity": "350,338", "Net Tangible Assets": "345,893", "Working Capital": "115,982", "Invested Capital": "1,601,344", "Tangible Book Value": "345,893", "Total Debt": "1,251,006", "Net Debt": "1,244,286", "Share Issued": "6,356", "Ordinary Shares Number": "6,356"}, "12/31/2018": {"Duration": "12/31/2018", "Total Assets": "1,934,943", "Total Liabilities Net Minority Interest": "1,648,156", "Total Equity Gross Minority Interest": "286,787", "Total Capitalization": "1,624,136", "Preferred Stock Equity": "49,554", "Common Stock Equity": "286,787", "Net Tangible Assets": "270,645", "Working Capital": "106,483", "Invested Capital": "1,624,136", "Tangible Book Value": "270,645", "Total Debt": "1,337,349", "Net Debt": "1,325,661", "Share Issued": "6,176", "Ordinary Shares Number": "6,176"}}, "cf": {"TTM": {"Duration": "TTM", "Operating Cash Flow": "93,444", "Investing Cash Flow": "-506,670", "Financing Cash Flow": "428,483", "End Cash Position": "78,925", "Income Tax Paid Supplemental Data": "510", "Interest Paid Supplemental Data": "54,339", "Capital Expenditure": "-412,226", "Issuance of Capital Stock": "-", "Issuance of Debt": "973,200", "Repayment of Debt": "-530,783", "Repurchase of Capital Stock": "-2,665", "Free Cash Flow": "-318,782"}, "12/31/2020": {"Duration": "12/31/2020", "Operating Cash Flow": "93,444", "Investing Cash Flow": "-506,670", "Financing Cash Flow": "428,483", "End Cash Position": "78,925", "Income Tax Paid Supplemental Data": "510", "Interest Paid Supplemental Data": "54,339", "Capital Expenditure": "-412,226", "Issuance of Capital Stock": "-", "Issuance of Debt": "973,200", "Repayment of Debt": "-530,783", "Repurchase of Capital Stock": "-2,665", "Free Cash Flow": "-318,782"}, "12/31/2019": {"Duration": "12/31/2019", "Operating Cash Flow": "230,315", "Investing Cash Flow": "-147,444", "Financing Cash Flow": "-101,152", "End Cash Position": "63,668", "Income Tax Paid Supplemental Data": "222", "Interest Paid Supplemental Data": "63,585", "Capital Expenditure": "-295,715", "Issuance of Capital Stock": "-", "Issuance of Debt": "340,120", "Repayment of Debt": "-428,081", "Repurchase of Capital Stock": "-5,042", "Free Cash Flow": "-65,400"}, "12/31/2018": {"Duration": "12/31/2018", "Operating Cash Flow": "188,687", "Investing Cash Flow": "-380,474", "Financing Cash Flow": "226,412", "End Cash Position": "81,949", "Income Tax Paid Supplemental Data": "1,073", "Interest Paid Supplemental Data": "59,122", "Capital Expenditure": "-444,903", "Issuance of Capital Stock": "0", "Issuance of Debt": "759,439", "Repayment of Debt": "-504,753", "Repurchase of Capital Stock": "-17,423", "Free Cash Flow": "-256,216"}}}}, {"TAL": {"quote": {"05/12/2021": {"value": "52.04", "Market Cap": "33.559B", "Beta (5Y Monthly)": "0.07", "PE Ratio (TTM)": "N/A", "EPS (TTM)": "-0.19", "Earnings Date": "Jul 28, 2021 - Aug 02, 2021", "Forward Dividend & Yield": "N/A (N/A)", "Ex-Dividend Date": "May 09, 2017", "1y Target Est": "82.71"}}, "fin": {"TTM": {"Duration": "TTM", "Total Revenue": "4,495,755", "Cost of Revenue": "2,048,561", "Gross Profit": "2,447,194", "Operating Expense": "2,777,883", "Operating Income": "-330,689", "Net Non Operating Interest Income Expense": "97,286", "Other Income Expense": "8,780", "Pretax Income": "-224,623", "Tax Provision": "-69,897", "Earnings from Equity Interest Net of Tax": "11,676", "Net Income Common Stockholders": "-115,990", "Average Dilution Earnings": "-", "Diluted NI Available to Com Stockholders": "-115,990", "Basic EPS": "-", "Diluted EPS": "-", "Basic Average Shares": "-", "Diluted Average Shares": "-", "Total Operating Income as Reported": "438,224", "Total Expenses": "4,826,444", "Net Income from Continuing & Discontinued Operation": "-115,990", "Normalized Income": "-24,998", "Interest Income": "114,232", "Interest Expense": "16,946", "Net Interest Income": "97,286", "EBIT": "-207,677", "EBITDA": "-207,677", "Reconciled Cost of Revenue": "2,048,561", "Reconciled Depreciation": "-", "Net Income from Continuing Operation Net Minority Interest": "-115,990", "Total Unusual Items Excluding Goodwill": "-132,098", "Total Unusual Items": "-132,098", "Normalized EBITDA": "-75,579", "Tax Rate for Calcs": "0", "Tax Effect of Unusual Items": "-41,106"}, "2/28/2021": {"Duration": "2/28/2021", "Total Revenue": "4,495,755", "Cost of Revenue": "2,048,561", "Gross Profit": "2,447,194", "Operating Expense": "2,777,883", "Operating Income": "-330,689", "Net Non Operating Interest Income Expense": "97,286", "Other Income Expense": "8,780", "Pretax Income": "-224,623", "Tax Provision": "-69,897", "Earnings from Equity Interest Net of Tax": "11,676", "Net Income Common Stockholders": "-115,990", "Average Dilution Earnings": "-", "Diluted NI Available to Com Stockholders": "-115,990", "Basic EPS": "-", "Diluted EPS": "-", "Basic Average Shares": "-", "Diluted Average Shares": "-", "Total Operating Income as Reported": "438,224", "Total Expenses": "4,826,444", "Net Income from Continuing & Discontinued Operation": "-115,990", "Normalized Income": "-24,998", "Interest Income": "114,232", "Interest Expense": "16,946", "Net Interest Income": "97,286", "EBIT": "-207,677", "EBITDA": "-", "Reconciled Cost of Revenue": "2,048,561", "Reconciled Depreciation": "-", "Net Income from Continuing Operation Net Minority Interest": "-115,990", "Total Unusual Items Excluding Goodwill": "-132,098", "Total Unusual Items": "-132,098", "Normalized EBITDA": "-75,579", "Tax Rate for Calcs": "0", "Tax Effect of Unusual Items": "-41,106"}, "2/29/2020": {"Duration": "2/29/2020", "Total Revenue": "3,273,308", "Cost of Revenue": "1,468,569", "Gross Profit": "1,804,739", "Operating Expense": "1,638,298", "Operating Income": "166,441", "Net Non Operating Interest Income Expense": "61,171", "Other Income Expense": "-278,265", "Pretax Income": "-50,653", "Tax Provision": "69,328", "Earnings from Equity Interest Net of Tax": "-7,670", "Net Income Common Stockholders": "-110,195", "Average Dilution Earnings": "27", "Diluted NI Available to Com Stockholders": "-110,168", "Basic EPS": "-0.19", "Diluted EPS": "-0.19", "Basic Average Shares": "594,613", "Diluted Average Shares": "594,613", "Total Operating Income as Reported": "137,443", "Total Expenses": "3,106,867", "Net Income from Continuing & Discontinued Operation": "-110,195", "Normalized Income": "27,031", "Interest Income": "72,991", "Interest Expense": "11,820", "Net Interest Income": "61,171", "EBIT": "-38,833", "EBITDA": "-", "Reconciled Cost of Revenue": "1,468,569", "Reconciled Depreciation": "117,992", "Net Income from Continuing Operation Net Minority Interest": "-110,195", "Total Unusual Items Excluding Goodwill": "-182,968", "Total Unusual Items": "-182,968", "Normalized EBITDA": "262,127", "Tax Rate for Calcs": "0", "Tax Effect of Unusual Items": "-45,742"}, "2/28/2019": {"Duration": "2/28/2019", "Total Revenue": "2,562,984", "Cost of Revenue": "1,164,454", "Gross Profit": "1,398,530", "Operating Expense": "1,056,948", "Operating Income": "341,582", "Net Non Operating Interest Income Expense": "41,986", "Other Income Expense": "73,636", "Pretax Income": "457,204", "Tax Provision": "76,504", "Earnings from Equity Interest Net of Tax": "-16,186", "Net Income Common Stockholders": "367,236", "Average Dilution Earnings": "162", "Diluted NI Available to Com Stockholders": "367,398", "Basic EPS": "0.64", "Diluted EPS": "0.61", "Basic Average Shares": "569,912", "Diluted Average Shares": "600,735", "Total Operating Income as Reported": "341,582", "Total Expenses": "2,221,402", "Net Income from Continuing & Discontinued Operation": "367,236", "Normalized Income": "415,607", "Interest Income": "59,614", "Interest Expense": "17,628", "Net Interest Income": "41,986", "EBIT": "474,832", "EBITDA": "-", "Reconciled Cost of Revenue": "1,164,454", "Reconciled Depreciation": "88,835", "Net Income from Continuing Operation Net Minority Interest": "367,236", "Total Unusual Items Excluding Goodwill": "-58,091", "Total Unusual Items": "-58,091", "Normalized EBITDA": "621,758", "Tax Rate for Calcs": "0", "Tax Effect of Unusual Items": "-9,720"}}, "bs": {"2/28/2021": {"Duration": "2/28/2021", "Total Assets": "12,112,309", "Total Liabilities Net Minority Interest": "6,909,528", "Total Equity Gross Minority Interest": "5,202,781", "Total Capitalization": "7,501,829", "Common Stock Equity": "5,201,829", "Capital Lease Obligations": "1,576,235", "Net Tangible Assets": "4,464,673", "Working Capital": "4,782,984", "Invested Capital": "7,771,829", "Tangible Book Value": "4,464,673", "Total Debt": "4,146,235", "Share Issued": "-", "Ordinary Shares Number": "-"}, "2/29/2020": {"Duration": "2/29/2020", "Total Assets": "5,571,246", "Total Liabilities Net Minority Interest": "3,027,049", "Total Equity Gross Minority Interest": "2,544,197", "Total Capitalization": "2,777,686", "Common Stock Equity": "2,515,736", "Capital Lease Obligations": "1,254,879", "Net Tangible Assets": "1,872,985", "Working Capital": "689,223", "Invested Capital": "2,777,686", "Tangible Book Value": "1,872,985", "Total Debt": "1,516,829", "Share Issued": "199,837", "Ordinary Shares Number": "199,837"}, "2/28/2019": {"Duration": "2/28/2019", "Total Assets": "3,735,091", "Total Liabilities Net Minority Interest": "1,204,614", "Total Equity Gross Minority Interest": "2,530,477", "Total Capitalization": "2,483,747", "Common Stock Equity": "2,483,747", "Capital Lease Obligations": "-", "Net Tangible Assets": "1,784,878", "Working Capital": "561,998", "Invested Capital": "2,699,049", "Tangible Book Value": "1,784,878", "Total Debt": "215,302", "Share Issued": "197,057", "Ordinary Shares Number": "197,057"}}, "cf": {"TTM": {"Duration": "TTM", "Operating Cash Flow": "954,732", "Investing Cash Flow": "-2,641,469", "Financing Cash Flow": "4,794,813", "End Cash Position": "5,017,984", "Income Tax Paid Supplemental Data": "-", "Interest Paid Supplemental Data": "-", "Capital Expenditure": "-", "Issuance of Capital Stock": "-", "Issuance of Debt": "-", "Repayment of Debt": "-", "Free Cash Flow": "954,732"}, "2/28/2021": {"Duration": "2/28/2021", "Operating Cash Flow": "954,732", "Investing Cash Flow": "-2,641,469", "Financing Cash Flow": "4,794,813", "End Cash Position": "5,017,984", "Income Tax Paid Supplemental Data": "-", "Interest Paid Supplemental Data": "-", "Capital Expenditure": "-", "Issuance of Capital Stock": "-", "Issuance of Debt": "-", "Repayment of Debt": "-", "Free Cash Flow": "954,732"}, "2/29/2020": {"Duration": "2/29/2020", "Operating Cash Flow": "855,850", "Investing Cash Flow": "-338,815", "Financing Cash Flow": "131,231", "End Cash Position": "1,915,185", "Income Tax Paid Supplemental Data": "122,266", "Interest Paid Supplemental Data": "6,707", "Capital Expenditure": "-188,064", "Issuance of Capital Stock": "0", "Issuance of Debt": "270,000", "Repayment of Debt": "-209,333", "Free Cash Flow": "667,786"}, "2/28/2019": {"Duration": "2/28/2019", "Operating Cash Flow": "194,361", "Investing Cash Flow": "-166,584", "Financing Cash Flow": "475,019", "End Cash Position": "1,263,701", "Income Tax Paid Supplemental Data": "61,811", "Interest Paid Supplemental Data": "12,556", "Capital Expenditure": "-355,009", "Issuance of Capital Stock": "500,000", "Issuance of Debt": "189,932", "Repayment of Debt": "-205,000", "Free Cash Flow": "-160,648"}}}}, {"TGH": {"quote": {"05/12/2021": {"value": "25.36", "Market Cap": "1.27B", "Beta (5Y Monthly)": "N/A", "PE Ratio (TTM)": "9.48", "EPS (TTM)": "2.67", "Earnings Date": "Aug 11, 2021 - Aug 16, 2021", "Forward Dividend & Yield": "N/A (N/A)", "Ex-Dividend Date": "Aug 17, 2016", "1y Target Est": "38.00"}}, "fin": {"TTM": {"Duration": "TTM", "Total Revenue": "638,085", "Cost of Revenue": "140,942", "Gross Profit": "497,143", "Operating Expense": "304,442", "Operating Income": "192,701", "Net Non Operating Interest Income Expense": "-131,449", "Other Income Expense": "12,047", "Pretax Income": "73,299", "Tax Provision": "-374", "Net Income Common Stockholders": "72,822", "Diluted NI Available to Com Stockholders": "72,822", "Basic EPS": "-", "Diluted EPS": "-", "Basic Average Shares": "-", "Diluted Average Shares": "-", "Total Operating Income as Reported": "221,599", "Total Expenses": "445,384", "Net Income from Continuing & Discontinued Operation": "72,822", "Normalized Income": "65,114", "Interest Income": "531", "Interest Expense": "123,230", "Net Interest Income": "-131,449", "EBIT": "196,529", "EBITDA": "460,766", "Reconciled Cost of Revenue": "140,942", "Reconciled Depreciation": "264,237", "Net Income from Continuing Operation Net Minority Interest": "72,822", "Total Unusual Items Excluding Goodwill": "10,559", "Total Unusual Items": "10,559", "Normalized EBITDA": "450,207", "Tax Rate for Calcs": "0", "Tax Effect of Unusual Items": "2,851"}, "12/31/2020": {"Duration": "12/31/2020", "Total Revenue": "638,085", "Cost of Revenue": "140,942", "Gross Profit": "497,143", "Operating Expense": "304,442", "Operating Income": "192,701", "Net Non Operating Interest Income Expense": "-131,449", "Other Income Expense": "12,047", "Pretax Income": "73,299", "Tax Provision": "-374", "Net Income Common Stockholders": "72,822", "Diluted NI Available to Com Stockholders": "72,822", "Basic EPS": "-", "Diluted EPS": "-", "Basic Average Shares": "-", "Diluted Average Shares": "-", "Total Operating Income as Reported": "221,599", "Total Expenses": "445,384", "Net Income from Continuing & Discontinued Operation": "72,822", "Normalized Income": "65,114", "Interest Income": "531", "Interest Expense": "123,230", "Net Interest Income": "-131,449", "EBIT": "196,529", "EBITDA": "-", "Reconciled Cost of Revenue": "140,942", "Reconciled Depreciation": "264,237", "Net Income from Continuing Operation Net Minority Interest": "72,822", "Total Unusual Items Excluding Goodwill": "10,559", "Total Unusual Items": "10,559", "Normalized EBITDA": "450,207", "Tax Rate for Calcs": "0", "Tax Effect of Unusual Items": "2,851"}, "12/31/2019": {"Duration": "12/31/2019", "Total Revenue": "686,084", "Cost of Revenue": "191,025", "Gross Profit": "495,059", "Operating Expense": "308,474", "Operating Income": "186,585", "Net Non Operating Interest Income Expense": "-150,680", "Other Income Expense": "22,599", "Pretax Income": "58,504", "Tax Provision": "1,948", "Net Income Common Stockholders": "56,724", "Diluted NI Available to Com Stockholders": "56,724", "Basic EPS": "0.99", "Diluted EPS": "0.99", "Basic Average Shares": "57,349", "Diluted Average Shares": "57,459", "Total Operating Income as Reported": "222,684", "Total Expenses": "499,499", "Net Income from Continuing & Discontinued Operation": "56,724", "Normalized Income": "34,874", "Interest Income": "2,505", "Interest Expense": "153,185", "Net Interest Income": "-150,680", "EBIT": "211,689", "EBITDA": "-", "Reconciled Cost of Revenue": "191,025", "Reconciled Depreciation": "262,465", "Net Income from Continuing Operation Net Minority Interest": "56,724", "Total Unusual Items Excluding Goodwill": "22,603", "Total Unusual Items": "22,603", "Normalized EBITDA": "451,551", "Tax Rate for Calcs": "0", "Tax Effect of Unusual Items": "752.6799"}, "12/31/2018": {"Duration": "12/31/2018", "Total Revenue": "640,801", "Cost of Revenue": "177,923", "Gross Profit": "462,878", "Operating Expense": "283,743", "Operating Income": "179,135", "Net Non Operating Interest Income Expense": "-137,599", "Other Income Expense": "14,739", "Pretax Income": "56,275", "Tax Provision": "2,025", "Net Income Common Stockholders": "50,378", "Diluted NI Available to Com Stockholders": "50,378", "Basic EPS": "0.88", "Diluted EPS": "0.88", "Basic Average Shares": "57,200", "Diluted Average Shares": "57,487", "Total Operating Income as Reported": "194,426", "Total Expenses": "461,666", "Net Income from Continuing & Discontinued Operation": "50,378", "Normalized Income": "36,170", "Interest Income": "1,709", "Interest Expense": "138,427", "Net Interest Income": "-137,599", "EBIT": "194,702", "EBITDA": "-", "Reconciled Cost of Revenue": "177,923", "Reconciled Depreciation": "239,426", "Net Income from Continuing Operation Net Minority Interest": "50,378", "Total Unusual Items Excluding Goodwill": "14,739", "Total Unusual Items": "14,739", "Normalized EBITDA": "419,389", "Tax Rate for Calcs": "0", "Tax Effect of Unusual Items": "530.604"}}, "bs": {"12/31/2020": {"Duration": "12/31/2020", "Total Assets": "5,741,376", "Total Liabilities Net Minority Interest": "4,454,658", "Total Equity Gross Minority Interest": "1,286,718", "Total Capitalization": "4,966,587", "Common Stock Equity": "1,259,608", "Net Tangible Assets": "1,256,889", "Working Capital": "-300,025", "Invested Capital": "5,374,952", "Tangible Book Value": "1,256,889", "Total Debt": "4,115,344", "Net Debt": "3,984,326", "Share Issued": "58,741", "Ordinary Shares Number": "50,496", "Treasury Shares Number": "8,245"}, "12/31/2019": {"Duration": "12/31/2019", "Total Assets": "5,202,617", "Total Liabilities Net Minority Interest": "3,916,972", "Total Equity Gross Minority Interest": "1,285,645", "Total Capitalization": "4,814,675", "Common Stock Equity": "1,259,379", "Net Tangible Assets": "1,254,088", "Working Capital": "121,488", "Invested Capital": "5,057,108", "Tangible Book Value": "1,254,088", "Total Debt": "3,797,729", "Net Debt": "3,617,177", "Share Issued": "58,327", "Ordinary Shares Number": "56,818", "Treasury Shares Number": "1,509"}, "12/31/2018": {"Duration": "12/31/2018", "Total Assets": "4,744,296", "Total Liabilities Net Minority Interest": "3,508,305", "Total Equity Gross Minority Interest": "1,235,991", "Total Capitalization": "4,424,951", "Common Stock Equity": "1,206,813", "Net Tangible Assets": "1,199,429", "Working Capital": "105,763", "Invested Capital": "4,616,640", "Tangible Book Value": "1,199,429", "Total Debt": "3,409,827", "Net Debt": "3,272,529", "Share Issued": "58,032", "Ordinary Shares Number": "57,402", "Treasury Shares Number": "630"}}, "cf": {"TTM": {"Duration": "TTM", "Operating Cash Flow": "396,255", "Investing Cash Flow": "-689,902", "Financing Cash Flow": "220,730", "End Cash Position": "205,165", "Income Tax Paid Supplemental Data": "34", "Interest Paid Supplemental Data": "126,958", "Capital Expenditure": "-862,408", "Issuance of Capital Stock": "-", "Issuance of Debt": "2,114,260", "Repayment of Debt": "-1,812,695", "Repurchase of Capital Stock": "-68,493", "Free Cash Flow": "-466,153"}, "12/31/2020": {"Duration": "12/31/2020", "Operating Cash Flow": "396,255", "Investing Cash Flow": "-689,902", "Financing Cash Flow": "220,730", "End Cash Position": "205,165", "Income Tax Paid Supplemental Data": "34", "Interest Paid Supplemental Data": "126,958", "Capital Expenditure": "-862,408", "Issuance of Capital Stock": "-", "Issuance of Debt": "2,114,260", "Repayment of Debt": "-1,812,695", "Repurchase of Capital Stock": "-68,493", "Free Cash Flow": "-466,153"}, "12/31/2019": {"Duration": "12/31/2019", "Operating Cash Flow": "428,545", "Investing Cash Flow": "-761,792", "Financing Cash Flow": "386,182", "End Cash Position": "277,905", "Income Tax Paid Supplemental Data": "42", "Interest Paid Supplemental Data": "142,248", "Capital Expenditure": "-748,438", "Issuance of Capital Stock": "-", "Issuance of Debt": "1,456,671", "Repayment of Debt": "-1,049,857", "Repurchase of Capital Stock": "-8,597", "Free Cash Flow": "-319,893"}, "12/31/2018": {"Duration": "12/31/2018", "Operating Cash Flow": "252,272", "Investing Cash Flow": "-672,940", "Financing Cash Flow": "408,154", "End Cash Position": "224,928", "Income Tax Paid Supplemental Data": "1,138", "Interest Paid Supplemental Data": "123,581", "Capital Expenditure": "-854,383", "Issuance of Capital Stock": "130", "Issuance of Debt": "2,029,025", "Repayment of Debt": "-1,608,753", "Repurchase of Capital Stock": "-", "Free Cash Flow": "-602,111"}}}}, {"R": {"quote": {"05/12/2021": {"value": "81.48", "Market Cap": "4.389B", "Beta (5Y Monthly)": "2.00", "PE Ratio (TTM)": "113.64", "EPS (TTM)": "0.72", "Earnings Date": "Jul 28, 2021", "Forward Dividend & Yield": "2.24 (2.65%)", "Ex-Dividend Date": "May 21, 2021", "1y Target Est": "89.33"}}, "fin": {"TTM": {"Duration": "TTM", "Total Revenue": "8,480,407", "Cost of Revenue": "7,096,075", "Gross Profit": "1,384,332", "Operating Expense": "1,072,888", "Operating Income": "311,444", "Net Non Operating Interest Income Expense": "-253,482", "Other Income Expense": "-4,421", "Pretax Income": "53,541", "Tax Provision": "4,824", "Net Income Common Stockholders": "38,188", "Diluted NI Available to Com Stockholders": "38,188", "Basic EPS": "-", "Diluted EPS": "-", "Basic Average Shares": "-", "Diluted Average Shares": "-", "Total Expenses": "8,168,963", "Interest Expense": "253,482", "Net Interest Income": "-253,482", "Net Income from Continuing & Discontinued Operation": "38,188", "Normalized Income": "85,457", "EBIT": "307,023", "EBITDA": "2,360,329", "Reconciled Cost of Revenue": "7,096,075", "Reconciled Depreciation": "2,053,306", "Net Income from Continuing Operation Net Minority Interest": "48,717", "Total Unusual Items Excluding Goodwill": "-40,378", "Total Unusual Items": "-40,378", "Normalized EBITDA": "2,400,707", "Tax Rate for Calcs": "0", "Tax Effect of Unusual Items": "-3,638"}, "12/31/2020": {"Duration": "12/31/2020", "Total Revenue": "8,420,091", "Cost of Revenue": "7,144,603", "Gross Profit": "1,275,488", "Operating Expense": "1,056,160", "Operating Income": "219,328", "Net Non Operating Interest Income Expense": "-261,342", "Other Income Expense": "-88,346", "Pretax Income": "-130,360", "Tax Provision": "-18,364", "Net Income Common Stockholders": "-122,250", "Diluted NI Available to Com Stockholders": "-122,250", "Basic EPS": "-", "Diluted EPS": "-", "Basic Average Shares": "-", "Diluted Average Shares": "-", "Total Expenses": "8,200,763", "Interest Expense": "261,342", "Net Interest Income": "-261,342", "Net Income from Continuing & Discontinued Operation": "-122,250", "Normalized Income": "-17,333", "EBIT": "130,982", "EBITDA": "-", "Reconciled Cost of Revenue": "7,144,603", "Reconciled Depreciation": "2,142,932", "Net Income from Continuing Operation Net Minority Interest": "-111,996", "Total Unusual Items Excluding Goodwill": "-110,201", "Total Unusual Items": "-110,201", "Normalized EBITDA": "2,384,115", "Tax Rate for Calcs": "0", "Tax Effect of Unusual Items": "-15,538"}, "12/31/2019": {"Duration": "12/31/2019", "Total Revenue": "8,925,801", "Cost of Revenue": "7,555,224", "Gross Profit": "1,370,577", "Operating Expense": "1,089,835", "Operating Income": "280,742", "Net Non Operating Interest Income Expense": "-241,381", "Other Income Expense": "-81,632", "Pretax Income": "-42,271", "Tax Provision": "-18,999", "Net Income Common Stockholders": "-24,410", "Diluted NI Available to Com Stockholders": "-24,410", "Basic EPS": "-0.46", "Diluted EPS": "-0.47", "Basic Average Shares": "53,278", "Diluted Average Shares": "53,278", "Total Expenses": "8,645,059", "Interest Expense": "241,381", "Net Interest Income": "-241,381", "Net Income from Continuing & Discontinued Operation": "-24,410", "Normalized Income": "39,656", "EBIT": "199,110", "EBITDA": "-", "Reconciled Cost of Revenue": "7,555,224", "Reconciled Depreciation": "1,980,218", "Net Income from Continuing Operation Net Minority Interest": "-23,272", "Total Unusual Items Excluding Goodwill": "-86,203", "Total Unusual Items": "-86,203", "Normalized EBITDA": "2,265,531", "Tax Rate for Calcs": "0", "Tax Effect of Unusual Items": "-23,275"}, "12/31/2018": {"Duration": "12/31/2018", "Total Revenue": "8,409,215", "Cost of Revenue": "6,827,664", "Gross Profit": "1,581,551", "Operating Expense": "987,671", "Operating Income": "593,880", "Net Non Operating Interest Income Expense": "-178,560", "Other Income Expense": "-41,459", "Pretax Income": "373,861", "Tax Provision": "98,254", "Net Income Common Stockholders": "273,298", "Diluted NI Available to Com Stockholders": "273,298", "Basic EPS": "5.15", "Diluted EPS": "5.15", "Basic Average Shares": "53,116", "Diluted Average Shares": "53,116", "Total Expenses": "7,815,335", "Interest Expense": "178,560", "Net Interest Income": "-178,560", "Net Income from Continuing & Discontinued Operation": "273,298", "Normalized Income": "311,038", "EBIT": "552,421", "EBITDA": "-", "Reconciled Cost of Revenue": "6,827,664", "Reconciled Depreciation": "1,426,117", "Net Income from Continuing Operation Net Minority Interest": "275,607", "Total Unusual Items Excluding Goodwill": "-48,074", "Total Unusual Items": "-48,074", "Normalized EBITDA": "2,026,612", "Tax Rate for Calcs": "0", "Tax Effect of Unusual Items": "-12,643"}}, "bs": {"12/31/2020": {"Duration": "12/31/2020", "Total Assets": "12,931,954", "Total Liabilities Net Minority Interest": "10,676,397", "Total Equity Gross Minority Interest": "2,255,557", "Total Capitalization": "8,349,212", "Common Stock Equity": "2,255,557", "Capital Lease Obligations": "265,214", "Net Tangible Assets": "1,737,096", "Working Capital": "-457,619", "Invested Capital": "8,865,793", "Tangible Book Value": "1,737,096", "Total Debt": "6,875,450", "Net Debt": "6,458,942", "Share Issued": "53,732", "Ordinary Shares Number": "53,732"}, "12/31/2019": {"Duration": "12/31/2019", "Total Assets": "14,475,334", "Total Liabilities Net Minority Interest": "11,999,024", "Total Equity Gross Minority Interest": "2,476,310", "Total Capitalization": "9,246,534", "Common Stock Equity": "2,476,310", "Capital Lease Obligations": "223,646", "Net Tangible Assets": "1,950,380", "Working Capital": "-1,063,302", "Invested Capital": "10,401,098", "Tangible Book Value": "1,950,380", "Total Debt": "8,148,434", "Net Debt": "7,851,204", "Share Issued": "53,278", "Ordinary Shares Number": "53,278"}, "12/31/2018": {"Duration": "12/31/2018", "Total Assets": "13,051,084", "Total Liabilities Net Minority Interest": "10,140,757", "Total Equity Gross Minority Interest": "2,910,327", "Total Capitalization": "8,603,973", "Common Stock Equity": "2,910,327", "Capital Lease Obligations": "-", "Net Tangible Assets": "2,376,046", "Working Capital": "-723,930", "Invested Capital": "9,533,925", "Tangible Book Value": "2,376,046", "Total Debt": "6,623,598", "Net Debt": "6,555,487", "Share Issued": "53,116", "Ordinary Shares Number": "53,116"}}, "cf": {"TTM": {"Duration": "TTM", "Operating Cash Flow": "2,208,428", "Investing Cash Flow": "-493,981", "Financing Cash Flow": "-2,022,895", "Cash Flow from Discontinued Operation": "-254", "End Cash Position": "88,533", "Income Tax Paid Supplemental Data": "14,048", "Interest Paid Supplemental Data": "233,277", "Capital Expenditure": "-1,096,612", "Issuance of Capital Stock": "-", "Issuance of Debt": "1,228,990", "Repayment of Debt": "-2,472,147", "Repurchase of Capital Stock": "-36,739", "Free Cash Flow": "1,111,816"}, "12/31/2020": {"Duration": "12/31/2020", "Operating Cash Flow": "2,181,303", "Investing Cash Flow": "-600,997", "Financing Cash Flow": "-1,507,178", "Cash Flow from Discontinued Operation": "-550", "End Cash Position": "151,294", "Income Tax Paid Supplemental Data": "14,259", "Interest Paid Supplemental Data": "245,804", "Capital Expenditure": "-1,146,521", "Issuance of Capital Stock": "-", "Issuance of Debt": "2,084,343", "Repayment of Debt": "-3,055,380", "Repurchase of Capital Stock": "-29,219", "Free Cash Flow": "1,034,782"}, "12/31/2019": {"Duration": "12/31/2019", "Operating Cash Flow": "2,140,539", "Investing Cash Flow": "-3,217,193", "Financing Cash Flow": "1,084,139", "Cash Flow from Discontinued Operation": "2,260", "End Cash Position": "73,584", "Income Tax Paid Supplemental Data": "-", "Interest Paid Supplemental Data": "-", "Capital Expenditure": "-3,735,174", "Issuance of Capital Stock": "8,216", "Issuance of Debt": "2,636,095", "Repayment of Debt": "-1,392,891", "Repurchase of Capital Stock": "-27,686", "Free Cash Flow": "-1,594,635"}, "12/31/2018": {"Duration": "12/31/2018", "Operating Cash Flow": "1,635,095", "Investing Cash Flow": "-2,746,492", "Financing Cash Flow": "1,093,446", "Cash Flow from Discontinued Operation": "-1,654", "End Cash Position": "68,111", "Income Tax Paid Supplemental Data": "-", "Interest Paid Supplemental Data": "-", "Capital Expenditure": "-3,050,409", "Issuance of Capital Stock": "17,020", "Issuance of Debt": "1,970,620", "Repayment of Debt": "-797,808", "Repurchase of Capital Stock": "-30,810", "Free Cash Flow": "-1,415,314"}}}}, {"URI": {"quote": {"05/12/2021": {"value": "329.29", "Market Cap": "23.833B", "Beta (5Y Monthly)": "2.06", "PE Ratio (TTM)": "25.95", "EPS (TTM)": "12.69", "Earnings Date": "Jul 27, 2021 - Aug 02, 2021", "Forward Dividend & Yield": "N/A (N/A)", "Ex-Dividend Date": "N/A", "1y Target Est": "340.20"}}, "fin": {"TTM": {"Duration": "TTM", "Total Revenue": "8,462,000", "Cost of Revenue": "5,292,000", "Gross Profit": "3,170,000", "Operating Expense": "1,340,000", "Operating Income": "1,830,000", "Net Non Operating Interest Income Expense": "-632,000", "Other Income Expense": "-10,000", "Pretax Income": "1,188,000", "Tax Provision": "268,000", "Net Income Common Stockholders": "920,000", "Diluted NI Available to Com Stockholders": "920,000", "Basic EPS": "-", "Diluted EPS": "-", "Basic Average Shares": "-", "Diluted Average Shares": "-", "Total Operating Income as Reported": "1,814,000", "Total Expenses": "6,632,000", "Net Income from Continuing & Discontinued Operation": "920,000", "Normalized Income": "932,391", "Interest Expense": "632,000", "Net Interest Income": "-632,000", "EBIT": "1,820,000", "EBITDA": "3,748,000", "Reconciled Cost of Revenue": "3,742,000", "Reconciled Depreciation": "1,928,000", "Net Income from Continuing Operation Net Minority Interest": "920,000", "Total Unusual Items Excluding Goodwill": "-16,000", "Total Unusual Items": "-16,000", "Normalized EBITDA": "3,764,000", "Tax Rate for Calcs": "0", "Tax Effect of Unusual Items": "-3,609"}, "12/31/2020": {"Duration": "12/31/2020", "Total Revenue": "8,530,000", "Cost of Revenue": "5,347,000", "Gross Profit": "3,183,000", "Operating Expense": "1,366,000", "Operating Income": "1,817,000", "Net Non Operating Interest Income Expense": "-669,000", "Other Income Expense": "-9,000", "Pretax Income": "1,139,000", "Tax Provision": "249,000", "Net Income Common Stockholders": "890,000", "Diluted NI Available to Com Stockholders": "890,000", "Basic EPS": "12.24", "Diluted EPS": "12.20", "Basic Average Shares": "72,700", "Diluted Average Shares": "72,900", "Total Operating Income as Reported": "1,800,000", "Total Expenses": "6,713,000", "Net Income from Continuing & Discontinued Operation": "890,000", "Normalized Income": "903,277", "Interest Expense": "669,000", "Net Interest Income": "-669,000", "EBIT": "1,808,000", "EBITDA": "-", "Reconciled Cost of Revenue": "3,746,000", "Reconciled Depreciation": "1,988,000", "Net Income from Continuing Operation Net Minority Interest": "890,000", "Total Unusual Items Excluding Goodwill": "-17,000", "Total Unusual Items": "-17,000", "Normalized EBITDA": "3,813,000", "Tax Rate for Calcs": "0", "Tax Effect of Unusual Items": "-3,723"}, "12/31/2019": {"Duration": "12/31/2019", "Total Revenue": "9,351,000", "Cost of Revenue": "5,681,000", "Gross Profit": "3,670,000", "Operating Expense": "1,499,000", "Operating Income": "2,171,000", "Net Non Operating Interest Income Expense": "-648,000", "Other Income Expense": "-9,000", "Pretax Income": "1,514,000", "Tax Provision": "340,000", "Net Income Common Stockholders": "1,174,000", "Diluted NI Available to Com Stockholders": "1,174,000", "Basic EPS": "15.19", "Diluted EPS": "15.11", "Basic Average Shares": "77,300", "Diluted Average Shares": "77,700", "Total Operating Income as Reported": "2,152,000", "Total Expenses": "7,180,000", "Net Income from Continuing & Discontinued Operation": "1,174,000", "Normalized Income": "1,188,725", "Interest Expense": "648,000", "Net Interest Income": "-648,000", "EBIT": "2,162,000", "EBITDA": "-", "Reconciled Cost of Revenue": "4,050,000", "Reconciled Depreciation": "2,038,000", "Net Income from Continuing Operation Net Minority Interest": "1,174,000", "Total Unusual Items Excluding Goodwill": "-19,000", "Total Unusual Items": "-19,000", "Normalized EBITDA": "4,219,000", "Tax Rate for Calcs": "0", "Tax Effect of Unusual Items": "-4,275"}, "12/31/2018": {"Duration": "12/31/2018", "Total Revenue": "8,047,000", "Cost of Revenue": "4,683,000", "Gross Profit": "3,364,000", "Operating Expense": "1,346,000", "Operating Income": "2,018,000", "Net Non Operating Interest Income Expense": "-481,000", "Other Income Expense": "-61,000", "Pretax Income": "1,476,000", "Tax Provision": "380,000", "Net Income Common Stockholders": "1,096,000", "Diluted NI Available to Com Stockholders": "1,096,000", "Basic EPS": "13.25", "Diluted EPS": "13.12", "Basic Average Shares": "82,700", "Diluted Average Shares": "83,500", "Total Operating Income as Reported": "1,951,000", "Total Expenses": "6,029,000", "Net Income from Continuing & Discontinued Operation": "1,096,000", "Normalized Income": "1,145,781", "Interest Expense": "481,000", "Net Interest Income": "-481,000", "EBIT": "1,957,000", "EBITDA": "-", "Reconciled Cost of Revenue": "3,320,000", "Reconciled Depreciation": "1,671,000", "Net Income from Continuing Operation Net Minority Interest": "1,096,000", "Total Unusual Items Excluding Goodwill": "-67,000", "Total Unusual Items": "-67,000", "Normalized EBITDA": "3,695,000", "Tax Rate for Calcs": "0", "Tax Effect of Unusual Items": "-17,219"}}, "bs": {"12/31/2020": {"Duration": "12/31/2020", "Total Assets": "17,868,000", "Total Liabilities Net Minority Interest": "13,323,000", "Total Equity Gross Minority Interest": "4,545,000", "Total Capitalization": "13,523,000", "Common Stock Equity": "4,545,000", "Capital Lease Obligations": "727,000", "Net Tangible Assets": "-1,271,000", "Working Capital": "127,000", "Invested Capital": "14,227,000", "Tangible Book Value": "-1,271,000", "Total Debt": "10,409,000", "Net Debt": "9,480,000", "Share Issued": "114,210", "Ordinary Shares Number": "72,197", "Treasury Shares Number": "42,014"}, "12/31/2019": {"Duration": "12/31/2019", "Total Assets": "18,970,000", "Total Liabilities Net Minority Interest": "15,140,000", "Total Equity Gross Minority Interest": "3,830,000", "Total Capitalization": "14,261,000", "Common Stock Equity": "3,830,000", "Capital Lease Obligations": "711,000", "Net Tangible Assets": "-2,219,000", "Working Capital": "-356,000", "Invested Capital": "15,258,000", "Tangible Book Value": "-2,219,000", "Total Debt": "12,139,000", "Net Debt": "11,376,000", "Share Issued": "113,826", "Ordinary Shares Number": "74,362", "Treasury Shares Number": "39,463"}, "12/31/2018": {"Duration": "12/31/2018", "Total Assets": "18,133,000", "Total Liabilities Net Minority Interest": "14,730,000", "Total Equity Gross Minority Interest": "3,403,000", "Total Capitalization": "14,247,000", "Common Stock Equity": "3,403,000", "Capital Lease Obligations": "-", "Net Tangible Assets": "-2,739,000", "Working Capital": "-355,000", "Invested Capital": "15,150,000", "Tangible Book Value": "-2,739,000", "Total Debt": "11,747,000", "Net Debt": "11,704,000", "Share Issued": "112,907", "Ordinary Shares Number": "79,873", "Treasury Shares Number": "33,034"}}, "cf": {"TTM": {"Duration": "TTM", "Operating Cash Flow": "2,772,000", "Investing Cash Flow": "-218,000", "Financing Cash Flow": "-2,800,000", "End Cash Position": "267,000", "Income Tax Paid Supplemental Data": "321,000", "Interest Paid Supplemental Data": "476,000", "Capital Expenditure": "-1,211,000", "Issuance of Debt": "7,834,000", "Repayment of Debt": "-10,580,000", "Repurchase of Capital Stock": "-40,000", "Free Cash Flow": "1,561,000"}, "12/31/2020": {"Duration": "12/31/2020", "Operating Cash Flow": "2,658,000", "Investing Cash Flow": "-223,000", "Financing Cash Flow": "-2,293,000", "End Cash Position": "202,000", "Income Tax Paid Supplemental Data": "318,000", "Interest Paid Supplemental Data": "483,000", "Capital Expenditure": "-1,158,000", "Issuance of Debt": "9,260,000", "Repayment of Debt": "-11,245,000", "Repurchase of Capital Stock": "-286,000", "Free Cash Flow": "1,500,000"}, "12/31/2019": {"Duration": "12/31/2019", "Operating Cash Flow": "3,024,000", "Investing Cash Flow": "-1,710,000", "Financing Cash Flow": "-1,305,000", "End Cash Position": "52,000", "Income Tax Paid Supplemental Data": "238,000", "Interest Paid Supplemental Data": "581,000", "Capital Expenditure": "-2,350,000", "Issuance of Debt": "9,260,000", "Repayment of Debt": "-9,678,000", "Repurchase of Capital Stock": "-870,000", "Free Cash Flow": "674,000"}, "12/31/2018": {"Duration": "12/31/2018", "Operating Cash Flow": "2,853,000", "Investing Cash Flow": "-4,551,000", "Financing Cash Flow": "1,397,000", "End Cash Position": "43,000", "Income Tax Paid Supplemental Data": "71,000", "Interest Paid Supplemental Data": "455,000", "Capital Expenditure": "-2,291,000", "Issuance of Debt": "12,178,000", "Repayment of Debt": "-9,942,000", "Repurchase of Capital Stock": "-817,000", "Free Cash Flow": "562,000"}}}}, {"RCII": {"quote": {"05/12/2021": {"value": "55.88", "Market Cap": "3.705B", "Beta (5Y Monthly)": "1.54", "PE Ratio (TTM)": "16.21", "EPS (TTM)": "3.45", "Earnings Date": "Aug 03, 2021 - Aug 09, 2021", "Forward Dividend & Yield": "1.24 (2.10%)", "Ex-Dividend Date": "Apr 05, 2021", "1y Target Est": "70.00"}}, "fin": {"TTM": {"Duration": "TTM", "Total Revenue": "2,814,191", "Cost of Revenue": "1,142,039", "Gross Profit": "1,672,152", "Operating Expense": "1,434,816", "Operating Income": "237,336", "Net Non Operating Interest Income Expense": "-14,557", "Other Income Expense": "-", "Pretax Income": "222,779", "Tax Provision": "14,664", "Net Income Common Stockholders": "208,115", "Diluted NI Available to Com Stockholders": "208,115", "Basic EPS": "-", "Diluted EPS": "-", "Basic Average Shares": "-", "Diluted Average Shares": "-", "Total Operating Income as Reported": "237,336", "Total Expenses": "2,576,855", "Net Income from Continuing & Discontinued Operation": "208,115", "Normalized Income": "208,115", "Interest Income": "768", "Interest Expense": "15,325", "Net Interest Income": "-14,557", "EBIT": "238,104", "EBITDA": "928,466", "Reconciled Cost of Revenue": "508,335", "Reconciled Depreciation": "690,362", "Net Income from Continuing Operation Net Minority Interest": "208,115", "Total Unusual Items Excluding Goodwill": "-", "Total Unusual Items": "-", "Normalized EBITDA": "928,466", "Tax Rate for Calcs": "0", "Tax Effect of Unusual Items": "0"}, "12/31/2020": {"Duration": "12/31/2020", "Total Revenue": "2,814,191", "Cost of Revenue": "1,142,039", "Gross Profit": "1,672,152", "Operating Expense": "1,434,816", "Operating Income": "237,336", "Net Non Operating Interest Income Expense": "-14,557", "Other Income Expense": "-", "Pretax Income": "222,779", "Tax Provision": "14,664", "Net Income Common Stockholders": "208,115", "Diluted NI Available to Com Stockholders": "208,115", "Basic EPS": "-", "Diluted EPS": "-", "Basic Average Shares": "-", "Diluted Average Shares": "-", "Total Operating Income as Reported": "237,336", "Total Expenses": "2,576,855", "Net Income from Continuing & Discontinued Operation": "208,115", "Normalized Income": "208,115", "Interest Income": "768", "Interest Expense": "15,325", "Net Interest Income": "-14,557", "EBIT": "238,104", "EBITDA": "-", "Reconciled Cost of Revenue": "508,335", "Reconciled Depreciation": "690,362", "Net Income from Continuing Operation Net Minority Interest": "208,115", "Total Unusual Items Excluding Goodwill": "-", "Total Unusual Items": "-", "Normalized EBITDA": "928,466", "Tax Rate for Calcs": "0", "Tax Effect of Unusual Items": "0"}, "12/31/2019": {"Duration": "12/31/2019", "Total Revenue": "2,669,852", "Cost of Revenue": "1,025,781", "Gross Profit": "1,644,071", "Operating Expense": "1,390,212", "Operating Income": "253,859", "Net Non Operating Interest Income Expense": "-30,076", "Other Income Expense": "-", "Pretax Income": "223,783", "Tax Provision": "50,237", "Net Income Common Stockholders": "173,546", "Diluted NI Available to Com Stockholders": "173,546", "Basic EPS": "3.19", "Diluted EPS": "3.10", "Basic Average Shares": "54,325", "Diluted Average Shares": "55,955", "Total Operating Income as Reported": "253,859", "Total Expenses": "2,415,993", "Net Income from Continuing & Discontinued Operation": "173,546", "Normalized Income": "173,546", "Interest Income": "3,123", "Interest Expense": "31,031", "Net Interest Income": "-30,076", "EBIT": "254,814", "EBITDA": "-", "Reconciled Cost of Revenue": "406,217", "Reconciled Depreciation": "680,668", "Net Income from Continuing Operation Net Minority Interest": "173,546", "Total Unusual Items Excluding Goodwill": "-", "Total Unusual Items": "-", "Normalized EBITDA": "935,482", "Tax Rate for Calcs": "0", "Tax Effect of Unusual Items": "0"}, "12/31/2018": {"Duration": "12/31/2018", "Total Revenue": "2,660,465", "Cost of Revenue": "972,297", "Gross Profit": "1,688,168", "Operating Expense": "1,632,031", "Operating Income": "56,137", "Net Non Operating Interest Income Expense": "-41,821", "Other Income Expense": "-475", "Pretax Income": "13,841", "Tax Provision": "5,349", "Net Income Common Stockholders": "8,492", "Diluted NI Available to Com Stockholders": "8,492", "Basic EPS": "0.16", "Diluted EPS": "0.16", "Basic Average Shares": "53,471", "Diluted Average Shares": "54,542", "Total Operating Income as Reported": "56,137", "Total Expenses": "2,604,328", "Net Income from Continuing & Discontinued Operation": "8,492", "Normalized Income": "8,784", "Interest Income": "1,147", "Interest Expense": "42,968", "Net Interest Income": "-41,821", "EBIT": "56,809", "EBITDA": "-", "Reconciled Cost of Revenue": "355,657", "Reconciled Depreciation": "685,586", "Net Income from Continuing Operation Net Minority Interest": "8,492", "Total Unusual Items Excluding Goodwill": "-475", "Total Unusual Items": "-475", "Normalized EBITDA": "742,870", "Tax Rate for Calcs": "0", "Tax Effect of Unusual Items": "-183.35"}}, "bs": {"12/31/2020": {"Duration": "12/31/2020", "Total Assets": "1,750,980", "Total Liabilities Net Minority Interest": "1,158,900", "Total Equity Gross Minority Interest": "592,080", "Total Capitalization": "782,570", "Common Stock Equity": "592,080", "Capital Lease Obligations": "285,354", "Net Tangible Assets": "513,994", "Working Capital": "-133,225", "Invested Capital": "782,570", "Tangible Book Value": "513,994", "Total Debt": "475,844", "Net Debt": "31,041", "Share Issued": "112,181", "Ordinary Shares Number": "54,289", "Treasury Shares Number": "57,892"}, "12/31/2019": {"Duration": "12/31/2019", "Total Assets": "1,582,798", "Total Liabilities Net Minority Interest": "1,123,835", "Total Equity Gross Minority Interest": "458,963", "Total Capitalization": "689,876", "Common Stock Equity": "458,963", "Capital Lease Obligations": "285,041", "Net Tangible Assets": "379,984", "Working Capital": "-183,555", "Invested Capital": "689,876", "Tangible Book Value": "379,984", "Total Debt": "515,954", "Net Debt": "160,419", "Share Issued": "111,166", "Ordinary Shares Number": "54,738", "Treasury Shares Number": "56,428"}, "12/31/2018": {"Duration": "12/31/2018", "Total Assets": "1,396,917", "Total Liabilities Net Minority Interest": "1,110,400", "Total Equity Gross Minority Interest": "286,517", "Total Capitalization": "826,559", "Common Stock Equity": "286,517", "Capital Lease Obligations": "-", "Net Tangible Assets": "229,173", "Working Capital": "-101,100", "Invested Capital": "826,559", "Tangible Book Value": "229,173", "Total Debt": "540,042", "Net Debt": "384,651", "Share Issued": "109,910", "Ordinary Shares Number": "53,540", "Treasury Shares Number": "56,370"}}, "cf": {"TTM": {"Duration": "TTM", "Operating Cash Flow": "236,502", "Investing Cash Flow": "-20,610", "Financing Cash Flow": "-126,681", "End Cash Position": "159,449", "Income Tax Paid Supplemental Data": "51,569", "Interest Paid Supplemental Data": "14,222", "Capital Expenditure": "-34,545", "Issuance of Debt": "198,000", "Repayment of Debt": "-240,000", "Repurchase of Capital Stock": "-31,842", "Free Cash Flow": "201,957"}, "12/31/2020": {"Duration": "12/31/2020", "Operating Cash Flow": "236,502", "Investing Cash Flow": "-20,610", "Financing Cash Flow": "-126,681", "End Cash Position": "159,449", "Income Tax Paid Supplemental Data": "51,569", "Interest Paid Supplemental Data": "14,222", "Capital Expenditure": "-34,545", "Issuance of Debt": "198,000", "Repayment of Debt": "-240,000", "Repurchase of Capital Stock": "-31,842", "Free Cash Flow": "201,957"}, "12/31/2019": {"Duration": "12/31/2019", "Operating Cash Flow": "215,416", "Investing Cash Flow": "20,758", "Financing Cash Flow": "-321,627", "End Cash Position": "70,494", "Income Tax Paid Supplemental Data": "24,332", "Interest Paid Supplemental Data": "32,114", "Capital Expenditure": "-21,157", "Issuance of Debt": "305,400", "Repayment of Debt": "-608,640", "Repurchase of Capital Stock": "-3,025", "Free Cash Flow": "194,259"}, "12/31/2018": {"Duration": "12/31/2018", "Operating Cash Flow": "227,505", "Investing Cash Flow": "-4,693", "Financing Cash Flow": "-140,312", "End Cash Position": "155,391", "Income Tax Paid Supplemental Data": "2,227", "Interest Paid Supplemental Data": "37,530", "Capital Expenditure": "-27,962", "Issuance of Debt": "27,060", "Repayment of Debt": "-166,358", "Repurchase of Capital Stock": "-317", "Free Cash Flow": "199,543"}}}}, {"MGRC": {"quote": {"05/12/2021": {"value": "81.05", "Market Cap": "1.964B", "Beta (5Y Monthly)": "0.99", "PE Ratio (TTM)": "19.95", "EPS (TTM)": "4.06", "Earnings Date": "Jul 27, 2021 - Aug 02, 2021", "Forward Dividend & Yield": "1.74 (2.11%)", "Ex-Dividend Date": "Apr 14, 2021", "1y Target Est": "95.00"}}, "fin": {"TTM": {"Duration": "TTM", "Total Revenue": "564,296", "Cost of Revenue": "305,125", "Gross Profit": "259,171", "Operating Expense": "124,176", "Operating Income": "134,995", "Net Non Operating Interest Income Expense": "-7,918", "Other Income Expense": "459", "Pretax Income": "127,536", "Tax Provision": "28,313", "Net Income Common Stockholders": "99,223", "Diluted NI Available to Com Stockholders": "99,223", "Basic EPS": "-", "Diluted EPS": "-", "Basic Average Shares": "-", "Diluted Average Shares": "-", "Total Operating Income as Reported": "134,995", "Total Expenses": "429,301", "Net Income from Continuing & Discontinued Operation": "99,223", "Normalized Income": "98,866", "Interest Expense": "7,918", "Net Interest Income": "-7,918", "EBIT": "135,454", "EBITDA": "229,695", "Reconciled Cost of Revenue": "305,125", "Reconciled Depreciation": "94,241", "Net Income from Continuing Operation Net Minority Interest": "99,223", "Total Unusual Items Excluding Goodwill": "459", "Total Unusual Items": "459", "Normalized EBITDA": "229,236", "Tax Rate for Calcs": "0", "Tax Effect of Unusual Items": "101.898"}, "12/31/2020": {"Duration": "12/31/2020", "Total Revenue": "572,554", "Cost of Revenue": "308,808", "Gross Profit": "263,746", "Operating Expense": "122,993", "Operating Income": "140,753", "Net Non Operating Interest Income Expense": "-8,787", "Other Income Expense": "78", "Pretax Income": "132,044", "Tax Provision": "30,060", "Net Income Common Stockholders": "101,984", "Diluted NI Available to Com Stockholders": "101,984", "Basic EPS": "4.22", "Diluted EPS": "4.16", "Basic Average Shares": "24,157", "Diluted Average Shares": "24,531", "Total Operating Income as Reported": "140,753", "Total Expenses": "431,801", "Net Income from Continuing & Discontinued Operation": "101,984", "Normalized Income": "101,924", "Interest Expense": "8,787", "Net Interest Income": "-8,787", "EBIT": "140,831", "EBITDA": "-", "Reconciled Cost of Revenue": "308,808", "Reconciled Depreciation": "94,643", "Net Income from Continuing Operation Net Minority Interest": "101,984", "Total Unusual Items Excluding Goodwill": "78", "Total Unusual Items": "78", "Normalized EBITDA": "235,396", "Tax Rate for Calcs": "0", "Tax Effect of Unusual Items": "17.784"}, "12/31/2019": {"Duration": "12/31/2019", "Total Revenue": "570,230", "Cost of Revenue": "304,065", "Gross Profit": "266,165", "Operating Expense": "124,793", "Operating Income": "141,372", "Net Non Operating Interest Income Expense": "-12,331", "Other Income Expense": "84", "Pretax Income": "129,125", "Tax Provision": "32,319", "Net Income Common Stockholders": "96,806", "Diluted NI Available to Com Stockholders": "96,806", "Basic EPS": "3.99", "Diluted EPS": "3.93", "Basic Average Shares": "24,250", "Diluted Average Shares": "24,623", "Total Operating Income as Reported": "141,372", "Total Expenses": "428,858", "Net Income from Continuing & Discontinued Operation": "96,806", "Normalized Income": "96,743", "Interest Expense": "12,331", "Net Interest Income": "-12,331", "EBIT": "141,456", "EBITDA": "-", "Reconciled Cost of Revenue": "304,065", "Reconciled Depreciation": "89,476", "Net Income from Continuing Operation Net Minority Interest": "96,806", "Total Unusual Items Excluding Goodwill": "84", "Total Unusual Items": "84", "Normalized EBITDA": "230,848", "Tax Rate for Calcs": "0", "Tax Effect of Unusual Items": "21"}, "12/31/2018": {"Duration": "12/31/2018", "Total Revenue": "498,330", "Cost of Revenue": "265,079", "Gross Profit": "233,251", "Operating Expense": "115,770", "Operating Income": "117,481", "Net Non Operating Interest Income Expense": "-12,297", "Other Income Expense": "-489", "Pretax Income": "104,695", "Tax Provision": "25,289", "Net Income Common Stockholders": "79,406", "Diluted NI Available to Com Stockholders": "79,406", "Basic EPS": "3.29", "Diluted EPS": "3.24", "Basic Average Shares": "24,141", "Diluted Average Shares": "24,540", "Total Operating Income as Reported": "117,481", "Total Expenses": "380,849", "Net Income from Continuing & Discontinued Operation": "79,406", "Normalized Income": "79,777", "Interest Expense": "12,297", "Net Interest Income": "-12,297", "EBIT": "116,992", "EBITDA": "-", "Reconciled Cost of Revenue": "265,079", "Reconciled Depreciation": "81,975", "Net Income from Continuing Operation Net Minority Interest": "79,406", "Total Unusual Items Excluding Goodwill": "-489", "Total Unusual Items": "-489", "Normalized EBITDA": "199,456", "Tax Rate for Calcs": "0", "Tax Effect of Unusual Items": "-118.338"}}, "bs": {"12/31/2020": {"Duration": "12/31/2020", "Total Assets": "1,275,744", "Total Liabilities Net Minority Interest": "593,140", "Total Equity Gross Minority Interest": "682,604", "Total Capitalization": "905,358", "Common Stock Equity": "682,604", "Net Tangible Assets": "647,289", "Working Capital": "57,769", "Invested Capital": "905,358", "Tangible Book Value": "647,289", "Total Debt": "222,754", "Net Debt": "221,516", "Share Issued": "24,128", "Ordinary Shares Number": "24,128"}, "12/31/2019": {"Duration": "12/31/2019", "Total Assets": "1,309,875", "Total Liabilities Net Minority Interest": "675,839", "Total Equity Gross Minority Interest": "634,036", "Total Capitalization": "927,467", "Common Stock Equity": "634,036", "Net Tangible Assets": "598,505", "Working Capital": "66,623", "Invested Capital": "927,467", "Tangible Book Value": "598,505", "Total Debt": "293,431", "Net Debt": "291,089", "Share Issued": "24,296", "Ordinary Shares Number": "24,296"}, "12/31/2018": {"Duration": "12/31/2018", "Total Assets": "1,217,316", "Total Liabilities Net Minority Interest": "645,781", "Total Equity Gross Minority Interest": "571,535", "Total Capitalization": "870,099", "Common Stock Equity": "571,535", "Net Tangible Assets": "536,473", "Working Capital": "63,496", "Invested Capital": "870,099", "Tangible Book Value": "536,473", "Total Debt": "298,564", "Net Debt": "297,056", "Share Issued": "24,182", "Ordinary Shares Number": "24,182"}}, "cf": {"TTM": {"Duration": "TTM", "Operating Cash Flow": "172,431", "Investing Cash Flow": "-33,334", "Financing Cash Flow": "-136,906", "End Cash Position": "2,533", "Income Tax Paid Supplemental Data": "34,912", "Interest Paid Supplemental Data": "7,816", "Capital Expenditure": "-80,448", "Issuance of Debt": "-", "Repayment of Debt": "-82,730", "Repurchase of Capital Stock": "-5,765", "Free Cash Flow": "91,983"}, "12/31/2020": {"Duration": "12/31/2020", "Operating Cash Flow": "180,504", "Investing Cash Flow": "-53,001", "Financing Cash Flow": "-128,451", "End Cash Position": "1,238", "Income Tax Paid Supplemental Data": "34,903", "Interest Paid Supplemental Data": "9,050", "Capital Expenditure": "-100,053", "Issuance of Debt": "-", "Repayment of Debt": "-70,689", "Repurchase of Capital Stock": "-13,617", "Free Cash Flow": "80,451"}, "12/31/2019": {"Duration": "12/31/2019", "Operating Cash Flow": "187,994", "Investing Cash Flow": "-143,144", "Financing Cash Flow": "-44,016", "End Cash Position": "2,342", "Income Tax Paid Supplemental Data": "17,528", "Interest Paid Supplemental Data": "12,475", "Capital Expenditure": "-179,783", "Issuance of Debt": "-", "Repayment of Debt": "-5,144", "Repurchase of Capital Stock": "-", "Free Cash Flow": "8,211"}, "12/31/2018": {"Duration": "12/31/2018", "Operating Cash Flow": "142,667", "Investing Cash Flow": "-104,492", "Financing Cash Flow": "-39,066", "End Cash Position": "1,508", "Income Tax Paid Supplemental Data": "18,157", "Interest Paid Supplemental Data": "12,598", "Capital Expenditure": "-138,735", "Issuance of Debt": "-", "Repayment of Debt": "-4,870", "Repurchase of Capital Stock": "-", "Free Cash Flow": "3,932"}}}}, {"AYR": {"fin": {}, "bs": {}, "cf": {}}}, {"HTZ": {"fin": {}, "bs": {}, "cf": {}}}, {"MLES": {"fin": {}, "bs": {}, "cf": {}}}]