[{"SCCO": {"quote": {"05/09/2021": {"value": "76.87", "Market Cap": "59.426B", "Beta (5Y Monthly)": "1.11", "PE Ratio (TTM)": "28.04", "EPS (TTM)": "2.74", "Earnings Date": "Jul 26, 2021 - Jul 30, 2021", "Forward Dividend & Yield": "2.80 (3.64%)", "Ex-Dividend Date": "May 10, 2021", "1y Target Est": "66.94"}}, "fin": {"TTM": {"Duration": "TTM", "Total Revenue": "8,797,700", "Cost of Revenue": "4,701,100", "Gross Profit": "4,096,600", "Operating Expense": "157,600", "Operating Income": "3,939,000", "Net Non Operating Interest Income Expense": "-345,600", "Other Income Expense": "-17,800", "Pretax Income": "3,575,600", "Tax Provision": "1,460,200", "Earnings from Equity Interest Net of Tax": "13,300", "Net Income Common Stockholders": "2,119,400", "Diluted NI Available to Com Stockholders": "2,119,400", "Basic EPS": "-", "Diluted EPS": "-", "Basic Average Shares": "-", "Diluted Average Shares": "-", "Total Operating Income as Reported": "3,939,000", "Total Expenses": "4,858,700", "Interest Income": "13,800", "Interest Expense": "359,400", "Net Interest Income": "-345,600", "Net Income from Continuing & Discontinued Operation": "2,119,400", "Normalized Income": "2,119,400", "EBIT": "3,935,000", "EBITDA": "4,718,300", "Reconciled Cost of Revenue": "4,701,100", "Reconciled Depreciation": "783,300", "Net Income from Continuing Operation Net Minority Interest": "2,119,400", "Total Unusual Items Excluding Goodwill": "-", "Total Unusual Items": "-", "Normalized EBITDA": "4,718,300", "Tax Rate for Calcs": "0", "Tax Effect of Unusual Items": "0"}, "12/31/2020": {"Duration": "12/31/2020", "Total Revenue": "7,984,900", "Cost of Revenue": "4,705,400", "Gross Profit": "3,279,500", "Operating Expense": "158,800", "Operating Income": "3,120,700", "Net Non Operating Interest Income Expense": "-347,400", "Other Income Expense": "-27,500", "Pretax Income": "2,745,800", "Tax Provision": "1,174,400", "Earnings from Equity Interest Net of Tax": "6,400", "Net Income Common Stockholders": "1,570,400", "Diluted NI Available to Com Stockholders": "1,570,400", "Basic EPS": "2.03", "Diluted EPS": "2.03", "Basic Average Shares": "773,100", "Diluted Average Shares": "773,100", "Total Operating Income as Reported": "3,120,700", "Total Expenses": "4,864,200", "Interest Income": "19,200", "Interest Expense": "366,600", "Net Interest Income": "-347,400", "Net Income from Continuing & Discontinued Operation": "1,570,400", "Normalized Income": "1,570,400", "EBIT": "3,112,400", "EBITDA": "-", "Reconciled Cost of Revenue": "4,705,400", "Reconciled Depreciation": "775,600", "Net Income from Continuing Operation Net Minority Interest": "1,570,400", "Normalized EBITDA": "3,888,000", "Tax Rate for Calcs": "0", "Tax Effect of Unusual Items": "0"}, "12/31/2019": {"Duration": "12/31/2019", "Total Revenue": "7,285,600", "Cost of Revenue": "4,370,800", "Gross Profit": "2,914,800", "Operating Expense": "161,800", "Operating Income": "2,753,000", "Net Non Operating Interest Income Expense": "-319,500", "Other Income Expense": "-7,000", "Pretax Income": "2,426,500", "Tax Provision": "945,300", "Earnings from Equity Interest Net of Tax": "10,700", "Net Income Common Stockholders": "1,485,800", "Diluted NI Available to Com Stockholders": "1,485,800", "Basic EPS": "1.92", "Diluted EPS": "1.92", "Basic Average Shares": "773,100", "Diluted Average Shares": "773,100", "Total Operating Income as Reported": "2,753,000", "Total Expenses": "4,532,600", "Interest Income": "21,200", "Interest Expense": "340,700", "Net Interest Income": "-319,500", "Net Income from Continuing & Discontinued Operation": "1,485,800", "Normalized Income": "1,485,800", "EBIT": "2,767,200", "EBITDA": "-", "Reconciled Cost of Revenue": "4,370,800", "Reconciled Depreciation": "764,400", "Net Income from Continuing Operation Net Minority Interest": "1,485,800", "Normalized EBITDA": "3,531,600", "Tax Rate for Calcs": "0", "Tax Effect of Unusual Items": "0"}, "12/31/2018": {"Duration": "12/31/2018", "Total Revenue": "7,096,700", "Cost of Revenue": "4,083,300", "Gross Profit": "3,013,400", "Operating Expense": "132,200", "Operating Income": "2,881,200", "Net Non Operating Interest Income Expense": "-261,100", "Other Income Expense": "-30,700", "Pretax Income": "2,589,400", "Tax Provision": "1,053,500", "Earnings from Equity Interest Net of Tax": "12,300", "Net Income Common Stockholders": "1,543,000", "Diluted NI Available to Com Stockholders": "1,543,000", "Basic EPS": "2.00", "Diluted EPS": "2.00", "Basic Average Shares": "773,000", "Diluted Average Shares": "773,000", "Total Operating Income as Reported": "2,881,200", "Total Expenses": "4,215,500", "Interest Income": "16,000", "Interest Expense": "277,100", "Net Interest Income": "-261,100", "Net Income from Continuing & Discontinued Operation": "1,543,000", "Normalized Income": "1,543,000", "EBIT": "2,866,500", "EBITDA": "-", "Reconciled Cost of Revenue": "4,083,300", "Reconciled Depreciation": "674,300", "Net Income from Continuing Operation Net Minority Interest": "1,543,000", "Normalized EBITDA": "3,540,800", "Tax Rate for Calcs": "0", "Tax Effect of Unusual Items": "0"}, "12/30/2020": {"Duration": "12/30/2020", "Total Revenue": "7,984,900", "Cost of Revenue": "4,705,400", "Gross Profit": "3,279,500", "Operating Expense": "158,800", "Operating Income": "3,120,700", "Net Non Operating Interest Income Expense": "-347,400", "Other Income Expense": "-27,500", "Pretax Income": "2,745,800", "Tax Provision": "1,174,400", "Earnings from Equity Interest Net of Tax": "6,400", "Net Income Common Stockholders": "1,570,400", "Diluted NI Available to Com Stockholders": "1,570,400", "Basic EPS": "2.03", "Diluted EPS": "2.03", "Basic Average Shares": "773,100", "Diluted Average Shares": "773,100", "Total Operating Income as Reported": "3,120,700", "Total Expenses": "4,864,200", "Interest Income": "19,200", "Interest Expense": "366,600", "Net Interest Income": "-347,400", "Net Income from Continuing & Discontinued Operation": "1,570,400", "Normalized Income": "1,570,400", "EBIT": "3,112,400", "EBITDA": "-", "Reconciled Cost of Revenue": "4,705,400", "Reconciled Depreciation": "775,600", "Net Income from Continuing Operation Net Minority Interest": "1,570,400", "Total Unusual Items Excluding Goodwill": "-", "Total Unusual Items": "-", "Normalized EBITDA": "3,888,000", "Tax Rate for Calcs": "0", "Tax Effect of Unusual Items": "0"}, "12/30/2019": {"Duration": "12/30/2019", "Total Revenue": "7,285,600", "Cost of Revenue": "4,370,800", "Gross Profit": "2,914,800", "Operating Expense": "161,800", "Operating Income": "2,753,000", "Net Non Operating Interest Income Expense": "-319,500", "Other Income Expense": "-7,000", "Pretax Income": "2,426,500", "Tax Provision": "945,300", "Earnings from Equity Interest Net of Tax": "10,700", "Net Income Common Stockholders": "1,485,800", "Diluted NI Available to Com Stockholders": "1,485,800", "Basic EPS": "1.92", "Diluted EPS": "1.92", "Basic Average Shares": "773,100", "Diluted Average Shares": "773,100", "Total Operating Income as Reported": "2,753,000", "Total Expenses": "4,532,600", "Interest Income": "21,200", "Interest Expense": "340,700", "Net Interest Income": "-319,500", "Net Income from Continuing & Discontinued Operation": "1,485,800", "Normalized Income": "1,485,800", "EBIT": "2,767,200", "EBITDA": "-", "Reconciled Cost of Revenue": "4,370,800", "Reconciled Depreciation": "764,400", "Net Income from Continuing Operation Net Minority Interest": "1,485,800", "Total Unusual Items Excluding Goodwill": "-", "Total Unusual Items": "-", "Normalized EBITDA": "3,531,600", "Tax Rate for Calcs": "0", "Tax Effect of Unusual Items": "0"}, "12/30/2018": {"Duration": "12/30/2018", "Total Revenue": "7,096,700", "Cost of Revenue": "4,083,300", "Gross Profit": "3,013,400", "Operating Expense": "132,200", "Operating Income": "2,881,200", "Net Non Operating Interest Income Expense": "-261,100", "Other Income Expense": "-30,700", "Pretax Income": "2,589,400", "Tax Provision": "1,053,500", "Earnings from Equity Interest Net of Tax": "12,300", "Net Income Common Stockholders": "1,543,000", "Diluted NI Available to Com Stockholders": "1,543,000", "Basic EPS": "2.00", "Diluted EPS": "2.00", "Basic Average Shares": "773,000", "Diluted Average Shares": "773,000", "Total Operating Income as Reported": "2,881,200", "Total Expenses": "4,215,500", "Interest Income": "16,000", "Interest Expense": "277,100", "Net Interest Income": "-261,100", "Net Income from Continuing & Discontinued Operation": "1,543,000", "Normalized Income": "1,543,000", "EBIT": "2,866,500", "EBITDA": "-", "Reconciled Cost of Revenue": "4,083,300", "Reconciled Depreciation": "674,300", "Net Income from Continuing Operation Net Minority Interest": "1,543,000", "Total Unusual Items Excluding Goodwill": "-", "Total Unusual Items": "-", "Normalized EBITDA": "3,540,800", "Tax Rate for Calcs": "0", "Tax Effect of Unusual Items": "0"}, "12/30/2017": {"Duration": "12/30/2017", "Total Revenue": "6,654,500", "Cost of Revenue": "3,923,900", "Gross Profit": "2,730,600", "Operating Expense": "111,700", "Operating Income": "2,618,900", "Net Non Operating Interest Income Expense": "-300,500", "Other Income Expense": "-15,700", "Pretax Income": "2,302,700", "Tax Provision": "1,593,400", "Earnings from Equity Interest Net of Tax": "23,100", "Net Income Common Stockholders": "728,500", "Diluted NI Available to Com Stockholders": "728,500", "Basic EPS": "0.94", "Diluted EPS": "0.94", "Basic Average Shares": "773,000", "Diluted Average Shares": "773,000", "Total Operating Income as Reported": "2,618,900", "Total Expenses": "4,035,600", "Interest Income": "5,500", "Interest Expense": "306,000", "Net Interest Income": "-300,500", "Net Income from Continuing & Discontinued Operation": "728,500", "Normalized Income": "728,500", "EBIT": "2,608,700", "EBITDA": "-", "Reconciled Cost of Revenue": "3,923,900", "Reconciled Depreciation": "671,100", "Net Income from Continuing Operation Net Minority Interest": "728,500", "Total Unusual Items Excluding Goodwill": "-", "Total Unusual Items": "-", "Normalized EBITDA": "3,279,800", "Tax Rate for Calcs": "0", "Tax Effect of Unusual Items": "0"}, "12/30/2016": {"Duration": "12/30/2016", "Total Revenue": "5,379,800", "Cost of Revenue": "3,681,200", "Gross Profit": "1,698,600", "Operating Expense": "134,400", "Operating Income": "1,564,200", "Net Non Operating Interest Income Expense": "-283,600", "Other Income Expense": "-24,600", "Pretax Income": "1,256,000", "Tax Provision": "501,100", "Earnings from Equity Interest Net of Tax": "23,900", "Net Income Common Stockholders": "776,500", "Diluted NI Available to Com Stockholders": "776,500", "Basic EPS": "1.00", "Diluted EPS": "1.00", "Basic Average Shares": "773,600", "Diluted Average Shares": "773,600", "Total Operating Income as Reported": "1,564,200", "Total Expenses": "3,815,600", "Interest Income": "7,100", "Interest Expense": "290,700", "Net Interest Income": "-283,600", "Net Income from Continuing & Discontinued Operation": "776,500", "Normalized Income": "776,500", "EBIT": "1,546,700", "EBITDA": "-", "Reconciled Cost of Revenue": "3,681,200", "Reconciled Depreciation": "647,100", "Net Income from Continuing Operation Net Minority Interest": "776,500", "Total Unusual Items Excluding Goodwill": "-", "Total Unusual Items": "-", "Normalized EBITDA": "2,193,800", "Tax Rate for Calcs": "0", "Tax Effect of Unusual Items": "0"}, "12/30/2015": {"Duration": "12/30/2015", "Total Revenue": "5,045,900", "Cost of Revenue": "3,438,300", "Gross Profit": "1,607,600", "Operating Expense": "193,200", "Operating Income": "1,414,400", "Net Non Operating Interest Income Expense": "-199,900", "Other Income Expense": "-25,300", "Pretax Income": "1,189,200", "Tax Provision": "464,900", "Earnings from Equity Interest Net of Tax": "16,800", "Net Income Common Stockholders": "736,400", "Diluted NI Available to Com Stockholders": "736,400", "Basic EPS": "0.93", "Diluted EPS": "0.93", "Basic Average Shares": "794,700", "Diluted Average Shares": "794,700", "Total Operating Income as Reported": "1,414,400", "Total Expenses": "3,631,500", "Interest Income": "10,900", "Interest Expense": "210,800", "Net Interest Income": "-199,900", "Net Income from Continuing & Discontinued Operation": "736,400", "Normalized Income": "736,400", "EBIT": "1,400,000", "EBITDA": "-", "Reconciled Cost of Revenue": "3,438,300", "Reconciled Depreciation": "510,700", "Net Income from Continuing Operation Net Minority Interest": "736,400", "Total Unusual Items Excluding Goodwill": "-", "Total Unusual Items": "-", "Normalized EBITDA": "1,910,700", "Tax Rate for Calcs": "0", "Tax Effect of Unusual Items": "0"}, "12/30/2014": {"Duration": "12/30/2014", "Total Revenue": "5,787,694", "Cost of Revenue": "3,285,474", "Gross Profit": "2,502,220", "Operating Expense": "269,380", "Operating Income": "2,232,840", "Net Non Operating Interest Income Expense": "-123,293", "Other Income Expense": "-40,841", "Pretax Income": "2,068,706", "Tax Provision": "754,629", "Earnings from Equity Interest Net of Tax": "23,861", "Net Income Common Stockholders": "1,332,973", "Diluted NI Available to Com Stockholders": "1,332,973", "Basic EPS": "1.61", "Diluted EPS": "1.61", "Basic Average Shares": "828,200", "Diluted Average Shares": "828,200", "Total Operating Income as Reported": "2,232,840", "Total Expenses": "3,554,854", "Interest Income": "15,283", "Interest Expense": "138,576", "Net Interest Income": "-123,293", "Net Income from Continuing & Discontinued Operation": "1,332,973", "Normalized Income": "1,332,973", "EBIT": "2,207,282", "EBITDA": "-", "Reconciled Cost of Revenue": "3,285,474", "Reconciled Depreciation": "444,971", "Net Income from Continuing Operation Net Minority Interest": "1,332,973", "Total Unusual Items Excluding Goodwill": "0", "Total Unusual Items": "0", "Normalized EBITDA": "2,652,253", "Tax Rate for Calcs": "0", "Tax Effect of Unusual Items": "0"}, "12/30/2013": {"Duration": "12/30/2013", "Total Revenue": "5,952,943", "Cost of Revenue": "3,267,269", "Gross Profit": "2,685,674", "Operating Expense": "153,562", "Operating Income": "2,532,112", "Net Non Operating Interest Income Expense": "-176,620", "Other Income Expense": "17,106", "Pretax Income": "2,372,598", "Tax Provision": "769,322", "Earnings from Equity Interest Net of Tax": "20,905", "Net Income Common Stockholders": "1,618,517", "Diluted NI Available to Com Stockholders": "1,618,517", "Basic EPS": "1.92", "Diluted EPS": "1.92", "Basic Average Shares": "842,700", "Diluted Average Shares": "842,700", "Total Operating Income as Reported": "2,532,112", "Total Expenses": "3,420,831", "Interest Income": "19,985", "Interest Expense": "196,605", "Net Interest Income": "-176,620", "Net Income from Continuing & Discontinued Operation": "1,618,517", "Normalized Income": "1,618,517", "EBIT": "2,569,203", "EBITDA": "-", "Reconciled Cost of Revenue": "3,267,269", "Reconciled Depreciation": "395,970", "Net Income from Continuing Operation Net Minority Interest": "1,618,517", "Total Unusual Items Excluding Goodwill": "0", "Total Unusual Items": "0", "Normalized EBITDA": "2,965,173", "Tax Rate for Calcs": "0", "Tax Effect of Unusual Items": "0"}, "12/30/2012": {"Duration": "12/30/2012", "Total Revenue": "6,669,266", "Cost of Revenue": "3,094,976", "Gross Profit": "3,574,290", "Operating Expense": "149,174", "Operating Income": "3,425,116", "Net Non Operating Interest Income Expense": "-157,174", "Other Income Expense": "-294,400", "Pretax Income": "2,973,542", "Tax Provision": "1,080,872", "Earnings from Equity Interest Net of Tax": "48,702", "Net Income Common Stockholders": "1,934,632", "Diluted NI Available to Com Stockholders": "1,934,632", "Basic EPS": "2.28", "Diluted EPS": "2.28", "Basic Average Shares": "848,300", "Diluted Average Shares": "848,300", "Total Operating Income as Reported": "3,108,883", "Total Expenses": "3,244,150", "Interest Income": "15,231", "Interest Expense": "172,405", "Net Interest Income": "-157,174", "Net Income from Continuing & Discontinued Operation": "1,934,632", "Normalized Income": "2,117,712", "EBIT": "3,145,947", "EBITDA": "-", "Reconciled Cost of Revenue": "3,094,976", "Reconciled Depreciation": "325,743", "Net Income from Continuing Operation Net Minority Interest": "1,934,632", "Total Unusual Items Excluding Goodwill": "-287,410", "Total Unusual Items": "-287,410", "Normalized EBITDA": "3,759,100", "Tax Rate for Calcs": "0", "Tax Effect of Unusual Items": "-104,330"}, "12/30/2011": {"Duration": "12/30/2011", "Total Revenue": "6,818,721", "Cost of Revenue": "2,763,152", "Gross Profit": "4,055,569", "Operating Expense": "430,146", "Operating Income": "3,625,423", "Net Non Operating Interest Income Expense": "-172,692", "Other Income Expense": "-4,043", "Pretax Income": "3,448,688", "Tax Provision": "1,104,335", "Earnings from Equity Interest Net of Tax": "-", "Net Income Common Stockholders": "2,336,424", "Diluted NI Available to Com Stockholders": "2,336,424", "Basic EPS": "2.73", "Diluted EPS": "2.73", "Basic Average Shares": "854,951", "Diluted Average Shares": "854,951", "Total Operating Income as Reported": "3,625,423", "Total Expenses": "3,193,298", "Interest Income": "13,797", "Interest Expense": "186,489", "Net Interest Income": "-172,692", "Net Income from Continuing & Discontinued Operation": "2,336,424", "Normalized Income": "2,339,172", "EBIT": "3,635,177", "EBITDA": "-", "Reconciled Cost of Revenue": "2,763,152", "Reconciled Depreciation": "288,138", "Net Income from Continuing Operation Net Minority Interest": "2,336,424", "Total Unusual Items Excluding Goodwill": "-4,043", "Total Unusual Items": "-4,043", "Normalized EBITDA": "3,927,358", "Tax Rate for Calcs": "0", "Tax Effect of Unusual Items": "-1,295"}, "12/30/2010": {"Duration": "12/30/2010", "Total Revenue": "5,149,500", "Cost of Revenue": "2,099,438", "Gross Profit": "3,050,062", "Operating Expense": "445,858", "Operating Income": "2,604,204", "Net Non Operating Interest Income Expense": "-152,687", "Other Income Expense": "-20,737", "Pretax Income": "2,430,780", "Tax Provision": "868,071", "Earnings from Equity Interest Net of Tax": "-", "Net Income Common Stockholders": "1,554,051", "Diluted NI Available to Com Stockholders": "1,554,051", "Basic EPS": "1.81", "Diluted EPS": "1.81", "Basic Average Shares": "859,095", "Diluted Average Shares": "859,095", "Total Operating Income as Reported": "2,604,204", "Total Expenses": "2,545,296", "Interest Income": "7,800", "Interest Expense": "160,487", "Net Interest Income": "-152,687", "Net Income from Continuing & Discontinued Operation": "1,554,051", "Normalized Income": "1,567,382", "EBIT": "2,591,267", "EBITDA": "-", "Reconciled Cost of Revenue": "2,099,438", "Reconciled Depreciation": "323,240", "Net Income from Continuing Operation Net Minority Interest": "1,554,051", "Total Unusual Items Excluding Goodwill": "-20,737", "Total Unusual Items": "-20,737", "Normalized EBITDA": "2,935,244", "Tax Rate for Calcs": "0", "Tax Effect of Unusual Items": "-7,406"}, "12/30/2009": {"Duration": "12/30/2009", "Total Revenue": "3,734,280", "Cost of Revenue": "1,848,251", "Gross Profit": "1,886,029", "Operating Expense": "400,881", "Operating Income": "1,485,148", "Net Non Operating Interest Income Expense": "-93,183", "Other Income Expense": "12,469", "Pretax Income": "1,404,434", "Tax Provision": "469,861", "Earnings from Equity Interest Net of Tax": "-", "Net Income Common Stockholders": "929,381", "Diluted NI Available to Com Stockholders": "929,381", "Basic EPS": "1.08", "Diluted EPS": "1.08", "Basic Average Shares": "859,799", "Diluted Average Shares": "859,799", "Total Operating Income as Reported": "1,485,148", "Total Expenses": "2,249,132", "Interest Income": "6,610", "Interest Expense": "99,793", "Net Interest Income": "-93,183", "Net Income from Continuing & Discontinued Operation": "929,381", "Normalized Income": "921,084", "EBIT": "1,504,227", "EBITDA": "-", "Reconciled Cost of Revenue": "1,848,251", "Reconciled Depreciation": "322,590", "Net Income from Continuing Operation Net Minority Interest": "929,381", "Total Unusual Items Excluding Goodwill": "12,469", "Total Unusual Items": "12,469", "Normalized EBITDA": "1,814,348", "Tax Rate for Calcs": "0", "Tax Effect of Unusual Items": "4,172"}, "12/30/2008": {"Duration": "12/30/2008", "Total Revenue": "4,850,820", "Cost of Revenue": "2,219,196", "Gross Profit": "2,631,624", "Operating Expense": "429,734", "Operating Income": "2,201,890", "Net Non Operating Interest Income Expense": "-", "Other Income Expense": "-57,356", "Pretax Income": "2,093,782", "Tax Provision": "679,323", "Earnings from Equity Interest Net of Tax": "-", "Net Income Common Stockholders": "1,406,593", "Diluted NI Available to Com Stockholders": "1,406,593", "Basic EPS": "1.58", "Diluted EPS": "1.58", "Basic Average Shares": "888,115", "Diluted Average Shares": "888,115", "Total Operating Income as Reported": "2,201,890", "Total Expenses": "2,648,930", "Interest Income": "-", "Interest Expense": "-", "Net Interest Income": "-", "Net Income from Continuing & Discontinued Operation": "1,406,593", "Normalized Income": "1,445,340", "EBIT": "2,201,890", "EBITDA": "-", "Reconciled Cost of Revenue": "2,219,196", "Reconciled Depreciation": "327,302", "Net Income from Continuing Operation Net Minority Interest": "1,406,593", "Total Unusual Items Excluding Goodwill": "-57,356", "Total Unusual Items": "-57,356", "Normalized EBITDA": "2,586,548", "Tax Rate for Calcs": "0", "Tax Effect of Unusual Items": "-18,609"}, "12/30/2007": {"Duration": "12/30/2007", "Total Revenue": "6,085,672", "Cost of Revenue": "2,162,375", "Gross Profit": "3,923,297", "Operating Expense": "409,373", "Operating Income": "3,513,924", "Net Non Operating Interest Income Expense": "-", "Other Income Expense": "-76,096", "Pretax Income": "3,411,860", "Tax Provision": "1,185,261", "Earnings from Equity Interest Net of Tax": "-", "Net Income Common Stockholders": "2,216,370", "Diluted NI Available to Com Stockholders": "2,216,370", "Basic EPS": "2.48", "Diluted EPS": "2.48", "Basic Average Shares": "892,850", "Diluted Average Shares": "892,850", "Total Operating Income as Reported": "3,497,352", "Total Expenses": "2,571,748", "Interest Income": "-", "Interest Expense": "-", "Net Interest Income": "-", "Net Income from Continuing & Discontinued Operation": "2,216,370", "Normalized Income": "2,266,031", "EBIT": "3,513,924", "EBITDA": "-", "Reconciled Cost of Revenue": "2,162,375", "Reconciled Depreciation": "327,898", "Net Income from Continuing Operation Net Minority Interest": "2,216,370", "Total Unusual Items Excluding Goodwill": "-76,096", "Total Unusual Items": "-76,096", "Normalized EBITDA": "3,917,918", "Tax Rate for Calcs": "0", "Tax Effect of Unusual Items": "-26,435"}, "12/30/2006": {"Duration": "12/30/2006", "Total Revenue": "5,460,221", "Cost of Revenue": "2,042,544", "Gross Profit": "3,417,677", "Operating Expense": "362,199", "Operating Income": "3,055,478", "Net Non Operating Interest Income Expense": "-", "Other Income Expense": "-14,195", "Pretax Income": "3,006,029", "Tax Provision": "959,087", "Earnings from Equity Interest Net of Tax": "-", "Net Income Common Stockholders": "2,037,640", "Diluted NI Available to Com Stockholders": "2,037,640", "Basic EPS": "2.28", "Diluted EPS": "2.28", "Basic Average Shares": "892,835", "Diluted Average Shares": "892,835", "Total Operating Income as Reported": "3,054,341", "Total Expenses": "2,404,743", "Interest Income": "50,217", "Interest Expense": "85,471", "Net Interest Income": "-35,254", "Net Income from Continuing & Discontinued Operation": "2,037,640", "Normalized Income": "2,047,306", "EBIT": "3,055,478", "EBITDA": "-", "Reconciled Cost of Revenue": "2,042,544", "Reconciled Depreciation": "275,062", "Net Income from Continuing Operation Net Minority Interest": "2,037,640", "Total Unusual Items Excluding Goodwill": "-14,195", "Total Unusual Items": "-14,195", "Normalized EBITDA": "3,344,735", "Tax Rate for Calcs": "0", "Tax Effect of Unusual Items": "-4,529"}, "12/30/2005": {"Duration": "12/30/2005", "Total Revenue": "4,112,629", "Cost of Revenue": "1,659,749", "Gross Profit": "2,452,880", "Operating Expense": "358,380", "Operating Income": "2,094,500", "Net Non Operating Interest Income Expense": "-", "Other Income Expense": "-36,533", "Pretax Income": "2,002,367", "Tax Provision": "589,744", "Earnings from Equity Interest Net of Tax": "-", "Net Income Common Stockholders": "1,400,148", "Diluted NI Available to Com Stockholders": "1,400,148", "Basic EPS": "1.57", "Diluted EPS": "1.57", "Basic Average Shares": "892,820", "Diluted Average Shares": "892,820", "Total Operating Income as Reported": "2,094,500", "Total Expenses": "2,018,129", "Interest Income": "30,765", "Interest Expense": "86,365", "Net Interest Income": "-55,600", "Net Income from Continuing & Discontinued Operation": "1,400,148", "Normalized Income": "1,425,921", "EBIT": "2,094,500", "EBITDA": "-", "Reconciled Cost of Revenue": "1,644,684", "Reconciled Depreciation": "292,313", "Net Income from Continuing Operation Net Minority Interest": "1,400,148", "Total Unusual Items Excluding Goodwill": "-36,533", "Total Unusual Items": "-36,533", "Normalized EBITDA": "2,423,346", "Tax Rate for Calcs": "0", "Tax Effect of Unusual Items": "-10,760"}, "12/30/2004": {"Duration": "12/30/2004", "Total Revenue": "1,715,919", "Cost of Revenue": "681,185", "Gross Profit": "1,034,734", "Operating Expense": "107,635", "Operating Income": "927,099", "Net Non Operating Interest Income Expense": "-", "Other Income Expense": "-5,908", "Pretax Income": "916,737", "Tax Provision": "315,237", "Earnings from Equity Interest Net of Tax": "-", "Net Income Common Stockholders": "596,773", "Diluted NI Available to Com Stockholders": "596,773", "Basic EPS": "1.23", "Diluted EPS": "1.23", "Basic Average Shares": "485,233", "Diluted Average Shares": "485,233", "Total Operating Income as Reported": "927,099", "Total Expenses": "788,820", "Interest Income": "-", "Interest Expense": "-", "Net Interest Income": "-", "Net Income from Continuing & Discontinued Operation": "596,773", "Normalized Income": "600,649", "EBIT": "927,099", "EBITDA": "-", "Reconciled Cost of Revenue": "681,185", "Reconciled Depreciation": "77,753", "Net Income from Continuing Operation Net Minority Interest": "596,773", "Total Unusual Items Excluding Goodwill": "-5,908", "Total Unusual Items": "-5,908", "Normalized EBITDA": "1,010,760", "Tax Rate for Calcs": "0", "Tax Effect of Unusual Items": "-2,032"}, "12/30/2003": {"Duration": "12/30/2003", "Total Revenue": "798,406", "Cost of Revenue": "480,746", "Gross Profit": "317,660", "Operating Expense": "100,826", "Operating Income": "216,834", "Net Non Operating Interest Income Expense": "-", "Other Income Expense": "-133", "Pretax Income": "205,741", "Tax Provision": "84,969", "Earnings from Equity Interest Net of Tax": "-", "Net Income Common Stockholders": "122,313", "Diluted NI Available to Com Stockholders": "122,313", "Basic EPS": "0.25", "Diluted EPS": "0.25", "Basic Average Shares": "485,209", "Diluted Average Shares": "485,239", "Total Operating Income as Reported": "216,834", "Total Expenses": "581,572", "Interest Income": "3,363", "Interest Expense": "13,165", "Net Interest Income": "-9,802", "Net Income from Continuing & Discontinued Operation": "120,772", "Normalized Income": "120,852", "EBIT": "216,834", "EBITDA": "-", "Reconciled Cost of Revenue": "480,746", "Reconciled Depreciation": "73,579", "Net Income from Continuing Operation Net Minority Interest": "120,772", "Total Unusual Items Excluding Goodwill": "-133", "Total Unusual Items": "-133", "Normalized EBITDA": "290,546", "Tax Rate for Calcs": "0", "Tax Effect of Unusual Items": "-53.2"}, "12/30/2002": {"Duration": "12/30/2002", "Total Revenue": "664,650", "Cost of Revenue": "450,243", "Gross Profit": "214,407", "Operating Expense": "95,423", "Operating Income": "118,984", "Net Non Operating Interest Income Expense": "-", "Other Income Expense": "1,573", "Pretax Income": "109,947", "Tax Provision": "39,999", "Earnings from Equity Interest Net of Tax": "-", "Net Income Common Stockholders": "60,555", "Diluted NI Available to Com Stockholders": "60,555", "Basic EPS": "0.13", "Diluted EPS": "0.13", "Basic Average Shares": "485,166", "Diluted Average Shares": "485,191", "Total Operating Income as Reported": "118,984", "Total Expenses": "545,666", "Interest Income": "-", "Interest Expense": "-", "Net Interest Income": "-", "Net Income from Continuing & Discontinued Operation": "69,091", "Normalized Income": "68,090", "EBIT": "118,984", "EBITDA": "-", "Reconciled Cost of Revenue": "450,243", "Reconciled Depreciation": "67,840", "Net Income from Continuing Operation Net Minority Interest": "69,091", "Total Unusual Items Excluding Goodwill": "1,573", "Total Unusual Items": "1,573", "Normalized EBITDA": "185,251", "Tax Rate for Calcs": "0", "Tax Effect of Unusual Items": "572.2614"}, "12/30/2001": {"Duration": "12/30/2001", "Total Revenue": "657,521", "Cost of Revenue": "461,109", "Gross Profit": "196,412", "Operating Expense": "107,189", "Operating Income": "89,223", "Net Non Operating Interest Income Expense": "-", "Other Income Expense": "4,773", "Pretax Income": "70,852", "Tax Provision": "22,142", "Earnings from Equity Interest Net of Tax": "-", "Net Income Common Stockholders": "46,551", "Diluted NI Available to Com Stockholders": "46,551", "Basic EPS": "0.10", "Diluted EPS": "0.10", "Basic Average Shares": "485,148", "Diluted Average Shares": "485,160", "Total Operating Income as Reported": "89,223", "Total Expenses": "568,298", "Interest Income": "-", "Interest Expense": "-", "Net Interest Income": "-", "Net Income from Continuing & Discontinued Operation": "48,710", "Normalized Income": "45,429", "EBIT": "89,223", "EBITDA": "-", "Reconciled Cost of Revenue": "461,109", "Reconciled Depreciation": "76,285", "Net Income from Continuing Operation Net Minority Interest": "48,710", "Total Unusual Items Excluding Goodwill": "4,773", "Total Unusual Items": "4,773", "Normalized EBITDA": "160,735", "Tax Rate for Calcs": "0", "Tax Effect of Unusual Items": "1,492"}, "12/30/2000": {"Duration": "12/30/2000", "Total Revenue": "711,057", "Cost of Revenue": "449,176", "Gross Profit": "261,881", "Operating Expense": "112,300", "Operating Income": "149,581", "Net Non Operating Interest Income Expense": "-", "Other Income Expense": "2,306", "Pretax Income": "137,565", "Tax Provision": "44,648", "Earnings from Equity Interest Net of Tax": "-", "Net Income Common Stockholders": "92,917", "Diluted NI Available to Com Stockholders": "92,917", "Basic EPS": "0.19", "Diluted EPS": "0.19", "Basic Average Shares": "485,142", "Diluted Average Shares": "485,154", "Total Operating Income as Reported": "149,581", "Total Expenses": "561,476", "Interest Income": "3,525", "Interest Expense": "15,878", "Net Interest Income": "-12,353", "Net Income from Continuing & Discontinued Operation": "92,917", "Normalized Income": "91,359", "EBIT": "149,581", "EBITDA": "-", "Reconciled Cost of Revenue": "449,176", "Reconciled Depreciation": "77,447", "Net Income from Continuing Operation Net Minority Interest": "92,917", "Total Unusual Items Excluding Goodwill": "2,306", "Total Unusual Items": "2,306", "Normalized EBITDA": "224,722", "Tax Rate for Calcs": "0", "Tax Effect of Unusual Items": "748.4337"}, "12/30/1999": {"Duration": "12/30/1999", "Total Revenue": "584,500", "Cost of Revenue": "417,300", "Gross Profit": "167,200", "Operating Expense": "121,700", "Operating Income": "45,500", "Net Non Operating Interest Income Expense": "-", "Other Income Expense": "3,600", "Pretax Income": "39,100", "Tax Provision": "9,700", "Earnings from Equity Interest Net of Tax": "-", "Net Income Common Stockholders": "29,400", "Diluted NI Available to Com Stockholders": "29,400", "Basic EPS": "0.06", "Diluted EPS": "0.06", "Basic Average Shares": "484,299", "Diluted Average Shares": "484,481", "Total Operating Income as Reported": "45,500", "Total Expenses": "539,000", "Interest Income": "-", "Interest Expense": "-", "Net Interest Income": "-", "Net Income from Continuing & Discontinued Operation": "29,400", "Normalized Income": "26,693", "EBIT": "45,500", "EBITDA": "-", "Reconciled Cost of Revenue": "417,300", "Reconciled Depreciation": "74,200", "Net Income from Continuing Operation Net Minority Interest": "29,400", "Total Unusual Items Excluding Goodwill": "3,600", "Total Unusual Items": "3,600", "Normalized EBITDA": "116,100", "Tax Rate for Calcs": "0", "Tax Effect of Unusual Items": "893.0946"}, "12/30/1998": {"Duration": "12/30/1998", "Total Revenue": "627,900", "Cost of Revenue": "447,400", "Gross Profit": "180,500", "Operating Expense": "110,500", "Operating Income": "70,000", "Net Non Operating Interest Income Expense": "-", "Other Income Expense": "25,600", "Pretax Income": "80,200", "Tax Provision": "25,600", "Earnings from Equity Interest Net of Tax": "-", "Net Income Common Stockholders": "54,600", "Diluted NI Available to Com Stockholders": "54,600", "Basic EPS": "0.11", "Diluted EPS": "0.11", "Basic Average Shares": "484,487", "Diluted Average Shares": "484,487", "Total Operating Income as Reported": "70,000", "Total Expenses": "557,900", "Interest Income": "-", "Interest Expense": "-", "Net Interest Income": "-", "Net Income from Continuing & Discontinued Operation": "54,600", "Normalized Income": "37,172", "EBIT": "70,000", "EBITDA": "-", "Reconciled Cost of Revenue": "447,400", "Reconciled Depreciation": "60,900", "Net Income from Continuing Operation Net Minority Interest": "54,600", "Total Unusual Items Excluding Goodwill": "25,600", "Total Unusual Items": "25,600", "Normalized EBITDA": "105,300", "Tax Rate for Calcs": "0", "Tax Effect of Unusual Items": "8,172"}, "12/30/1997": {"Duration": "12/30/1997", "Total Revenue": "814,200", "Cost of Revenue": "456,500", "Gross Profit": "357,700", "Operating Expense": "122,300", "Operating Income": "235,400", "Net Non Operating Interest Income Expense": "-", "Other Income Expense": "29,900", "Pretax Income": "241,300", "Tax Provision": "55,600", "Earnings from Equity Interest Net of Tax": "-", "Net Income Common Stockholders": "185,700", "Diluted NI Available to Com Stockholders": "185,700", "Basic EPS": "0.38", "Diluted EPS": "0.38", "Basic Average Shares": "486,276", "Diluted Average Shares": "486,331", "Total Operating Income as Reported": "235,400", "Total Expenses": "578,800", "Interest Income": "-", "Interest Expense": "-", "Net Interest Income": "-", "Net Income from Continuing & Discontinued Operation": "185,700", "Normalized Income": "162,690", "EBIT": "235,400", "EBITDA": "-", "Reconciled Cost of Revenue": "456,500", "Reconciled Depreciation": "46,700", "Net Income from Continuing Operation Net Minority Interest": "185,700", "Total Unusual Items Excluding Goodwill": "29,900", "Total Unusual Items": "29,900", "Normalized EBITDA": "252,200", "Tax Rate for Calcs": "0", "Tax Effect of Unusual Items": "6,890"}, "12/30/1996": {"Duration": "12/30/1996", "Total Revenue": "753,000", "Cost of Revenue": "394,700", "Gross Profit": "358,300", "Operating Expense": "109,600", "Operating Income": "248,700", "Net Non Operating Interest Income Expense": "-", "Other Income Expense": "29,700", "Pretax Income": "260,700", "Tax Provision": "80,200", "Earnings from Equity Interest Net of Tax": "-", "Net Income Common Stockholders": "180,500", "Diluted NI Available to Com Stockholders": "180,500", "Basic EPS": "0.37", "Diluted EPS": "0.37", "Basic Average Shares": "486,319", "Diluted Average Shares": "488,834", "Total Operating Income as Reported": "248,700", "Total Expenses": "504,300", "Interest Income": "-", "Interest Expense": "-", "Net Interest Income": "-", "Net Income from Continuing & Discontinued Operation": "180,500", "Normalized Income": "159,937", "EBIT": "248,700", "EBITDA": "-", "Reconciled Cost of Revenue": "394,700", "Reconciled Depreciation": "41,600", "Net Income from Continuing Operation Net Minority Interest": "180,500", "Total Unusual Items Excluding Goodwill": "29,700", "Total Unusual Items": "29,700", "Normalized EBITDA": "260,600", "Tax Rate for Calcs": "0", "Tax Effect of Unusual Items": "9,137"}, "12/30/1995": {"Duration": "12/30/1995", "Total Revenue": "928,800", "Cost of Revenue": "-", "Gross Profit": "-", "Operating Expense": "-", "Operating Income": "928,800", "Net Non Operating Interest Income Expense": "-", "Other Income Expense": "-", "Pretax Income": "-", "Tax Provision": "-", "Earnings from Equity Interest Net of Tax": "-", "Net Income Common Stockholders": "217,800", "Diluted NI Available to Com Stockholders": "217,800", "Basic EPS": "0.55", "Diluted EPS": "0.55", "Basic Average Shares": "399,028", "Diluted Average Shares": "399,028", "Total Operating Income as Reported": "-", "Total Expenses": "-", "Interest Income": "-", "Interest Expense": "-", "Net Interest Income": "-", "Net Income from Continuing & Discontinued Operation": "217,800", "Normalized Income": "217,800", "EBIT": "928,800", "EBITDA": "-", "Reconciled Cost of Revenue": "-", "Reconciled Depreciation": "-", "Net Income from Continuing Operation Net Minority Interest": "217,800", "Total Unusual Items Excluding Goodwill": "-", "Total Unusual Items": "-", "Normalized EBITDA": "928,800", "Tax Rate for Calcs": "0", "Tax Effect of Unusual Items": "0"}}, "bs": {"12/31/2020": {"Duration": "12/31/2020", "Total Assets": "16,946,500", "Total Liabilities Net Minority Interest": "9,670,500", "Total Equity Gross Minority Interest": "7,276,000", "Total Capitalization": "13,769,000", "Common Stock Equity": "7,224,800", "Capital Lease Obligations": "979,000", "Net Tangible Assets": "7,081,800", "Working Capital": "3,430,400", "Invested Capital": "13,769,000", "Tangible Book Value": "7,081,800", "Total Debt": "7,523,200", "Net Debt": "4,360,600", "Share Issued": "884,600", "Ordinary Shares Number": "773,077", "Treasury Shares Number": "111,523"}, "12/31/2019": {"Duration": "12/31/2019", "Total Assets": "16,407,400", "Total Liabilities Net Minority Interest": "9,549,200", "Total Equity Gross Minority Interest": "6,858,200", "Total Capitalization": "13,351,300", "Common Stock Equity": "6,810,300", "Capital Lease Obligations": "1,046,400", "Net Tangible Assets": "6,661,900", "Working Capital": "2,708,200", "Invested Capital": "13,751,100", "Tangible Book Value": "6,661,900", "Total Debt": "7,987,200", "Net Debt": "5,015,700", "Share Issued": "884,600", "Ordinary Shares Number": "773,063", "Treasury Shares Number": "111,537"}, "12/31/2018": {"Duration": "12/31/2018", "Total Assets": "14,484,800", "Total Liabilities Net Minority Interest": "7,872,000", "Total Equity Gross Minority Interest": "6,612,800", "Total Capitalization": "12,527,500", "Common Stock Equity": "6,567,400", "Capital Lease Obligations": "-", "Net Tangible Assets": "6,419,700", "Working Capital": "1,963,700", "Invested Capital": "12,527,500", "Tangible Book Value": "6,419,700", "Total Debt": "5,960,100", "Net Debt": "5,115,500", "Share Issued": "884,600", "Ordinary Shares Number": "773,048", "Treasury Shares Number": "111,552"}, "12/30/2020": {"Duration": "12/30/2020", "Total Assets": "16,946,500", "Total Liabilities Net Minority Interest": "9,670,500", "Total Equity Gross Minority Interest": "7,276,000", "Total Capitalization": "13,769,000", "Common Stock Equity": "7,224,800", "Capital Lease Obligations": "979,000", "Net Tangible Assets": "7,081,800", "Working Capital": "3,430,400", "Invested Capital": "13,769,000", "Tangible Book Value": "7,081,800", "Total Debt": "7,523,200", "Net Debt": "4,360,600", "Share Issued": "884,600", "Ordinary Shares Number": "773,077", "Treasury Shares Number": "111,523"}, "12/30/2019": {"Duration": "12/30/2019", "Total Assets": "16,407,400", "Total Liabilities Net Minority Interest": "9,549,200", "Total Equity Gross Minority Interest": "6,858,200", "Total Capitalization": "13,351,300", "Common Stock Equity": "6,810,300", "Capital Lease Obligations": "1,046,400", "Net Tangible Assets": "6,661,900", "Working Capital": "2,708,200", "Invested Capital": "13,751,100", "Tangible Book Value": "6,661,900", "Total Debt": "7,987,200", "Net Debt": "5,015,700", "Share Issued": "884,600", "Ordinary Shares Number": "773,063", "Treasury Shares Number": "111,537"}, "12/30/2018": {"Duration": "12/30/2018", "Total Assets": "14,484,800", "Total Liabilities Net Minority Interest": "7,872,000", "Total Equity Gross Minority Interest": "6,612,800", "Total Capitalization": "12,527,500", "Common Stock Equity": "6,567,400", "Capital Lease Obligations": "-", "Net Tangible Assets": "6,419,700", "Working Capital": "1,963,700", "Invested Capital": "12,527,500", "Tangible Book Value": "6,419,700", "Total Debt": "5,960,100", "Net Debt": "5,115,500", "Share Issued": "884,600", "Ordinary Shares Number": "773,048", "Treasury Shares Number": "111,552"}, "12/30/2017": {"Duration": "12/30/2017", "Total Assets": "13,780,100", "Total Liabilities Net Minority Interest": "7,630,700", "Total Equity Gross Minority Interest": "6,149,400", "Total Capitalization": "12,064,800", "Common Stock Equity": "6,107,700", "Capital Lease Obligations": "-", "Net Tangible Assets": "5,955,200", "Working Capital": "2,001,800", "Invested Capital": "12,064,800", "Tangible Book Value": "5,955,200", "Total Debt": "5,957,100", "Net Debt": "4,952,300", "Share Issued": "884,600", "Ordinary Shares Number": "773,032", "Treasury Shares Number": "111,568"}, "12/30/2016": {"Duration": "12/30/2016", "Total Assets": "13,234,300", "Total Liabilities Net Minority Interest": "7,363,400", "Total Equity Gross Minority Interest": "5,870,900", "Total Capitalization": "11,786,500", "Common Stock Equity": "5,832,300", "Capital Lease Obligations": "-", "Net Tangible Assets": "5,678,100", "Working Capital": "1,567,100", "Invested Capital": "11,786,500", "Tangible Book Value": "5,678,100", "Total Debt": "5,954,200", "Net Debt": "5,408,200", "Share Issued": "884,600", "Ordinary Shares Number": "773,020", "Treasury Shares Number": "111,580"}, "12/30/2015": {"Duration": "12/30/2015", "Total Assets": "12,593,200", "Total Liabilities Net Minority Interest": "7,294,000", "Total Equity Gross Minority Interest": "5,299,200", "Total Capitalization": "11,214,400", "Common Stock Equity": "5,262,900", "Capital Lease Obligations": "-", "Net Tangible Assets": "5,107,800", "Working Capital": "1,564,000", "Invested Capital": "11,214,400", "Tangible Book Value": "5,107,800", "Total Debt": "5,951,500", "Net Debt": "5,677,000", "Share Issued": "884,600", "Ordinary Shares Number": "775,946", "Treasury Shares Number": "108,654"}, "12/30/2014": {"Duration": "12/30/2014", "Total Assets": "11,551,910", "Total Liabilities Net Minority Interest": "5,715,311", "Total Equity Gross Minority Interest": "5,836,599", "Total Capitalization": "9,810,491", "Common Stock Equity": "5,804,460", "Capital Lease Obligations": "-", "Net Tangible Assets": "5,694,560", "Working Capital": "1,338,884", "Invested Capital": "10,010,491", "Tangible Book Value": "5,694,560", "Total Debt": "4,206,031", "Net Debt": "3,842,061", "Share Issued": "884,596", "Ordinary Shares Number": "812,618", "Treasury Shares Number": "71,978"}, "12/30/2013": {"Duration": "12/30/2013", "Total Assets": "11,210,422", "Total Liabilities Net Minority Interest": "5,648,602", "Total Equity Gross Minority Interest": "5,561,820", "Total Capitalization": "9,738,577", "Common Stock Equity": "5,533,662", "Capital Lease Obligations": "-", "Net Tangible Assets": "5,423,462", "Working Capital": "2,632,466", "Invested Capital": "9,738,577", "Tangible Book Value": "5,423,462", "Total Debt": "4,204,915", "Net Debt": "2,532,220", "Share Issued": "884,596", "Ordinary Shares Number": "835,317", "Treasury Shares Number": "49,279"}, "12/30/2012": {"Duration": "12/30/2012", "Total Assets": "10,383,749", "Total Liabilities Net Minority Interest": "5,594,649", "Total Equity Gross Minority Interest": "4,789,100", "Total Capitalization": "8,969,003", "Common Stock Equity": "4,765,140", "Capital Lease Obligations": "-", "Net Tangible Assets": "4,655,840", "Working Capital": "3,430,824", "Invested Capital": "8,979,003", "Tangible Book Value": "4,655,840", "Total Debt": "4,213,863", "Net Debt": "1,754,375", "Share Issued": "884,596", "Ordinary Shares Number": "845,550", "Treasury Shares Number": "39,046"}, "12/30/2011": {"Duration": "12/30/2011", "Total Assets": "8,062,701", "Total Liabilities Net Minority Interest": "4,026,418", "Total Equity Gross Minority Interest": "4,036,283", "Total Capitalization": "6,751,036", "Common Stock Equity": "4,015,304", "Capital Lease Obligations": "-", "Net Tangible Assets": "3,904,868", "Working Capital": "2,108,626", "Invested Capital": "6,761,036", "Tangible Book Value": "3,904,868", "Total Debt": "2,745,732", "Net Debt": "1,897,614", "Share Issued": "894,061", "Ordinary Shares Number": "849,978", "Treasury Shares Number": "44,083"}, "12/30/2010": {"Duration": "12/30/2010", "Total Assets": "8,128,019", "Total Liabilities Net Minority Interest": "4,217,610", "Total Equity Gross Minority Interest": "3,910,409", "Total Capitalization": "6,640,849", "Common Stock Equity": "3,890,448", "Capital Lease Obligations": "-", "Net Tangible Assets": "3,778,096", "Working Capital": "2,563,939", "Invested Capital": "6,650,849", "Tangible Book Value": "3,778,096", "Total Debt": "2,760,401", "Net Debt": "567,724", "Share Issued": "894,061", "Ordinary Shares Number": "859,095", "Treasury Shares Number": "34,966"}, "12/30/2009": {"Duration": "12/30/2009", "Total Assets": "6,062,572", "Total Liabilities Net Minority Interest": "2,168,918", "Total Equity Gross Minority Interest": "3,893,654", "Total Capitalization": "5,145,880", "Common Stock Equity": "3,875,628", "Capital Lease Obligations": "-", "Net Tangible Assets": "3,761,788", "Working Capital": "1,175,704", "Invested Capital": "5,155,880", "Tangible Book Value": "3,761,788", "Total Debt": "1,280,252", "Net Debt": "507,946", "Share Issued": "894,061", "Ordinary Shares Number": "859,095", "Treasury Shares Number": "34,966"}, "12/30/2008": {"Duration": "12/30/2008", "Total Assets": "5,764,324", "Total Liabilities Net Minority Interest": "2,368,925", "Total Equity Gross Minority Interest": "3,395,399", "Total Capitalization": "4,661,231", "Common Stock Equity": "3,381,259", "Capital Lease Obligations": "-", "Net Tangible Assets": "3,267,203", "Working Capital": "816,230", "Invested Capital": "4,671,231", "Tangible Book Value": "3,267,203", "Total Debt": "1,289,972", "Net Debt": "573,232", "Share Issued": "880,320", "Ordinary Shares Number": "880,320", "Treasury Shares Number": "-"}, "12/30/2007": {"Duration": "12/30/2007", "Total Assets": "6,580,558", "Total Liabilities Net Minority Interest": "2,715,753", "Total Equity Gross Minority Interest": "3,864,805", "Total Capitalization": "5,137,874", "Common Stock Equity": "3,848,120", "Capital Lease Obligations": "-", "Net Tangible Assets": "3,732,318", "Working Capital": "1,708,319", "Invested Capital": "5,297,874", "Tangible Book Value": "3,732,318", "Total Debt": "1,449,754", "Net Debt": "40,482", "Share Issued": "892,849", "Ordinary Shares Number": "892,849", "Treasury Shares Number": "-"}, "12/30/2006": {"Duration": "12/30/2006", "Total Assets": "6,376,414", "Total Liabilities Net Minority Interest": "2,695,820", "Total Equity Gross Minority Interest": "3,680,594", "Total Capitalization": "5,184,716", "Common Stock Equity": "3,666,605", "Capital Lease Obligations": "-", "Net Tangible Assets": "3,548,498", "Working Capital": "1,583,306", "Invested Capital": "5,194,716", "Tangible Book Value": "3,548,498", "Total Debt": "1,528,111", "Net Debt": "505,333", "Share Issued": "892,848", "Ordinary Shares Number": "892,848", "Treasury Shares Number": "-"}, "12/30/2005": {"Duration": "12/30/2005", "Total Assets": "5,687,574", "Total Liabilities Net Minority Interest": "2,348,802", "Total Equity Gross Minority Interest": "3,338,772", "Total Capitalization": "4,488,142", "Common Stock Equity": "3,326,077", "Capital Lease Obligations": "-", "Net Tangible Assets": "3,205,216", "Working Capital": "918,722", "Invested Capital": "4,498,142", "Tangible Book Value": "3,205,216", "Total Debt": "1,172,065", "Net Debt": "296,062", "Share Issued": "892,820", "Ordinary Shares Number": "892,820", "Treasury Shares Number": "-"}, "12/30/2004": {"Duration": "12/30/2004", "Total Assets": "2,597,130", "Total Liabilities Net Minority Interest": "864,947", "Total Equity Gross Minority Interest": "1,732,183", "Total Capitalization": "1,977,628", "Common Stock Equity": "1,720,899", "Capital Lease Obligations": "-", "Net Tangible Assets": "1,614,445", "Working Capital": "552,106", "Invested Capital": "2,009,942", "Tangible Book Value": "1,614,445", "Total Debt": "289,043", "Net Debt": "-", "Share Issued": "485,244", "Ordinary Shares Number": "485,244", "Treasury Shares Number": "-"}, "12/30/2003": {"Duration": "12/30/2003", "Total Assets": "1,930,752", "Total Liabilities Net Minority Interest": "607,436", "Total Equity Gross Minority Interest": "1,323,316", "Total Capitalization": "1,604,446", "Common Stock Equity": "1,315,403", "Capital Lease Obligations": "-", "Net Tangible Assets": "1,206,396", "Working Capital": "288,754", "Invested Capital": "1,664,446", "Tangible Book Value": "1,206,396", "Total Debt": "349,043", "Net Debt": "53,571", "Share Issued": "485,220", "Ordinary Shares Number": "485,220", "Treasury Shares Number": "-"}, "12/30/2002": {"Duration": "12/30/2002", "Total Assets": "1,752,246", "Total Liabilities Net Minority Interest": "503,195", "Total Equity Gross Minority Interest": "1,249,051", "Total Capitalization": "1,540,418", "Common Stock Equity": "1,241,375", "Capital Lease Obligations": "-", "Net Tangible Assets": "1,241,375", "Working Capital": "210,078", "Invested Capital": "1,540,418", "Tangible Book Value": "1,241,375", "Total Debt": "299,043", "Net Debt": "151,506", "Share Issued": "485,185", "Ordinary Shares Number": "485,185", "Treasury Shares Number": "-"}, "12/30/2001": {"Duration": "12/30/2001", "Total Assets": "1,821,417", "Total Liabilities Net Minority Interest": "597,941", "Total Equity Gross Minority Interest": "1,223,476", "Total Capitalization": "1,482,576", "Common Stock Equity": "1,209,455", "Capital Lease Obligations": "-", "Net Tangible Assets": "1,209,455", "Working Capital": "205,692", "Invested Capital": "1,605,490", "Tangible Book Value": "1,209,455", "Total Debt": "396,035", "Net Debt": "183,178", "Share Issued": "485,160", "Ordinary Shares Number": "485,160", "Treasury Shares Number": "-"}, "12/30/2000": {"Duration": "12/30/2000", "Total Assets": "1,770,558", "Total Liabilities Net Minority Interest": "564,438", "Total Equity Gross Minority Interest": "1,206,120", "Total Capitalization": "1,514,569", "Common Stock Equity": "1,191,655", "Capital Lease Obligations": "-", "Net Tangible Assets": "1,191,655", "Working Capital": "309,467", "Invested Capital": "1,538,908", "Tangible Book Value": "1,191,655", "Total Debt": "347,253", "Net Debt": "198,165", "Share Issued": "485,160", "Ordinary Shares Number": "485,160", "Treasury Shares Number": "-"}, "12/30/1999": {"Duration": "12/30/1999", "Total Assets": "1,545,500", "Total Liabilities Net Minority Interest": "405,600", "Total Equity Gross Minority Interest": "1,139,900", "Total Capitalization": "1,325,200", "Common Stock Equity": "1,125,900", "Capital Lease Obligations": "-", "Net Tangible Assets": "1,125,900", "Working Capital": "157,900", "Invested Capital": "1,348,500", "Tangible Book Value": "1,125,900", "Total Debt": "222,600", "Net Debt": "212,000", "Share Issued": "485,257", "Ordinary Shares Number": "485,257", "Treasury Shares Number": "-"}, "12/30/1998": {"Duration": "12/30/1998", "Total Assets": "1,525,800", "Total Liabilities Net Minority Interest": "400,900", "Total Equity Gross Minority Interest": "1,124,900", "Total Capitalization": "1,329,100", "Common Stock Equity": "1,108,600", "Capital Lease Obligations": "-", "Net Tangible Assets": "1,108,600", "Working Capital": "313,100", "Invested Capital": "1,342,800", "Tangible Book Value": "1,108,600", "Total Debt": "234,200", "Net Debt": "58,300", "Share Issued": "484,305", "Ordinary Shares Number": "484,305", "Treasury Shares Number": "-"}, "12/30/1997": {"Duration": "12/30/1997", "Total Assets": "1,543,300", "Total Liabilities Net Minority Interest": "426,300", "Total Equity Gross Minority Interest": "1,117,000", "Total Capitalization": "1,331,800", "Common Stock Equity": "1,097,600", "Capital Lease Obligations": "-", "Net Tangible Assets": "1,097,600", "Working Capital": "476,500", "Invested Capital": "1,345,500", "Tangible Book Value": "1,097,600", "Total Debt": "247,900", "Net Debt": "121,400", "Share Issued": "484,425", "Ordinary Shares Number": "484,425", "Treasury Shares Number": "-"}, "12/30/1996": {"Duration": "12/30/1996", "Total Assets": "1,279,800", "Total Liabilities Net Minority Interest": "242,400", "Total Equity Gross Minority Interest": "1,037,400", "Total Capitalization": "1,097,900", "Common Stock Equity": "1,015,000", "Capital Lease Obligations": "-", "Net Tangible Assets": "1,015,000", "Working Capital": "297,800", "Invested Capital": "1,121,600", "Tangible Book Value": "1,015,000", "Total Debt": "106,600", "Net Debt": "-", "Share Issued": "485,979", "Ordinary Shares Number": "485,979", "Treasury Shares Number": "-"}}, "cf": {"TTM": {"Duration": "TTM", "Operating Cash Flow": "3,091,100", "Investing Cash Flow": "-1,093,000", "Financing Cash Flow": "-1,717,000", "End Cash Position": "2,332,700", "Income Tax Paid Supplemental Data": "-", "Interest Paid Supplemental Data": "-", "Capital Expenditure": "-723,800", "Issuance of Capital Stock": "-", "Issuance of Debt": "-", "Repayment of Debt": "-", "Repurchase of Capital Stock": "-", "Free Cash Flow": "2,367,300", "Domestic Sales": "-", "Foreign Sales": "-"}, "12/31/2020": {"Duration": "12/31/2020", "Operating Cash Flow": "2,783,600", "Investing Cash Flow": "-915,800", "Financing Cash Flow": "-1,563,300", "End Cash Position": "2,183,600", "Income Tax Paid Supplemental Data": "1,037,100", "Interest Paid Supplemental Data": "383,500", "Capital Expenditure": "-592,200", "Issuance of Debt": "-", "Repayment of Debt": "-400,000", "Repurchase of Capital Stock": "-", "Free Cash Flow": "2,191,400"}, "12/31/2019": {"Duration": "12/31/2019", "Operating Cash Flow": "1,911,900", "Investing Cash Flow": "-574,000", "Financing Cash Flow": "-262,200", "End Cash Position": "1,925,100", "Income Tax Paid Supplemental Data": "1,138,700", "Interest Paid Supplemental Data": "356,700", "Capital Expenditure": "-707,500", "Issuance of Debt": "987,300", "Repayment of Debt": "-", "Repurchase of Capital Stock": "-", "Free Cash Flow": "1,204,400"}, "12/31/2018": {"Duration": "12/31/2018", "Operating Cash Flow": "2,235,100", "Investing Cash Flow": "-1,296,200", "Financing Cash Flow": "-1,083,400", "End Cash Position": "844,600", "Income Tax Paid Supplemental Data": "1,155,300", "Interest Paid Supplemental Data": "356,700", "Capital Expenditure": "-1,121,400", "Issuance of Debt": "-", "Repayment of Debt": "-", "Repurchase of Capital Stock": "0", "Free Cash Flow": "1,113,700"}, "12/30/2020": {"Duration": "12/30/2020", "Operating Cash Flow": "2,783,600", "Investing Cash Flow": "-915,800", "Financing Cash Flow": "-1,563,300", "End Cash Position": "2,183,600", "Income Tax Paid Supplemental Data": "1,037,100", "Interest Paid Supplemental Data": "383,500", "Capital Expenditure": "-592,200", "Issuance of Capital Stock": "-", "Issuance of Debt": "-", "Repayment of Debt": "-400,000", "Repurchase of Capital Stock": "-", "Free Cash Flow": "2,191,400", "Domestic Sales": "-", "Foreign Sales": "-"}, "12/30/2019": {"Duration": "12/30/2019", "Operating Cash Flow": "1,911,900", "Investing Cash Flow": "-574,000", "Financing Cash Flow": "-262,200", "End Cash Position": "1,925,100", "Income Tax Paid Supplemental Data": "1,138,700", "Interest Paid Supplemental Data": "356,700", "Capital Expenditure": "-707,500", "Issuance of Capital Stock": "-", "Issuance of Debt": "987,300", "Repayment of Debt": "-", "Repurchase of Capital Stock": "-", "Free Cash Flow": "1,204,400", "Domestic Sales": "-", "Foreign Sales": "-"}, "12/30/2018": {"Duration": "12/30/2018", "Operating Cash Flow": "2,235,100", "Investing Cash Flow": "-1,296,200", "Financing Cash Flow": "-1,083,400", "End Cash Position": "844,600", "Income Tax Paid Supplemental Data": "1,155,300", "Interest Paid Supplemental Data": "356,700", "Capital Expenditure": "-1,121,400", "Issuance of Capital Stock": "-", "Issuance of Debt": "-", "Repayment of Debt": "-", "Repurchase of Capital Stock": "0", "Free Cash Flow": "1,113,700", "Domestic Sales": "-", "Foreign Sales": "-"}, "12/30/2017": {"Duration": "12/30/2017", "Operating Cash Flow": "1,976,600", "Investing Cash Flow": "-1,019,000", "Financing Cash Flow": "-456,100", "End Cash Position": "1,004,800", "Income Tax Paid Supplemental Data": "889,800", "Interest Paid Supplemental Data": "356,700", "Capital Expenditure": "-1,023,500", "Issuance of Capital Stock": "-", "Issuance of Debt": "0", "Repayment of Debt": "0", "Repurchase of Capital Stock": "0", "Free Cash Flow": "953,100", "Domestic Sales": "-", "Foreign Sales": "-"}, "12/30/2016": {"Duration": "12/30/2016", "Operating Cash Flow": "923,100", "Investing Cash Flow": "-452,000", "Financing Cash Flow": "-210,700", "End Cash Position": "546,000", "Income Tax Paid Supplemental Data": "571,800", "Interest Paid Supplemental Data": "356,700", "Capital Expenditure": "-1,118,500", "Issuance of Capital Stock": "-", "Issuance of Debt": "0", "Repayment of Debt": "0", "Repurchase of Capital Stock": "-71,700", "Free Cash Flow": "-195,400", "Domestic Sales": "-", "Foreign Sales": "-"}, "12/30/2015": {"Duration": "12/30/2015", "Operating Cash Flow": "879,800", "Investing Cash Flow": "-1,461,000", "Financing Cash Flow": "492,200", "End Cash Position": "274,500", "Income Tax Paid Supplemental Data": "737,700", "Interest Paid Supplemental Data": "315,800", "Capital Expenditure": "-1,149,600", "Issuance of Capital Stock": "-", "Issuance of Debt": "2,045,800", "Repayment of Debt": "-266,000", "Repurchase of Capital Stock": "-1,004,400", "Free Cash Flow": "-269,800", "Domestic Sales": "-", "Foreign Sales": "-"}, "12/30/2014": {"Duration": "12/30/2014", "Operating Cash Flow": "1,355,893", "Investing Cash Flow": "-1,655,196", "Financing Cash Flow": "-1,064,470", "End Cash Position": "363,970", "Income Tax Paid Supplemental Data": "-", "Interest Paid Supplemental Data": "-", "Capital Expenditure": "-1,529,799", "Issuance of Capital Stock": "-", "Issuance of Debt": "0", "Repayment of Debt": "0", "Repurchase of Capital Stock": "-682,774", "Free Cash Flow": "-173,906", "Domestic Sales": "-", "Foreign Sales": "-"}, "12/30/2013": {"Duration": "12/30/2013", "Operating Cash Flow": "1,857,224", "Investing Cash Flow": "-1,744,906", "Financing Cash Flow": "-865,329", "End Cash Position": "1,672,695", "Income Tax Paid Supplemental Data": "-", "Interest Paid Supplemental Data": "-", "Capital Expenditure": "-1,703,349", "Issuance of Capital Stock": "-", "Issuance of Debt": "0", "Repayment of Debt": "-10,000", "Repurchase of Capital Stock": "-281,438", "Free Cash Flow": "153,875", "Domestic Sales": "1,031,200", "Foreign Sales": "4,921,700"}, "12/30/2012": {"Duration": "12/30/2012", "Operating Cash Flow": "2,003,962", "Investing Cash Flow": "-668,570", "Financing Cash Flow": "278,098", "End Cash Position": "2,459,488", "Income Tax Paid Supplemental Data": "-", "Interest Paid Supplemental Data": "-", "Capital Expenditure": "-1,051,900", "Issuance of Capital Stock": "-", "Issuance of Debt": "1,477,455", "Repayment of Debt": "-10,000", "Repurchase of Capital Stock": "-147,344", "Free Cash Flow": "952,062", "Domestic Sales": "-", "Foreign Sales": "-"}, "12/30/2011": {"Duration": "12/30/2011", "Operating Cash Flow": "2,070,172", "Investing Cash Flow": "-1,083,131", "Financing Cash Flow": "-2,375,025", "End Cash Position": "848,118", "Income Tax Paid Supplemental Data": "1,234,453", "Interest Paid Supplemental Data": "189,940", "Capital Expenditure": "-612,905", "Issuance of Capital Stock": "-", "Issuance of Debt": "0", "Repayment of Debt": "-15,250", "Repurchase of Capital Stock": "-273,690", "Free Cash Flow": "1,457,267", "Domestic Sales": "-", "Foreign Sales": "-"}, "12/30/2010": {"Duration": "12/30/2010", "Operating Cash Flow": "1,920,711", "Investing Cash Flow": "-473,771", "Financing Cash Flow": "36,610", "End Cash Position": "2,192,677", "Income Tax Paid Supplemental Data": "600,371", "Interest Paid Supplemental Data": "142,210", "Capital Expenditure": "-408,734", "Issuance of Capital Stock": "-", "Issuance of Debt": "1,489,674", "Repayment of Debt": "-10,000", "Repurchase of Capital Stock": "-271", "Free Cash Flow": "1,511,977", "Domestic Sales": "-", "Foreign Sales": "-"}, "12/30/2009": {"Duration": "12/30/2009", "Operating Cash Flow": "963,178", "Investing Cash Flow": "-359,286", "Financing Cash Flow": "-458,023", "End Cash Position": "772,306", "Income Tax Paid Supplemental Data": "339,421", "Interest Paid Supplemental Data": "95,492", "Capital Expenditure": "-414,822", "Issuance of Capital Stock": "0", "Issuance of Debt": "-", "Repayment of Debt": "-10,000", "Repurchase of Capital Stock": "-71,903", "Free Cash Flow": "548,356", "Domestic Sales": "-", "Foreign Sales": "-"}, "12/30/2008": {"Duration": "12/30/2008", "Operating Cash Flow": "1,720,594", "Investing Cash Flow": "-410,853", "Financing Cash Flow": "-2,048,036", "End Cash Position": "716,740", "Income Tax Paid Supplemental Data": "-", "Interest Paid Supplemental Data": "-", "Capital Expenditure": "-516,654", "Issuance of Capital Stock": "216,438", "Issuance of Debt": "-", "Repayment of Debt": "-", "Repurchase of Capital Stock": "-384,656", "Free Cash Flow": "1,203,940", "Domestic Sales": "-", "Foreign Sales": "-"}, "12/30/2007": {"Duration": "12/30/2007", "Operating Cash Flow": "2,703,456", "Investing Cash Flow": "-245,979", "Financing Cash Flow": "-2,088,347", "End Cash Position": "1,409,272", "Income Tax Paid Supplemental Data": "-", "Interest Paid Supplemental Data": "-", "Capital Expenditure": "-315,741", "Issuance of Capital Stock": "-", "Issuance of Debt": "-", "Repayment of Debt": "-", "Repurchase of Capital Stock": "-", "Free Cash Flow": "2,387,715", "Domestic Sales": "-", "Foreign Sales": "-"}, "12/30/2006": {"Duration": "12/30/2006", "Operating Cash Flow": "2,059,383", "Investing Cash Flow": "-725,286", "Financing Cash Flow": "-1,164,370", "End Cash Position": "1,022,778", "Income Tax Paid Supplemental Data": "-", "Interest Paid Supplemental Data": "-", "Capital Expenditure": "-455,818", "Issuance of Capital Stock": "-", "Issuance of Debt": "-", "Repayment of Debt": "-", "Repurchase of Capital Stock": "-", "Free Cash Flow": "1,603,565", "Domestic Sales": "-", "Foreign Sales": "-"}, "12/30/2005": {"Duration": "12/30/2005", "Operating Cash Flow": "1,644,195", "Investing Cash Flow": "-425,369", "Financing Cash Flow": "-1,055,599", "End Cash Position": "876,003", "Income Tax Paid Supplemental Data": "-", "Interest Paid Supplemental Data": "-", "Capital Expenditure": "-470,636", "Issuance of Capital Stock": "-", "Issuance of Debt": "-", "Repayment of Debt": "-", "Repurchase of Capital Stock": "-37,714", "Free Cash Flow": "1,173,559", "Domestic Sales": "-", "Foreign Sales": "-"}, "12/30/2004": {"Duration": "12/30/2004", "Operating Cash Flow": "717,297", "Investing Cash Flow": "-216,955", "Financing Cash Flow": "-258,378", "End Cash Position": "546,029", "Income Tax Paid Supplemental Data": "-", "Interest Paid Supplemental Data": "-", "Capital Expenditure": "-171,688", "Issuance of Capital Stock": "-", "Issuance of Debt": "-", "Repayment of Debt": "-", "Repurchase of Capital Stock": "-21", "Free Cash Flow": "545,609", "Domestic Sales": "-", "Foreign Sales": "-"}, "12/30/2003": {"Duration": "12/30/2003", "Operating Cash Flow": "190,986", "Investing Cash Flow": "-49,779", "Financing Cash Flow": "3,803", "End Cash Position": "295,472", "Income Tax Paid Supplemental Data": "-", "Interest Paid Supplemental Data": "-", "Capital Expenditure": "-49,834", "Issuance of Capital Stock": "-", "Issuance of Debt": "-", "Repayment of Debt": "-", "Repurchase of Capital Stock": "-526", "Free Cash Flow": "141,152", "Domestic Sales": "-", "Foreign Sales": "-"}, "12/30/2002": {"Duration": "12/30/2002", "Operating Cash Flow": "141,646", "Investing Cash Flow": "-76,640", "Financing Cash Flow": "-131,696", "End Cash Position": "147,537", "Income Tax Paid Supplemental Data": "-", "Interest Paid Supplemental Data": "-", "Capital Expenditure": "-76,866", "Issuance of Capital Stock": "-", "Issuance of Debt": "-", "Repayment of Debt": "-", "Repurchase of Capital Stock": "-8,745", "Free Cash Flow": "64,780", "Domestic Sales": "-", "Foreign Sales": "-"}, "12/30/2001": {"Duration": "12/30/2001", "Operating Cash Flow": "198,423", "Investing Cash Flow": "-160,965", "Financing Cash Flow": "27,968", "End Cash Position": "212,857", "Income Tax Paid Supplemental Data": "-", "Interest Paid Supplemental Data": "-", "Capital Expenditure": "-161,048", "Issuance of Capital Stock": "-", "Issuance of Debt": "-", "Repayment of Debt": "-", "Repurchase of Capital Stock": "-851", "Free Cash Flow": "37,375", "Domestic Sales": "-", "Foreign Sales": "-"}, "12/30/2000": {"Duration": "12/30/2000", "Operating Cash Flow": "183,594", "Investing Cash Flow": "-131,203", "Financing Cash Flow": "88,897", "End Cash Position": "149,088", "Income Tax Paid Supplemental Data": "-", "Interest Paid Supplemental Data": "-", "Capital Expenditure": "-131,745", "Issuance of Capital Stock": "-", "Issuance of Debt": "-", "Repayment of Debt": "-", "Repurchase of Capital Stock": "-1,512", "Free Cash Flow": "51,849", "Domestic Sales": "-", "Foreign Sales": "-"}, "12/30/1999": {"Duration": "12/30/1999", "Operating Cash Flow": "90,300", "Investing Cash Flow": "-227,500", "Financing Cash Flow": "-27,300", "End Cash Position": "10,600", "Income Tax Paid Supplemental Data": "-", "Interest Paid Supplemental Data": "-", "Capital Expenditure": "-250,300", "Issuance of Capital Stock": "200", "Issuance of Debt": "-", "Repayment of Debt": "-", "Repurchase of Capital Stock": "-3,400", "Free Cash Flow": "-160,000", "Domestic Sales": "-", "Foreign Sales": "-"}, "12/30/1998": {"Duration": "12/30/1998", "Operating Cash Flow": "181,400", "Investing Cash Flow": "-70,700", "Financing Cash Flow": "-59,500", "End Cash Position": "0", "Income Tax Paid Supplemental Data": "-", "Interest Paid Supplemental Data": "-", "Capital Expenditure": "-258,700", "Issuance of Capital Stock": "-", "Issuance of Debt": "-", "Repayment of Debt": "-", "Repurchase of Capital Stock": "-6,500", "Free Cash Flow": "-77,300", "Domestic Sales": "-", "Foreign Sales": "-"}, "12/30/1997": {"Duration": "12/30/1997", "Operating Cash Flow": "277,600", "Investing Cash Flow": "-337,600", "Financing Cash Flow": "11,800", "End Cash Position": "0", "Income Tax Paid Supplemental Data": "-", "Interest Paid Supplemental Data": "-", "Capital Expenditure": "-184,000", "Issuance of Capital Stock": "-", "Issuance of Debt": "-", "Repayment of Debt": "-", "Repurchase of Capital Stock": "-", "Free Cash Flow": "93,600", "Domestic Sales": "-", "Foreign Sales": "-"}, "12/30/1996": {"Duration": "12/30/1996", "Operating Cash Flow": "158,800", "Investing Cash Flow": "-79,400", "Financing Cash Flow": "-127,600", "End Cash Position": "0", "Income Tax Paid Supplemental Data": "-", "Interest Paid Supplemental Data": "-", "Capital Expenditure": "-120,800", "Issuance of Capital Stock": "-", "Issuance of Debt": "-", "Repayment of Debt": "-", "Repurchase of Capital Stock": "-", "Free Cash Flow": "38,000", "Domestic Sales": "-", "Foreign Sales": "-"}}, "ks": {"Current": {"Duration": "Current", "Market Cap (intraday) 5": "59.19B", "Enterprise Value 3": "64.01B", "Trailing P/E ": "27.94", "Forward P/E 1": "24.15", "PEG Ratio (5 yr expected) 1": "N/A", "Price/Sales (ttm)": "6.73", "Price/Book (mrq)": "7.87", "Enterprise Value/Revenue 3": "7.28", "Enterprise Value/EBITDA 7": "13.57"}, "3/30/2021": {"Duration": "3/30/2021", "Market Cap (intraday) 5": "52.47B", "Enterprise Value 3": "57.40B", "Trailing P/E ": "33.43", "Forward P/E 1": "36.76", "PEG Ratio (5 yr expected) 1": "N/A", "Price/Sales (ttm)": "6.57", "Price/Book (mrq)": "7.26", "Enterprise Value/Revenue 3": "22.66", "Enterprise Value/EBITDA 7": "36.87"}, "12/30/2020": {"Duration": "12/30/2020", "Market Cap (intraday) 5": "50.34B", "Enterprise Value 3": "55.70B", "Trailing P/E ": "39.23", "Forward P/E 1": "35.21", "PEG Ratio (5 yr expected) 1": "N/A", "Price/Sales (ttm)": "6.72", "Price/Book (mrq)": "7.17", "Enterprise Value/Revenue 3": "23.70", "Enterprise Value/EBITDA 7": "44.27"}, "9/29/2020": {"Duration": "9/29/2020", "Market Cap (intraday) 5": "35.00B", "Enterprise Value 3": "40.71B", "Trailing P/E ": "29.98", "Forward P/E 1": "32.89", "PEG Ratio (5 yr expected) 1": "N/A", "Price/Sales (ttm)": "4.85", "Price/Book (mrq)": "5.13", "Enterprise Value/Revenue 3": "19.12", "Enterprise Value/EBITDA 7": "36.07"}, "6/29/2020": {"Duration": "6/29/2020", "Market Cap (intraday) 5": "30.74B", "Enterprise Value 3": "36.62B", "Trailing P/E ": "23.39", "Forward P/E 1": "48.78", "PEG Ratio (5 yr expected) 1": "N/A", "Price/Sales (ttm)": "4.24", "Price/Book (mrq)": "4.58", "Enterprise Value/Revenue 3": "20.51", "Enterprise Value/EBITDA 7": "47.30"}, "3/30/2020": {"Duration": "3/30/2020", "Market Cap (intraday) 5": "21.77B", "Enterprise Value 3": "27.75B", "Trailing P/E ": "14.67", "Forward P/E 1": "21.10", "PEG Ratio (5 yr expected) 1": "N/A", "Price/Sales (ttm)": "2.99", "Price/Book (mrq)": "3.20", "Enterprise Value/Revenue 3": "16.14", "Enterprise Value/EBITDA 7": "38.19"}, "12/30/2019": {"Duration": "12/30/2019", "Market Cap (intraday) 5": "32.84B", "Enterprise Value 3": "38.90B", "Trailing P/E ": "22.24", "Forward P/E 1": "28.09", "PEG Ratio (5 yr expected) 1": "N/A", "Price/Sales (ttm)": "4.61", "Price/Book (mrq)": "4.81", "Enterprise Value/Revenue 3": "20.98", "Enterprise Value/EBITDA 7": "48.96"}, "9/29/2019": {"Duration": "9/29/2019", "Market Cap (intraday) 5": "26.38B", "Enterprise Value 3": "32.55B", "Trailing P/E ": "18.15", "Forward P/E 1": "21.05", "PEG Ratio (5 yr expected) 1": "N/A", "Price/Sales (ttm)": "3.77", "Price/Book (mrq)": "3.91", "Enterprise Value/Revenue 3": "17.51", "Enterprise Value/EBITDA 7": "35.66"}, "6/29/2019": {"Duration": "6/29/2019", "Market Cap (intraday) 5": "30.03B", "Enterprise Value 3": "36.14B", "Trailing P/E ": "20.56", "Forward P/E 1": "24.39", "PEG Ratio (5 yr expected) 1": "N/A", "Price/Sales (ttm)": "4.28", "Price/Book (mrq)": "4.52", "Enterprise Value/Revenue 3": "19.88", "Enterprise Value/EBITDA 7": "38.45"}, "3/30/2019": {"Duration": "3/30/2019", "Market Cap (intraday) 5": "30.67B", "Enterprise Value 3": "35.58B", "Trailing P/E ": "19.84", "Forward P/E 1": "23.31", "PEG Ratio (5 yr expected) 1": "N/A", "Price/Sales (ttm)": "4.32", "Price/Book (mrq)": "4.67", "Enterprise Value/Revenue 3": "20.29", "Enterprise Value/EBITDA 7": "40.23"}, "12/30/2018": {"Duration": "12/30/2018", "Market Cap (intraday) 5": "23.79B", "Enterprise Value 3": "28.54B", "Trailing P/E ": "24.62", "Forward P/E 1": "19.72", "PEG Ratio (5 yr expected) 1": "N/A", "Price/Sales (ttm)": "3.27", "Price/Book (mrq)": "3.61", "Enterprise Value/Revenue 3": "16.84", "Enterprise Value/EBITDA 7": "36.07"}, "9/29/2018": {"Duration": "9/29/2018", "Market Cap (intraday) 5": "33.35B", "Enterprise Value 3": "38.22B", "Trailing P/E ": "33.44", "Forward P/E 1": "24.10", "PEG Ratio (5 yr expected) 1": "N/A", "Price/Sales (ttm)": "4.62", "Price/Book (mrq)": "5.11", "Enterprise Value/Revenue 3": "22.18", "Enterprise Value/EBITDA 7": "44.24"}, "6/29/2018": {"Duration": "6/29/2018", "Market Cap (intraday) 5": "36.23B", "Enterprise Value 3": "41.06B", "Trailing P/E ": "41.11", "Forward P/E 1": "23.26", "PEG Ratio (5 yr expected) 1": "N/A", "Price/Sales (ttm)": "5.24", "Price/Book (mrq)": "5.71", "Enterprise Value/Revenue 3": "22.35", "Enterprise Value/EBITDA 7": "43.23"}, "3/30/2018": {"Duration": "3/30/2018", "Market Cap (intraday) 5": "41.88B", "Enterprise Value 3": "46.78B", "Trailing P/E ": "57.64", "Forward P/E 1": "26.32", "PEG Ratio (5 yr expected) 1": "N/A", "Price/Sales (ttm)": "6.29", "Price/Book (mrq)": "6.86", "Enterprise Value/Revenue 3": "25.41", "Enterprise Value/EBITDA 7": "50.00"}, "12/30/2017": {"Duration": "12/30/2017", "Market Cap (intraday) 5": "36.68B", "Enterprise Value 3": "41.81B", "Trailing P/E ": "31.01", "Forward P/E 1": "41.67", "PEG Ratio (5 yr expected) 1": "N/A", "Price/Sales (ttm)": "5.93", "Price/Book (mrq)": "5.57", "Enterprise Value/Revenue 3": "22.43", "Enterprise Value/EBITDA 7": "42.17"}, "9/29/2017": {"Duration": "9/29/2017", "Market Cap (intraday) 5": "30.74B", "Enterprise Value 3": "35.96B", "Trailing P/E ": "31.56", "Forward P/E 1": "30.86", "PEG Ratio (5 yr expected) 1": "N/A", "Price/Sales (ttm)": "5.20", "Price/Book (mrq)": "4.88", "Enterprise Value/Revenue 3": "21.45", "Enterprise Value/EBITDA 7": "41.94"}, "6/29/2017": {"Duration": "6/29/2017", "Market Cap (intraday) 5": "26.77B", "Enterprise Value 3": "31.97B", "Trailing P/E ": "29.60", "Forward P/E 1": "25.91", "PEG Ratio (5 yr expected) 1": "4.59", "Price/Sales (ttm)": "4.68", "Price/Book (mrq)": "4.40", "Enterprise Value/Revenue 3": "20.90", "Enterprise Value/EBITDA 7": "45.58"}, "3/30/2017": {"Duration": "3/30/2017", "Market Cap (intraday) 5": "27.74B", "Enterprise Value 3": "33.10B", "Trailing P/E ": "35.89", "Forward P/E 1": "25.91", "PEG Ratio (5 yr expected) 1": "4.59", "Price/Sales (ttm)": "5.16", "Price/Book (mrq)": "4.76", "Enterprise Value/Revenue 3": "20.90", "Enterprise Value/EBITDA 7": "45.37"}, "12/30/2016": {"Duration": "12/30/2016", "Market Cap (intraday) 5": "24.69B", "Enterprise Value 3": "30.03B", "Trailing P/E ": "37.14", "Forward P/E 1": "24.75", "PEG Ratio (5 yr expected) 1": "5.92", "Price/Sales (ttm)": "4.73", "Price/Book (mrq)": "4.33", "Enterprise Value/Revenue 3": "21.47", "Enterprise Value/EBITDA 7": "49.65"}, "9/29/2016": {"Duration": "9/29/2016", "Market Cap (intraday) 5": "20.35B", "Enterprise Value 3": "25.75B", "Trailing P/E ": "35.54", "Forward P/E 1": "58.14", "PEG Ratio (5 yr expected) 1": "29.91", "Price/Sales (ttm)": "4.13", "Price/Book (mrq)": "3.66", "Enterprise Value/Revenue 3": "18.38", "Enterprise Value/EBITDA 7": "46.97"}, "6/29/2016": {"Duration": "6/29/2016", "Market Cap (intraday) 5": "20.87B", "Enterprise Value 3": "26.17B", "Trailing P/E ": "32.90", "Forward P/E 1": "40.82", "PEG Ratio (5 yr expected) 1": "N/A", "Price/Sales (ttm)": "4.23", "Price/Book (mrq)": "3.89", "Enterprise Value/Revenue 3": "19.60", "Enterprise Value/EBITDA 7": "46.95"}, "3/30/2016": {"Duration": "3/30/2016", "Market Cap (intraday) 5": "21.44B", "Enterprise Value 3": "26.51B", "Trailing P/E ": "29.80", "Forward P/E 1": "45.66", "PEG Ratio (5 yr expected) 1": "N/A", "Price/Sales (ttm)": "4.36", "Price/Book (mrq)": "4.07", "Enterprise Value/Revenue 3": "21.29", "Enterprise Value/EBITDA 7": "54.87"}, "12/30/2015": {"Duration": "12/30/2015", "Market Cap (intraday) 5": "20.27B", "Enterprise Value 3": "24.83B", "Trailing P/E ": "20.41", "Forward P/E 1": "49.51", "PEG Ratio (5 yr expected) 1": "N/A", "Price/Sales (ttm)": "3.99", "Price/Book (mrq)": "3.67", "Enterprise Value/Revenue 3": "19.79", "Enterprise Value/EBITDA 7": "79.82"}, "9/29/2015": {"Duration": "9/29/2015", "Market Cap (intraday) 5": "21.30B", "Enterprise Value 3": "25.30B", "Trailing P/E ": "17.35", "Forward P/E 1": "21.88", "PEG Ratio (5 yr expected) 1": "9.69", "Price/Sales (ttm)": "3.87", "Price/Book (mrq)": "3.67", "Enterprise Value/Revenue 3": "22.32", "Enterprise Value/EBITDA 7": "60.66"}, "6/29/2015": {"Duration": "6/29/2015", "Market Cap (intraday) 5": "23.47B", "Enterprise Value 3": "27.45B", "Trailing P/E ": "18.73", "Forward P/E 1": "22.52", "PEG Ratio (5 yr expected) 1": "5.45", "Price/Sales (ttm)": "4.23", "Price/Book (mrq)": "4.16", "Enterprise Value/Revenue 3": "19.85", "Enterprise Value/EBITDA 7": "43.60"}, "3/30/2015": {"Duration": "3/30/2015", "Market Cap (intraday) 5": "23.46B", "Enterprise Value 3": "26.97B", "Trailing P/E ": "18.12", "Forward P/E 1": "18.98", "PEG Ratio (5 yr expected) 1": "4.25", "Price/Sales (ttm)": "4.18", "Price/Book (mrq)": "4.04", "Enterprise Value/Revenue 3": "21.15", "Enterprise Value/EBITDA 7": "48.77"}, "12/30/2014": {"Duration": "12/30/2014", "Market Cap (intraday) 5": "22.92B", "Enterprise Value 3": "25.88B", "Trailing P/E ": "16.99", "Forward P/E 1": "23.04", "PEG Ratio (5 yr expected) 1": "8.44", "Price/Sales (ttm)": "4.02", "Price/Book (mrq)": "3.92", "Enterprise Value/Revenue 3": "17.59", "Enterprise Value/EBITDA 7": "41.41"}, "9/29/2014": {"Duration": "9/29/2014", "Market Cap (intraday) 5": "24.68B", "Enterprise Value 3": "27.26B", "Trailing P/E ": "17.65", "Forward P/E 1": "21.88", "PEG Ratio (5 yr expected) 1": "3.97", "Price/Sales (ttm)": "4.31", "Price/Book (mrq)": "4.15", "Enterprise Value/Revenue 3": "18.48", "Enterprise Value/EBITDA 7": "42.44"}, "6/29/2014": {"Duration": "6/29/2014", "Market Cap (intraday) 5": "25.31B", "Enterprise Value 3": "27.77B", "Trailing P/E ": "17.66", "Forward P/E 1": "22.73", "PEG Ratio (5 yr expected) 1": "4.15", "Price/Sales (ttm)": "4.49", "Price/Book (mrq)": "4.44", "Enterprise Value/Revenue 3": "18.67", "Enterprise Value/EBITDA 7": "39.04"}, "3/30/2014": {"Duration": "3/30/2014", "Market Cap (intraday) 5": "24.26B", "Enterprise Value 3": "26.59B", "Trailing P/E ": "15.16", "Forward P/E 1": "24.15", "PEG Ratio (5 yr expected) 1": "9.95", "Price/Sales (ttm)": "4.12", "Price/Book (mrq)": "4.38", "Enterprise Value/Revenue 3": "19.63", "Enterprise Value/EBITDA 7": "39.47"}, "12/30/2013": {"Duration": "12/30/2013", "Market Cap (intraday) 5": "23.98B", "Enterprise Value 3": "26.03B", "Trailing P/E ": "13.87", "Forward P/E 1": "18.21", "PEG Ratio (5 yr expected) 1": "4.96", "Price/Sales (ttm)": "4.00", "Price/Book (mrq)": "4.46", "Enterprise Value/Revenue 3": "16.96", "Enterprise Value/EBITDA 7": "35.76"}, "9/29/2013": {"Duration": "9/29/2013", "Market Cap (intraday) 5": "22.94B", "Enterprise Value 3": "24.82B", "Trailing P/E ": "14.19", "Forward P/E 1": "16.34", "PEG Ratio (5 yr expected) 1": "3.51", "Price/Sales (ttm)": "3.70", "Price/Book (mrq)": "4.41", "Enterprise Value/Revenue 3": "17.92", "Enterprise Value/EBITDA 7": "35.99"}, "6/29/2013": {"Duration": "6/29/2013", "Market Cap (intraday) 5": "23.35B", "Enterprise Value 3": "24.90B", "Trailing P/E ": "12.91", "Forward P/E 1": "15.46", "PEG Ratio (5 yr expected) 1": "3.32", "Price/Sales (ttm)": "3.61", "Price/Book (mrq)": "4.62", "Enterprise Value/Revenue 3": "17.66", "Enterprise Value/EBITDA 7": "36.62"}, "3/30/2013": {"Duration": "3/30/2013", "Market Cap (intraday) 5": "31.77B", "Enterprise Value 3": "33.39B", "Trailing P/E ": "16.48", "Forward P/E 1": "14.18", "PEG Ratio (5 yr expected) 1": "11.35", "Price/Sales (ttm)": "4.78", "Price/Book (mrq)": "6.67", "Enterprise Value/Revenue 3": "20.57", "Enterprise Value/EBITDA 7": "38.49"}, "12/30/2012": {"Duration": "12/30/2012", "Market Cap (intraday) 5": "32.01B", "Enterprise Value 3": "33.63B", "Trailing P/E ": "16.61", "Forward P/E 1": "15.38", "PEG Ratio (5 yr expected) 1": "N/A", "Price/Sales (ttm)": "4.82", "Price/Book (mrq)": "6.72", "Enterprise Value/Revenue 3": "20.37", "Enterprise Value/EBITDA 7": "37.44"}, "9/29/2012": {"Duration": "9/29/2012", "Market Cap (intraday) 5": "29.17B", "Enterprise Value 3": "30.45B", "Trailing P/E ": "12.27", "Forward P/E 1": "13.42", "PEG Ratio (5 yr expected) 1": "N/A", "Price/Sales (ttm)": "4.25", "Price/Book (mrq)": "6.41", "Enterprise Value/Revenue 3": "19.62", "Enterprise Value/EBITDA 7": "56.77"}, "6/29/2012": {"Duration": "6/29/2012", "Market Cap (intraday) 5": "26.77B", "Enterprise Value 3": "27.77B", "Trailing P/E ": "10.86", "Forward P/E 1": "11.67", "PEG Ratio (5 yr expected) 1": "N/A", "Price/Sales (ttm)": "3.83", "Price/Book (mrq)": "5.99", "Enterprise Value/Revenue 3": "16.73", "Enterprise Value/EBITDA 7": "28.46"}, "3/30/2012": {"Duration": "3/30/2012", "Market Cap (intraday) 5": "26.95B", "Enterprise Value 3": "28.33B", "Trailing P/E ": "11.61", "Forward P/E 1": "12.17", "PEG Ratio (5 yr expected) 1": "1.55", "Price/Sales (ttm)": "3.98", "Price/Book (mrq)": "6.71", "Enterprise Value/Revenue 3": "15.69", "Enterprise Value/EBITDA 7": "26.70"}, "12/30/2011": {"Duration": "12/30/2011", "Market Cap (intraday) 5": "25.38B", "Enterprise Value 3": "26.35B", "Trailing P/E ": "11.18", "Forward P/E 1": "10.74", "PEG Ratio (5 yr expected) 1": "0.70", "Price/Sales (ttm)": "3.85", "Price/Book (mrq)": "6.18", "Enterprise Value/Revenue 3": "15.79", "Enterprise Value/EBITDA 7": "27.31"}, "9/29/2011": {"Duration": "9/29/2011", "Market Cap (intraday) 5": "21.13B", "Enterprise Value 3": "22.10B", "Trailing P/E ": "9.26", "Forward P/E 1": "7.30", "PEG Ratio (5 yr expected) 1": "0.46", "Price/Sales (ttm)": "3.19", "Price/Book (mrq)": "5.14", "Enterprise Value/Revenue 3": "12.66", "Enterprise Value/EBITDA 7": "21.28"}, "6/29/2011": {"Duration": "6/29/2011", "Market Cap (intraday) 5": "27.94B", "Enterprise Value 3": "29.01B", "Trailing P/E ": "13.99", "Forward P/E 1": "8.94", "PEG Ratio (5 yr expected) 1": "0.28", "Price/Sales (ttm)": "4.53", "Price/Book (mrq)": "6.98", "Enterprise Value/Revenue 3": "16.10", "Enterprise Value/EBITDA 7": "26.78"}, "3/30/2011": {"Duration": "3/30/2011", "Market Cap (intraday) 5": "34.23B", "Enterprise Value 3": "34.79B", "Trailing P/E ": "20.76", "Forward P/E 1": "12.21", "PEG Ratio (5 yr expected) 1": "0.39", "Price/Sales (ttm)": "6.19", "Price/Book (mrq)": "8.68", "Enterprise Value/Revenue 3": "21.72", "Enterprise Value/EBITDA 7": "41.59"}, "12/30/2010": {"Duration": "12/30/2010", "Market Cap (intraday) 5": "41.43B", "Enterprise Value 3": "41.92B", "Trailing P/E ": "26.63", "Forward P/E 1": "15.43", "PEG Ratio (5 yr expected) 1": "0.49", "Price/Sales (ttm)": "8.05", "Price/Book (mrq)": "10.66", "Enterprise Value/Revenue 3": "27.97", "Enterprise Value/EBITDA 7": "45.12"}, "9/29/2010": {"Duration": "9/29/2010", "Market Cap (intraday) 5": "29.85B", "Enterprise Value 3": "30.32B", "Trailing P/E ": "21.03", "Forward P/E 1": "N/A", "PEG Ratio (5 yr expected) 1": "N/A", "Price/Sales (ttm)": "6.24", "Price/Book (mrq)": "7.70", "Enterprise Value/Revenue 3": "24.11", "Enterprise Value/EBITDA 7": "44.72"}, "6/29/2010": {"Duration": "6/29/2010", "Market Cap (intraday) 5": "22.56B", "Enterprise Value 3": "23.13B", "Trailing P/E ": "16.48", "Forward P/E 1": "N/A", "PEG Ratio (5 yr expected) 1": "N/A", "Price/Sales (ttm)": "4.82", "Price/Book (mrq)": "5.90", "Enterprise Value/Revenue 3": "19.71", "Enterprise Value/EBITDA 7": "37.69"}, "3/30/2010": {"Duration": "3/30/2010", "Market Cap (intraday) 5": "26.92B", "Enterprise Value 3": "27.53B", "Trailing P/E ": "21.84", "Forward P/E 1": "N/A", "PEG Ratio (5 yr expected) 1": "N/A", "Price/Sales (ttm)": "6.21", "Price/Book (mrq)": "6.91", "Enterprise Value/Revenue 3": "22.57", "Enterprise Value/EBITDA 7": "39.69"}, "12/30/2009": {"Duration": "12/30/2009", "Market Cap (intraday) 5": "27.97B", "Enterprise Value 3": "28.46B", "Trailing P/E ": "30.19", "Forward P/E 1": "N/A", "PEG Ratio (5 yr expected) 1": "N/A", "Price/Sales (ttm)": "7.50", "Price/Book (mrq)": "7.28", "Enterprise Value/Revenue 3": "25.05", "Enterprise Value/EBITDA 7": "46.15"}, "9/29/2009": {"Duration": "9/29/2009", "Market Cap (intraday) 5": "26.09B", "Enterprise Value 3": "26.93B", "Trailing P/E ": "56.83", "Forward P/E 1": "19.23", "PEG Ratio (5 yr expected) 1": "19.24", "Price/Sales (ttm)": "8.60", "Price/Book (mrq)": "7.14", "Enterprise Value/Revenue 3": "23.38", "Enterprise Value/EBITDA 7": "45.70"}, "6/29/2009": {"Duration": "6/29/2009", "Market Cap (intraday) 5": "17.37B", "Enterprise Value 3": "18.39B", "Trailing P/E ": "32.04", "Forward P/E 1": "N/A", "PEG Ratio (5 yr expected) 1": "N/A", "Price/Sales (ttm)": "5.29", "Price/Book (mrq)": "5.07", "Enterprise Value/Revenue 3": "22.30", "Enterprise Value/EBITDA 7": "46.98"}, "3/30/2009": {"Duration": "3/30/2009", "Market Cap (intraday) 5": "14.87B", "Enterprise Value 3": "15.82B", "Trailing P/E ": "16.59", "Forward P/E 1": "N/A", "PEG Ratio (5 yr expected) 1": "N/A", "Price/Sales (ttm)": "3.82", "Price/Book (mrq)": "4.52", "Enterprise Value/Revenue 3": "25.44", "Enterprise Value/EBITDA 7": "69.51"}, "12/30/2008": {"Duration": "12/30/2008", "Market Cap (intraday) 5": "13.99B", "Enterprise Value 3": "14.50B", "Trailing P/E ": "10.04", "Forward P/E 1": "N/A", "PEG Ratio (5 yr expected) 1": "N/A", "Price/Sales (ttm)": "2.91", "Price/Book (mrq)": "4.14", "Enterprise Value/Revenue 3": "32.24", "Enterprise Value/EBITDA 7": "-277.65"}, "9/29/2008": {"Duration": "9/29/2008", "Market Cap (intraday) 5": "16.62B", "Enterprise Value 3": "16.65B", "Trailing P/E ": "9.17", "Forward P/E 1": "N/A", "PEG Ratio (5 yr expected) 1": "N/A", "Price/Sales (ttm)": "2.96", "Price/Book (mrq)": "4.27", "Enterprise Value/Revenue 3": "11.57", "Enterprise Value/EBITDA 7": "21.92"}, "6/29/2008": {"Duration": "6/29/2008", "Market Cap (intraday) 5": "31.37B", "Enterprise Value 3": "31.41B", "Trailing P/E ": "15.30", "Forward P/E 1": "N/A", "PEG Ratio (5 yr expected) 1": "N/A", "Price/Sales (ttm)": "5.36", "Price/Book (mrq)": "7.74", "Enterprise Value/Revenue 3": "21.49", "Enterprise Value/EBITDA 7": "35.88"}, "3/30/2008": {"Duration": "3/30/2008", "Market Cap (intraday) 5": "30.57B", "Enterprise Value 3": "30.44B", "Trailing P/E ": "13.70", "Forward P/E 1": "39.68", "PEG Ratio (5 yr expected) 1": "39.72", "Price/Sales (ttm)": "4.91", "Price/Book (mrq)": "7.64", "Enterprise Value/Revenue 3": "20.30", "Enterprise Value/EBITDA 7": "32.18"}, "12/30/2007": {"Duration": "12/30/2007", "Market Cap (intraday) 5": "30.96B", "Enterprise Value 3": "30.88B", "Trailing P/E ": "13.96", "Forward P/E 1": "N/A", "PEG Ratio (5 yr expected) 1": "N/A", "Price/Sales (ttm)": "5.09", "Price/Book (mrq)": "8.04", "Enterprise Value/Revenue 3": "23.86", "Enterprise Value/EBITDA 7": "41.99"}, "9/29/2007": {"Duration": "9/29/2007", "Market Cap (intraday) 5": "36.46B", "Enterprise Value 3": "36.63B", "Trailing P/E ": "14.86", "Forward P/E 1": "N/A", "PEG Ratio (5 yr expected) 1": "N/A", "Price/Sales (ttm)": "5.84", "Price/Book (mrq)": "9.18", "Enterprise Value/Revenue 3": "22.80", "Enterprise Value/EBITDA 7": "36.08"}, "6/29/2007": {"Duration": "6/29/2007", "Market Cap (intraday) 5": "27.76B", "Enterprise Value 3": "28.02B", "Trailing P/E ": "12.81", "Forward P/E 1": "N/A", "PEG Ratio (5 yr expected) 1": "N/A", "Price/Sales (ttm)": "4.87", "Price/Book (mrq)": "7.50", "Enterprise Value/Revenue 3": "15.34", "Enterprise Value/EBITDA 7": "22.78"}, "3/30/2007": {"Duration": "3/30/2007", "Market Cap (intraday) 5": "21.10B", "Enterprise Value 3": "21.33B", "Trailing P/E ": "10.36", "Forward P/E 1": "N/A", "PEG Ratio (5 yr expected) 1": "N/A", "Price/Sales (ttm)": "3.86", "Price/Book (mrq)": "5.76", "Enterprise Value/Revenue 3": "15.70", "Enterprise Value/EBITDA 7": "24.76"}, "12/30/2006": {"Duration": "12/30/2006", "Market Cap (intraday) 5": "15.87B", "Enterprise Value 3": "16.49B", "Trailing P/E ": "8.81", "Forward P/E 1": "N/A", "PEG Ratio (5 yr expected) 1": "N/A", "Price/Sales (ttm)": "3.18", "Price/Book (mrq)": "4.65", "Enterprise Value/Revenue 3": "9.99", "Enterprise Value/EBITDA 7": "15.78"}, "9/29/2006": {"Duration": "9/29/2006", "Market Cap (intraday) 5": "13.62B", "Enterprise Value 3": "14.36B", "Trailing P/E ": "8.25", "Forward P/E 1": "N/A", "PEG Ratio (5 yr expected) 1": "N/A", "Price/Sales (ttm)": "2.95", "Price/Book (mrq)": "4.27", "Enterprise Value/Revenue 3": "10.17", "Enterprise Value/EBITDA 7": "16.46"}, "6/29/2006": {"Duration": "6/29/2006", "Market Cap (intraday) 5": "13.12B", "Enterprise Value 3": "13.86B", "Trailing P/E ": "7.95", "Forward P/E 1": "N/A", "PEG Ratio (5 yr expected) 1": "N/A", "Price/Sales (ttm)": "2.84", "Price/Book (mrq)": "4.11", "Enterprise Value/Revenue 3": "10.86", "Enterprise Value/EBITDA 7": "19.04"}, "3/30/2006": {"Duration": "3/30/2006", "Market Cap (intraday) 5": "12.44B", "Enterprise Value 3": "12.83B", "Trailing P/E ": "8.17", "Forward P/E 1": "N/A", "PEG Ratio (5 yr expected) 1": "N/A", "Price/Sales (ttm)": "2.90", "Price/Book (mrq)": "3.93", "Enterprise Value/Revenue 3": "11.45", "Enterprise Value/EBITDA 7": "18.72"}, "12/30/2005": {"Duration": "12/30/2005", "Market Cap (intraday) 5": "9.86B", "Enterprise Value 3": "10.32B", "Trailing P/E ": "6.75", "Forward P/E 1": "N/A", "PEG Ratio (5 yr expected) 1": "N/A", "Price/Sales (ttm)": "2.07", "Price/Book (mrq)": "3.09", "Enterprise Value/Revenue 3": "8.76", "Enterprise Value/EBITDA 7": "14.91"}, "9/29/2005": {"Duration": "9/29/2005", "Market Cap (intraday) 5": "8.24B", "Enterprise Value 3": "8.70B", "Trailing P/E ": "5.64", "Forward P/E 1": "N/A", "PEG Ratio (5 yr expected) 1": "N/A", "Price/Sales (ttm)": "1.73", "Price/Book (mrq)": "2.58", "Enterprise Value/Revenue 3": "8.44", "Enterprise Value/EBITDA 7": "13.74"}, "6/29/2005": {"Duration": "6/29/2005", "Market Cap (intraday) 5": "6.31B", "Enterprise Value 3": "6.95B", "Trailing P/E ": "4.81", "Forward P/E 1": "N/A", "PEG Ratio (5 yr expected) 1": "N/A", "Price/Sales (ttm)": "1.49", "Price/Book (mrq)": "2.12", "Enterprise Value/Revenue 3": "7.25", "Enterprise Value/EBITDA 7": "12.38"}, "3/30/2005": {"Duration": "3/30/2005", "Market Cap (intraday) 5": "4.51B", "Enterprise Value 3": "4.08B", "Trailing P/E ": "6.40", "Forward P/E 1": "N/A", "PEG Ratio (5 yr expected) 1": "N/A", "Price/Sales (ttm)": "2.30", "Price/Book (mrq)": "2.50", "Enterprise Value/Revenue 3": "8.37", "Enterprise Value/EBITDA 7": "13.44"}, "12/30/2004": {"Duration": "12/30/2004", "Market Cap (intraday) 5": "3.78B", "Enterprise Value 3": "3.48B", "Trailing P/E ": "6.33", "Forward P/E 1": "N/A", "PEG Ratio (5 yr expected) 1": "N/A", "Price/Sales (ttm)": "2.20", "Price/Book (mrq)": "2.20", "Enterprise Value/Revenue 3": "5.56", "Enterprise Value/EBITDA 7": "8.54"}, "9/29/2004": {"Duration": "9/29/2004", "Market Cap (intraday) 5": "4.13B", "Enterprise Value 3": "4.01B", "Trailing P/E ": "10.78", "Forward P/E 1": "N/A", "PEG Ratio (5 yr expected) 1": "N/A", "Price/Sales (ttm)": "3.09", "Price/Book (mrq)": "2.70", "Enterprise Value/Revenue 3": "9.37", "Enterprise Value/EBITDA 7": "17.31"}, "6/29/2004": {"Duration": "6/29/2004", "Market Cap (intraday) 5": "3.31B", "Enterprise Value 3": "3.27B", "Trailing P/E ": "11.51", "Forward P/E 1": "N/A", "PEG Ratio (5 yr expected) 1": "N/A", "Price/Sales (ttm)": "2.96", "Price/Book (mrq)": "2.27", "Enterprise Value/Revenue 3": "8.40", "Enterprise Value/EBITDA 7": "15.55"}, "3/30/2004": {"Duration": "3/30/2004", "Market Cap (intraday) 5": "3.24B", "Enterprise Value 3": "3.31B", "Trailing P/E ": "17.21", "Forward P/E 1": "N/A", "PEG Ratio (5 yr expected) 1": "N/A", "Price/Sales (ttm)": "3.61", "Price/Book (mrq)": "2.34", "Enterprise Value/Revenue 3": "12.08", "Enterprise Value/EBITDA 7": "21.21"}, "12/30/2003": {"Duration": "12/30/2003", "Market Cap (intraday) 5": "3.77B", "Enterprise Value 3": "3.83B", "Trailing P/E ": "31.23", "Forward P/E 1": "N/A", "PEG Ratio (5 yr expected) 1": "N/A", "Price/Sales (ttm)": "4.73", "Price/Book (mrq)": "2.87", "Enterprise Value/Revenue 3": "15.58", "Enterprise Value/EBITDA 7": "36.83"}, "9/29/2003": {"Duration": "9/29/2003", "Market Cap (intraday) 5": "1.77B", "Enterprise Value 3": "1.86B", "Trailing P/E ": "19.23", "Forward P/E 1": "N/A", "PEG Ratio (5 yr expected) 1": "N/A", "Price/Sales (ttm)": "2.47", "Price/Book (mrq)": "1.37", "Enterprise Value/Revenue 3": "8.90", "Enterprise Value/EBITDA 7": "24.06"}, "6/29/2003": {"Duration": "6/29/2003", "Market Cap (intraday) 5": "1.22B", "Enterprise Value 3": "1.34B", "Trailing P/E ": "17.39", "Forward P/E 1": "N/A", "PEG Ratio (5 yr expected) 1": "N/A", "Price/Sales (ttm)": "1.80", "Price/Book (mrq)": "0.97", "Enterprise Value/Revenue 3": "7.97", "Enterprise Value/EBITDA 7": "23.80"}, "3/30/2003": {"Duration": "3/30/2003", "Market Cap (intraday) 5": "1.17B", "Enterprise Value 3": "1.32B", "Trailing P/E ": "13.90", "Forward P/E 1": "N/A", "PEG Ratio (5 yr expected) 1": "N/A", "Price/Sales (ttm)": "1.66", "Price/Book (mrq)": "0.93", "Enterprise Value/Revenue 3": "7.54", "Enterprise Value/EBITDA 7": "25.06"}, "12/30/2002": {"Duration": "12/30/2002", "Market Cap (intraday) 5": "1.15B", "Enterprise Value 3": "1.30B", "Trailing P/E ": "16.74", "Forward P/E 1": "N/A", "PEG Ratio (5 yr expected) 1": "N/A", "Price/Sales (ttm)": "1.73", "Price/Book (mrq)": "0.93", "Enterprise Value/Revenue 3": "7.89", "Enterprise Value/EBITDA 7": "27.25"}, "9/29/2002": {"Duration": "9/29/2002", "Market Cap (intraday) 5": "1.10B", "Enterprise Value 3": "1.27B", "Trailing P/E ": "15.94", "Forward P/E 1": "N/A", "PEG Ratio (5 yr expected) 1": "N/A", "Price/Sales (ttm)": "1.66", "Price/Book (mrq)": "0.89", "Enterprise Value/Revenue 3": "7.47", "Enterprise Value/EBITDA 7": "29.71"}, "6/29/2002": {"Duration": "6/29/2002", "Market Cap (intraday) 5": "1.20B", "Enterprise Value 3": "1.39B", "Trailing P/E ": "25.02", "Forward P/E 1": "N/A", "PEG Ratio (5 yr expected) 1": "N/A", "Price/Sales (ttm)": "1.90", "Price/Book (mrq)": "0.99", "Enterprise Value/Revenue 3": "7.17", "Enterprise Value/EBITDA 7": "23.62"}, "3/30/2002": {"Duration": "3/30/2002", "Market Cap (intraday) 5": "1.04B", "Enterprise Value 3": "1.22B", "Trailing P/E ": "21.23", "Forward P/E 1": "N/A", "PEG Ratio (5 yr expected) 1": "N/A", "Price/Sales (ttm)": "1.58", "Price/Book (mrq)": "0.86", "Enterprise Value/Revenue 3": "8.95", "Enterprise Value/EBITDA 7": "30.24"}, "12/30/2001": {"Duration": "12/30/2001", "Market Cap (intraday) 5": "956.05M", "Enterprise Value 3": "1.14B", "Trailing P/E ": "19.59", "Forward P/E 1": "N/A", "PEG Ratio (5 yr expected) 1": "N/A", "Price/Sales (ttm)": "1.45", "Price/Book (mrq)": "0.79", "Enterprise Value/Revenue 3": "7.09", "Enterprise Value/EBITDA 7": "27.76"}, "9/29/2001": {"Duration": "9/29/2001", "Market Cap (intraday) 5": "756.04M", "Enterprise Value 3": "936.36M", "Trailing P/E ": "9.27", "Forward P/E 1": "N/A", "PEG Ratio (5 yr expected) 1": "N/A", "Price/Sales (ttm)": "1.06", "Price/Book (mrq)": "0.63", "Enterprise Value/Revenue 3": "5.46", "Enterprise Value/EBITDA 7": "25.64"}, "6/29/2001": {"Duration": "6/29/2001", "Market Cap (intraday) 5": "988.01M", "Enterprise Value 3": "1.12B", "Trailing P/E ": "10.78", "Forward P/E 1": "N/A", "PEG Ratio (5 yr expected) 1": "N/A", "Price/Sales (ttm)": "1.39", "Price/Book (mrq)": "0.83", "Enterprise Value/Revenue 3": "6.86", "Enterprise Value/EBITDA 7": "28.92"}, "3/30/2001": {"Duration": "3/30/2001", "Market Cap (intraday) 5": "1.10B", "Enterprise Value 3": "1.30B", "Trailing P/E ": "11.90", "Forward P/E 1": "N/A", "PEG Ratio (5 yr expected) 1": "N/A", "Price/Sales (ttm)": "1.55", "Price/Book (mrq)": "0.93", "Enterprise Value/Revenue 3": "8.02", "Enterprise Value/EBITDA 7": "26.39"}, "12/30/2000": {"Duration": "12/30/2000", "Market Cap (intraday) 5": "1.03B", "Enterprise Value 3": "1.24B", "Trailing P/E ": "14.31", "Forward P/E 1": "N/A", "PEG Ratio (5 yr expected) 1": "N/A", "Price/Sales (ttm)": "1.54", "Price/Book (mrq)": "0.88", "Enterprise Value/Revenue 3": "6.04", "Enterprise Value/EBITDA 7": "17.72"}, "9/29/2000": {"Duration": "9/29/2000", "Market Cap (intraday) 5": "1.24B", "Enterprise Value 3": "1.44B", "Trailing P/E ": "22.14", "Forward P/E 1": "N/A", "PEG Ratio (5 yr expected) 1": "N/A", "Price/Sales (ttm)": "1.91", "Price/Book (mrq)": "1.08", "Enterprise Value/Revenue 3": "7.76", "Enterprise Value/EBITDA 7": "22.59"}, "6/29/2000": {"Duration": "6/29/2000", "Market Cap (intraday) 5": "975.00M", "Enterprise Value 3": "1.17B", "Trailing P/E ": "17.41", "Forward P/E 1": "N/A", "PEG Ratio (5 yr expected) 1": "N/A", "Price/Sales (ttm)": "1.50", "Price/Book (mrq)": "0.85", "Enterprise Value/Revenue 3": "7.46", "Enterprise Value/EBITDA 7": "24.48"}, "3/30/2000": {"Duration": "3/30/2000", "Market Cap (intraday) 5": "1.04B", "Enterprise Value 3": "1.25B", "Trailing P/E ": "24.53", "Forward P/E 1": "N/A", "PEG Ratio (5 yr expected) 1": "N/A", "Price/Sales (ttm)": "1.67", "Price/Book (mrq)": "0.91", "Enterprise Value/Revenue 3": "7.69", "Enterprise Value/EBITDA 7": "27.64"}, "12/30/1999": {"Duration": "12/30/1999", "Market Cap (intraday) 5": "1.24B", "Enterprise Value 3": "1.45B", "Trailing P/E ": "41.72", "Forward P/E 1": "N/A", "PEG Ratio (5 yr expected) 1": "N/A", "Price/Sales (ttm)": "2.11", "Price/Book (mrq)": "1.10", "Enterprise Value/Revenue 3": "8.41", "Enterprise Value/EBITDA 7": "42.69"}, "9/29/1999": {"Duration": "9/29/1999", "Market Cap (intraday) 5": "1.35B", "Enterprise Value 3": "1.47B", "Trailing P/E ": "58.19", "Forward P/E 1": "N/A", "PEG Ratio (5 yr expected) 1": "N/A", "Price/Sales (ttm)": "2.37", "Price/Book (mrq)": "1.20", "Enterprise Value/Revenue 3": "9.44", "Enterprise Value/EBITDA 7": "40.28"}, "6/29/1999": {"Duration": "6/29/1999", "Market Cap (intraday) 5": "1.15B", "Enterprise Value 3": "1.28B", "Trailing P/E ": "37.02", "Forward P/E 1": "N/A", "PEG Ratio (5 yr expected) 1": "N/A", "Price/Sales (ttm)": "1.94", "Price/Book (mrq)": "1.04", "Enterprise Value/Revenue 3": "9.64", "Enterprise Value/EBITDA 7": "50.26"}, "3/30/1999": {"Duration": "3/30/1999", "Market Cap (intraday) 5": "803.69M", "Enterprise Value 3": "879.09M", "Trailing P/E ": "17.65", "Forward P/E 1": "N/A", "PEG Ratio (5 yr expected) 1": "N/A", "Price/Sales (ttm)": "1.34", "Price/Book (mrq)": "0.72", "Enterprise Value/Revenue 3": "7.10", "Enterprise Value/EBITDA 7": "37.09"}, "12/30/1998": {"Duration": "12/30/1998", "Market Cap (intraday) 5": "753.93M", "Enterprise Value 3": "812.23M", "Trailing P/E ": "13.88", "Forward P/E 1": "N/A", "PEG Ratio (5 yr expected) 1": "N/A", "Price/Sales (ttm)": "1.20", "Price/Book (mrq)": "0.68", "Enterprise Value/Revenue 3": "5.44", "Enterprise Value/EBITDA 7": "42.08"}, "9/29/1998": {"Duration": "9/29/1998", "Market Cap (intraday) 5": "878.71M", "Enterprise Value 3": "954.01M", "Trailing P/E ": "10.78", "Forward P/E 1": "N/A", "PEG Ratio (5 yr expected) 1": "N/A", "Price/Sales (ttm)": "1.36", "Price/Book (mrq)": "0.79", "Enterprise Value/Revenue 3": "5.49", "Enterprise Value/EBITDA 7": "21.01"}, "6/29/1998": {"Duration": "6/29/1998", "Market Cap (intraday) 5": "1.04B", "Enterprise Value 3": "1.07B", "Trailing P/E ": "10.24", "Forward P/E 1": "N/A", "PEG Ratio (5 yr expected) 1": "N/A", "Price/Sales (ttm)": "1.54", "Price/Book (mrq)": "0.94", "Enterprise Value/Revenue 3": "7.03", "Enterprise Value/EBITDA 7": "30.47"}, "3/30/1998": {"Duration": "3/30/1998", "Market Cap (intraday) 5": "1.21B", "Enterprise Value 3": "1.30B", "Trailing P/E ": "8.50", "Forward P/E 1": "N/A", "PEG Ratio (5 yr expected) 1": "N/A", "Price/Sales (ttm)": "1.62", "Price/Book (mrq)": "1.11", "Enterprise Value/Revenue 3": "8.56", "Enterprise Value/EBITDA 7": "42.92"}, "12/30/1997": {"Duration": "12/30/1997", "Market Cap (intraday) 5": "1.07B", "Enterprise Value 3": "1.19B", "Trailing P/E ": "5.77", "Forward P/E 1": "N/A", "PEG Ratio (5 yr expected) 1": "N/A", "Price/Sales (ttm)": "1.32", "Price/Book (mrq)": "0.98", "Enterprise Value/Revenue 3": "6.99", "Enterprise Value/EBITDA 7": "25.74"}, "9/29/1997": {"Duration": "9/29/1997", "Market Cap (intraday) 5": "1.46B", "Enterprise Value 3": "1.63B", "Trailing P/E ": "7.13", "Forward P/E 1": "N/A", "PEG Ratio (5 yr expected) 1": "N/A", "Price/Sales (ttm)": "1.72", "Price/Book (mrq)": "1.34", "Enterprise Value/Revenue 3": "8.06", "Enterprise Value/EBITDA 7": "25.81"}, "6/29/1997": {"Duration": "6/29/1997", "Market Cap (intraday) 5": "1.56B", "Enterprise Value 3": "1.65B", "Trailing P/E ": "7.77", "Forward P/E 1": "N/A", "PEG Ratio (5 yr expected) 1": "N/A", "Price/Sales (ttm)": "1.91", "Price/Book (mrq)": "1.45", "Enterprise Value/Revenue 3": "7.29", "Enterprise Value/EBITDA 7": "19.26"}, "3/30/1997": {"Duration": "3/30/1997", "Market Cap (intraday) 5": "1.36B", "Enterprise Value 3": "1.29B", "Trailing P/E ": "7.26", "Forward P/E 1": "N/A", "PEG Ratio (5 yr expected) 1": "N/A", "Price/Sales (ttm)": "1.77", "Price/Book (mrq)": "1.30", "Enterprise Value/Revenue 3": "6.01", "Enterprise Value/EBITDA 7": "14.87"}, "12/30/1996": {"Duration": "12/30/1996", "Market Cap (intraday) 5": "1.17B", "Enterprise Value 3": "1.11B", "Trailing P/E ": "6.50", "Forward P/E 1": "N/A", "PEG Ratio (5 yr expected) 1": "N/A", "Price/Sales (ttm)": "1.57", "Price/Book (mrq)": "1.15", "Enterprise Value/Revenue 3": "5.45", "Enterprise Value/EBITDA 7": "16.09"}, "9/29/1996": {"Duration": "9/29/1996", "Market Cap (intraday) 5": "1.18B", "Enterprise Value 3": "1.09B", "Trailing P/E ": "5.41", "Forward P/E 1": "N/A", "PEG Ratio (5 yr expected) 1": "N/A", "Price/Sales (ttm)": "1.41", "Price/Book (mrq)": "1.19", "Enterprise Value/Revenue 3": "6.02", "Enterprise Value/EBITDA 7": "16.79"}, "6/29/1996": {"Duration": "6/29/1996", "Market Cap (intraday) 5": "1.26B", "Enterprise Value 3": "1.16B", "Trailing P/E ": "4.98", "Forward P/E 1": "N/A", "PEG Ratio (5 yr expected) 1": "N/A", "Price/Sales (ttm)": "1.22", "Price/Book (mrq)": "1.33", "Enterprise Value/Revenue 3": "6.70", "Enterprise Value/EBITDA 7": "15.57"}, "3/30/1996": {"Duration": "3/30/1996", "Market Cap (intraday) 5": "1.28B", "Enterprise Value 3": "1.28B", "Trailing P/E ": "4.72", "Forward P/E 1": "N/A", "PEG Ratio (5 yr expected) 1": "N/A", "Price/Sales (ttm)": "1.11", "Price/Book (mrq)": "N/A", "Enterprise Value/Revenue 3": "6.53", "Enterprise Value/EBITDA 7": "15.57"}}}}, {"FCX": {"quote": {"05/09/2021": {"value": "43.97", "Market Cap": "64.439B", "Beta (5Y Monthly)": "2.16", "PE Ratio (TTM)": "35.81", "EPS (TTM)": "1.23", "Earnings Date": "Jul 21, 2021 - Jul 26, 2021", "Forward Dividend & Yield": "0.30 (0.68%)", "Ex-Dividend Date": "Apr 14, 2021", "1y Target Est": "39.29"}}, "fin": {"TTM": {"Duration": "TTM", "Total Revenue": "16,250,000", "Cost of Revenue": "11,753,000", "Gross Profit": "4,497,000", "Operating Expense": "539,000", "Operating Income": "3,958,000", "Net Non Operating Interest Income Expense": "-616,000", "Other Income Expense": "465,000", "Pretax Income": "3,807,000", "Tax Provision": "1,447,000", "Earnings from Equity Interest Net of Tax": "7,000", "Net Income Common Stockholders": "1,804,000", "Average Dilution Earnings": "-", "Diluted NI Available to Com Stockholders": "1,804,000", "Basic EPS": "-", "Diluted EPS": "-", "Basic Average Shares": "-", "Diluted Average Shares": "-", "Total Operating Income as Reported": "4,442,000", "Total Expenses": "12,292,000", "Interest Expense": "616,000", "Net Interest Income": "-616,000", "Net Income from Continuing & Discontinued Operation": "1,808,000", "Normalized Income": "1,550,737", "EBIT": "4,423,000", "EBITDA": "6,029,000", "Reconciled Cost of Revenue": "11,753,000", "Reconciled Depreciation": "1,606,000", "Net Income from Continuing Operation Net Minority Interest": "1,808,000", "Total Unusual Items Excluding Goodwill": "415,000", "Total Unusual Items": "415,000", "Normalized EBITDA": "5,614,000", "Tax Rate for Calcs": "0", "Tax Effect of Unusual Items": "157,737"}, "12/31/2020": {"Duration": "12/31/2020", "Total Revenue": "14,198,000", "Cost of Revenue": "11,655,000", "Gross Profit": "2,543,000", "Operating Expense": "579,000", "Operating Income": "1,964,000", "Net Non Operating Interest Income Expense": "-598,000", "Other Income Expense": "431,000", "Pretax Income": "1,797,000", "Tax Provision": "944,000", "Earnings from Equity Interest Net of Tax": "12,000", "Net Income Common Stockholders": "596,000", "Average Dilution Earnings": "-", "Diluted NI Available to Com Stockholders": "596,000", "Basic EPS": "0.41", "Diluted EPS": "0.41", "Basic Average Shares": "1,458,000", "Diluted Average Shares": "1,461,000", "Total Operating Income as Reported": "2,437,000", "Total Expenses": "12,234,000", "Interest Expense": "598,000", "Net Interest Income": "-598,000", "Net Income from Continuing & Discontinued Operation": "599,000", "Normalized Income": "327,440", "EBIT": "2,395,000", "EBITDA": "-", "Reconciled Cost of Revenue": "11,655,000", "Reconciled Depreciation": "1,528,000", "Net Income from Continuing Operation Net Minority Interest": "599,000", "Total Unusual Items Excluding Goodwill": "372,000", "Total Unusual Items": "372,000", "Normalized EBITDA": "3,551,000", "Tax Rate for Calcs": "0", "Tax Effect of Unusual Items": "100,440"}, "12/31/2019": {"Duration": "12/31/2019", "Total Revenue": "14,402,000", "Cost of Revenue": "13,105,000", "Gross Profit": "1,297,000", "Operating Expense": "623,000", "Operating Income": "674,000", "Net Non Operating Interest Income Expense": "-620,000", "Other Income Expense": "252,000", "Pretax Income": "306,000", "Tax Provision": "510,000", "Earnings from Equity Interest Net of Tax": "12,000", "Net Income Common Stockholders": "-242,000", "Average Dilution Earnings": "-", "Diluted NI Available to Com Stockholders": "-242,000", "Basic EPS": "-0.16", "Diluted EPS": "-0.17", "Basic Average Shares": "1,451,000", "Diluted Average Shares": "1,451,000", "Total Operating Income as Reported": "1,091,000", "Total Expenses": "13,728,000", "Interest Expense": "620,000", "Net Interest Income": "-620,000", "Net Income from Continuing & Discontinued Operation": "-239,000", "Normalized Income": "-526,700", "EBIT": "926,000", "EBITDA": "-", "Reconciled Cost of Revenue": "13,105,000", "Reconciled Depreciation": "1,412,000", "Net Income from Continuing Operation Net Minority Interest": "-242,000", "Total Unusual Items Excluding Goodwill": "390,000", "Total Unusual Items": "390,000", "Normalized EBITDA": "1,948,000", "Tax Rate for Calcs": "0", "Tax Effect of Unusual Items": "105,300"}, "12/31/2018": {"Duration": "12/31/2018", "Total Revenue": "18,628,000", "Cost of Revenue": "13,445,000", "Gross Profit": "5,183,000", "Operating Expense": "637,000", "Operating Income": "4,546,000", "Net Non Operating Interest Income Expense": "-945,000", "Other Income Expense": "291,000", "Pretax Income": "3,892,000", "Tax Provision": "991,000", "Earnings from Equity Interest Net of Tax": "8,000", "Net Income Common Stockholders": "2,602,000", "Average Dilution Earnings": "-", "Diluted NI Available to Com Stockholders": "2,602,000", "Basic EPS": "1.56", "Diluted EPS": "1.55", "Basic Average Shares": "1,449,000", "Diluted Average Shares": "1,458,000", "Total Operating Income as Reported": "4,754,000", "Total Expenses": "14,082,000", "Interest Expense": "945,000", "Net Interest Income": "-945,000", "Net Income from Continuing & Discontinued Operation": "2,602,000", "Normalized Income": "2,455,750", "EBIT": "4,837,000", "EBITDA": "-", "Reconciled Cost of Revenue": "13,445,000", "Reconciled Depreciation": "1,754,000", "Net Income from Continuing Operation Net Minority Interest": "2,617,000", "Total Unusual Items Excluding Goodwill": "215,000", "Total Unusual Items": "215,000", "Normalized EBITDA": "6,376,000", "Tax Rate for Calcs": "0", "Tax Effect of Unusual Items": "53,750"}, "12/31/2017": {"Duration": "12/31/2017", "Total Revenue": "16,403,000", "Cost of Revenue": "12,022,000", "Gross Profit": "4,381,000", "Operating Expense": "829,000", "Operating Income": "3,552,000", "Net Non Operating Interest Income Expense": "-801,000", "Other Income Expense": "151,000", "Pretax Income": "2,902,000", "Tax Provision": "883,000", "Earnings from Equity Interest Net of Tax": "10,000", "Net Income Common Stockholders": "1,813,000", "Average Dilution Earnings": "-", "Diluted NI Available to Com Stockholders": "1,813,000", "Basic EPS": "1.25", "Diluted EPS": "1.25", "Basic Average Shares": "1,447,000", "Diluted Average Shares": "1,454,000", "Total Operating Income as Reported": "3,633,000", "Total Expenses": "12,851,000", "Interest Expense": "801,000", "Net Interest Income": "-801,000", "Net Income from Continuing & Discontinued Operation": "1,817,000", "Normalized Income": "1,679,600", "EBIT": "3,703,000", "EBITDA": "-", "Reconciled Cost of Revenue": "12,022,000", "Reconciled Depreciation": "1,714,000", "Net Income from Continuing Operation Net Minority Interest": "1,751,000", "Total Unusual Items Excluding Goodwill": "102,000", "Total Unusual Items": "102,000", "Normalized EBITDA": "5,315,000", "Tax Rate for Calcs": "0", "Tax Effect of Unusual Items": "30,600"}, "12/31/2016": {"Duration": "12/31/2016", "Total Revenue": "14,830,000", "Cost of Revenue": "17,580,000", "Gross Profit": "-2,750,000", "Operating Expense": "691,000", "Operating Income": "-3,441,000", "Net Non Operating Interest Income Expense": "-755,000", "Other Income Expense": "724,000", "Pretax Income": "-3,472,000", "Tax Provision": "371,000", "Earnings from Equity Interest Net of Tax": "11,000", "Net Income Common Stockholders": "-4,157,000", "Average Dilution Earnings": "-", "Diluted NI Available to Com Stockholders": "-4,157,000", "Basic EPS": "-3.16", "Diluted EPS": "-3.16", "Basic Average Shares": "1,318,000", "Diluted Average Shares": "1,318,000", "Total Operating Income as Reported": "-2,792,000", "Total Expenses": "18,271,000", "Interest Expense": "755,000", "Net Interest Income": "-755,000", "Net Income from Continuing & Discontinued Operation": "-4,315,000", "Normalized Income": "-4,722,750", "EBIT": "-2,717,000", "EBITDA": "-", "Reconciled Cost of Revenue": "17,580,000", "Reconciled Depreciation": "2,610,000", "Net Income from Continuing Operation Net Minority Interest": "-4,122,000", "Total Unusual Items Excluding Goodwill": "675,000", "Total Unusual Items": "675,000", "Normalized EBITDA": "-782,000", "Tax Rate for Calcs": "0", "Tax Effect of Unusual Items": "74,250"}, "12/31/2015": {"Duration": "12/31/2015", "Total Revenue": "15,877,000", "Cost of Revenue": "28,524,000", "Gross Profit": "-12,647,000", "Operating Expense": "774,000", "Operating Income": "-13,421,000", "Net Non Operating Interest Income Expense": "-645,000", "Other Income Expense": "45,000", "Pretax Income": "-14,021,000", "Tax Provision": "-1,935,000", "Earnings from Equity Interest Net of Tax": "-3,000", "Net Income Common Stockholders": "-12,239,000", "Average Dilution Earnings": "-", "Diluted NI Available to Com Stockholders": "-12,239,000", "Basic EPS": "-11.31", "Diluted EPS": "-11.31", "Basic Average Shares": "1,082,000", "Diluted Average Shares": "1,082,000", "Total Operating Income as Reported": "-13,382,000", "Total Expenses": "29,298,000", "Interest Expense": "645,000", "Net Interest Income": "-645,000", "Net Income from Continuing & Discontinued Operation": "-12,195,000", "Normalized Income": "-12,228,540", "EBIT": "-13,376,000", "EBITDA": "-", "Reconciled Cost of Revenue": "28,524,000", "Reconciled Depreciation": "3,497,000", "Net Income from Continuing Operation Net Minority Interest": "-12,195,000", "Total Unusual Items Excluding Goodwill": "39,000", "Total Unusual Items": "39,000", "Normalized EBITDA": "-9,918,000", "Tax Rate for Calcs": "0", "Tax Effect of Unusual Items": "5,460"}, "12/31/2014": {"Duration": "12/31/2014", "Total Revenue": "21,438,000", "Cost of Revenue": "19,504,000", "Gross Profit": "1,934,000", "Operating Expense": "837,000", "Operating Income": "1,097,000", "Net Non Operating Interest Income Expense": "-630,000", "Other Income Expense": "-891,000", "Pretax Income": "-424,000", "Tax Provision": "324,000", "Earnings from Equity Interest Net of Tax": "3,000", "Net Income Common Stockholders": "-1,311,000", "Average Dilution Earnings": "-", "Diluted NI Available to Com Stockholders": "-1,311,000", "Basic EPS": "-1.26", "Diluted EPS": "-1.26", "Basic Average Shares": "1,039,000", "Diluted Average Shares": "1,039,000", "Total Operating Income as Reported": "97,000", "Total Expenses": "20,341,000", "Interest Expense": "630,000", "Net Interest Income": "-630,000", "Net Income from Continuing & Discontinued Operation": "-1,268,000", "Normalized Income": "-665,450", "EBIT": "206,000", "EBITDA": "-", "Reconciled Cost of Revenue": "19,504,000", "Reconciled Depreciation": "3,863,000", "Net Income from Continuing Operation Net Minority Interest": "-1,268,000", "Total Unusual Items Excluding Goodwill": "-927,000", "Total Unusual Items": "-927,000", "Normalized EBITDA": "4,996,000", "Tax Rate for Calcs": "0", "Tax Effect of Unusual Items": "-324,450"}, "12/31/2013": {"Duration": "12/31/2013", "Total Revenue": "20,921,000", "Cost of Revenue": "14,637,000", "Gross Profit": "6,284,000", "Operating Expense": "933,000", "Operating Income": "5,351,000", "Net Non Operating Interest Income Expense": "-518,000", "Other Income Expense": "80,000", "Pretax Income": "4,913,000", "Tax Provision": "1,475,000", "Earnings from Equity Interest Net of Tax": "3,000", "Net Income Common Stockholders": "2,658,000", "Average Dilution Earnings": "-", "Diluted NI Available to Com Stockholders": "2,658,000", "Basic EPS": "2.65", "Diluted EPS": "2.64", "Basic Average Shares": "1,002,000", "Diluted Average Shares": "1,006,000", "Total Operating Income as Reported": "5,351,000", "Total Expenses": "15,570,000", "Interest Expense": "518,000", "Net Interest Income": "-518,000", "Net Income from Continuing & Discontinued Operation": "2,658,000", "Normalized Income": "2,682,500", "EBIT": "5,431,000", "EBITDA": "-", "Reconciled Cost of Revenue": "14,637,000", "Reconciled Depreciation": "2,797,000", "Net Income from Continuing Operation Net Minority Interest": "2,658,000", "Total Unusual Items Excluding Goodwill": "-35,000", "Total Unusual Items": "-35,000", "Normalized EBITDA": "8,263,000", "Tax Rate for Calcs": "0", "Tax Effect of Unusual Items": "-10,500"}, "12/31/2012": {"Duration": "12/31/2012", "Total Revenue": "18,010,000", "Cost of Revenue": "11,561,000", "Gross Profit": "6,449,000", "Operating Expense": "694,000", "Operating Income": "5,755,000", "Net Non Operating Interest Income Expense": "-186,000", "Other Income Expense": "-82,000", "Pretax Income": "5,487,000", "Tax Provision": "1,510,000", "Earnings from Equity Interest Net of Tax": "3,000", "Net Income Common Stockholders": "3,041,000", "Average Dilution Earnings": "0", "Diluted NI Available to Com Stockholders": "3,041,000", "Basic EPS": "3.20", "Diluted EPS": "3.19", "Basic Average Shares": "949,000", "Diluted Average Shares": "954,000", "Total Operating Income as Reported": "5,814,000", "Total Expenses": "12,255,000", "Interest Expense": "186,000", "Net Interest Income": "-186,000", "Net Income from Continuing & Discontinued Operation": "3,041,000", "Normalized Income": "3,119,480", "EBIT": "5,673,000", "EBITDA": "-", "Reconciled Cost of Revenue": "11,561,000", "Reconciled Depreciation": "1,179,000", "Net Income from Continuing Operation Net Minority Interest": "3,041,000", "Total Unusual Items Excluding Goodwill": "-109,000", "Total Unusual Items": "-109,000", "Normalized EBITDA": "6,961,000", "Tax Rate for Calcs": "0", "Tax Effect of Unusual Items": "-30,520"}, "12/31/2011": {"Duration": "12/31/2011", "Total Revenue": "20,880,000", "Cost of Revenue": "10,920,000", "Gross Profit": "9,960,000", "Operating Expense": "686,000", "Operating Income": "9,274,000", "Net Non Operating Interest Income Expense": "-312,000", "Other Income Expense": "-144,000", "Pretax Income": "8,818,000", "Tax Provision": "3,087,000", "Earnings from Equity Interest Net of Tax": "16,000", "Net Income Common Stockholders": "4,560,000", "Average Dilution Earnings": "-", "Diluted NI Available to Com Stockholders": "4,560,000", "Basic EPS": "4.81", "Diluted EPS": "4.78", "Basic Average Shares": "947,000", "Diluted Average Shares": "955,000", "Total Operating Income as Reported": "9,140,000", "Total Expenses": "11,606,000", "Interest Expense": "312,000", "Net Interest Income": "-312,000", "Net Income from Continuing & Discontinued Operation": "4,560,000", "Normalized Income": "4,653,589", "EBIT": "9,130,000", "EBITDA": "-", "Reconciled Cost of Revenue": "10,920,000", "Reconciled Depreciation": "1,022,000", "Net Income from Continuing Operation Net Minority Interest": "4,560,000", "Total Unusual Items Excluding Goodwill": "-144,000", "Total Unusual Items": "-144,000", "Normalized EBITDA": "10,296,000", "Tax Rate for Calcs": "0", "Tax Effect of Unusual Items": "-50,411"}, "12/31/2010": {"Duration": "12/31/2010", "Total Revenue": "18,982,000", "Cost of Revenue": "9,533,000", "Gross Profit": "9,449,000", "Operating Expense": "381,000", "Operating Income": "9,068,000", "Net Non Operating Interest Income Expense": "-462,000", "Other Income Expense": "-94,000", "Pretax Income": "8,512,000", "Tax Provision": "2,983,000", "Earnings from Equity Interest Net of Tax": "15,000", "Net Income Common Stockholders": "4,273,000", "Average Dilution Earnings": "-", "Diluted NI Available to Com Stockholders": "4,273,000", "Basic EPS": "4.67", "Diluted EPS": "4.57", "Basic Average Shares": "916,000", "Diluted Average Shares": "948,000", "Total Operating Income as Reported": "9,068,000", "Total Expenses": "9,914,000", "Interest Expense": "462,000", "Net Interest Income": "-462,000", "Net Income from Continuing & Discontinued Operation": "4,336,000", "Normalized Income": "4,397,058", "EBIT": "8,974,000", "EBITDA": "-", "Reconciled Cost of Revenue": "9,533,000", "Reconciled Depreciation": "1,128,000", "Net Income from Continuing Operation Net Minority Interest": "4,336,000", "Total Unusual Items Excluding Goodwill": "-94,000", "Total Unusual Items": "-94,000", "Normalized EBITDA": "10,196,000", "Tax Rate for Calcs": "0", "Tax Effect of Unusual Items": "-32,942"}, "12/31/2009": {"Duration": "12/31/2009", "Total Revenue": "15,040,000", "Cost of Revenue": "8,049,000", "Gross Profit": "6,991,000", "Operating Expense": "411,000", "Operating Income": "6,580,000", "Net Non Operating Interest Income Expense": "-586,000", "Other Income Expense": "-178,000", "Pretax Income": "5,816,000", "Tax Provision": "2,307,000", "Earnings from Equity Interest Net of Tax": "25,000", "Net Income Common Stockholders": "2,527,000", "Average Dilution Earnings": "-", "Diluted NI Available to Com Stockholders": "2,527,000", "Basic EPS": "3.05", "Diluted EPS": "2.93", "Basic Average Shares": "828,000", "Diluted Average Shares": "938,000", "Total Operating Income as Reported": "6,503,000", "Total Expenses": "8,460,000", "Interest Expense": "586,000", "Net Interest Income": "-586,000", "Net Income from Continuing & Discontinued Operation": "2,749,000", "Normalized Income": "2,856,394", "EBIT": "6,402,000", "EBITDA": "-", "Reconciled Cost of Revenue": "8,049,000", "Reconciled Depreciation": "1,137,000", "Net Income from Continuing Operation Net Minority Interest": "2,749,000", "Total Unusual Items Excluding Goodwill": "-178,000", "Total Unusual Items": "-178,000", "Normalized EBITDA": "7,717,000", "Tax Rate for Calcs": "0", "Tax Effect of Unusual Items": "-70,606"}, "12/31/2008": {"Duration": "12/31/2008", "Total Revenue": "17,796,000", "Cost of Revenue": "12,980,000", "Gross Profit": "4,816,000", "Operating Expense": "561,000", "Operating Income": "4,255,000", "Net Non Operating Interest Income Expense": "-584,000", "Other Income Expense": "-16,980,000", "Pretax Income": "-13,309,000", "Tax Provision": "-2,844,000", "Earnings from Equity Interest Net of Tax": "-602,000", "Net Income Common Stockholders": "-11,341,000", "Average Dilution Earnings": "-", "Diluted NI Available to Com Stockholders": "-11,341,000", "Basic EPS": "-14.86", "Diluted EPS": "-14.86", "Basic Average Shares": "764,000", "Diluted Average Shares": "764,000", "Total Operating Income as Reported": "-12,710,000", "Total Expenses": "13,541,000", "Interest Expense": "584,000", "Net Interest Income": "-584,000", "Net Income from Continuing & Discontinued Operation": "-11,067,000", "Normalized Income": "2,284,544", "EBIT": "-12,725,000", "EBITDA": "-", "Reconciled Cost of Revenue": "12,980,000", "Reconciled Depreciation": "1,899,000", "Net Income from Continuing Operation Net Minority Interest": "-11,067,000", "Total Unusual Items Excluding Goodwill": "-16,980,000", "Total Unusual Items": "-16,980,000", "Normalized EBITDA": "6,154,000", "Tax Rate for Calcs": "0", "Tax Effect of Unusual Items": "-3,628,456"}, "12/31/2007": {"Duration": "12/31/2007", "Total Revenue": "16,939,000", "Cost of Revenue": "9,918,000", "Gross Profit": "7,021,000", "Operating Expense": "293,000", "Operating Income": "6,728,000", "Net Non Operating Interest Income Expense": "-", "Other Income Expense": "-82,000", "Pretax Income": "6,133,000", "Tax Provision": "2,400,000", "Earnings from Equity Interest Net of Tax": "-", "Net Income Common Stockholders": "2,769,000", "Average Dilution Earnings": "-", "Diluted NI Available to Com Stockholders": "2,769,000", "Basic EPS": "4.06", "Diluted EPS": "3.75", "Basic Average Shares": "682,000", "Diluted Average Shares": "794,000", "Total Operating Income as Reported": "6,555,000", "Total Expenses": "10,211,000", "Interest Expense": "-", "Net Interest Income": "-", "Net Income from Continuing & Discontinued Operation": "2,977,000", "Normalized Income": "3,005,302", "EBIT": "6,728,000", "EBITDA": "-", "Reconciled Cost of Revenue": "9,918,000", "Reconciled Depreciation": "1,264,000", "Net Income from Continuing Operation Net Minority Interest": "2,942,000", "Total Unusual Items Excluding Goodwill": "-104,000", "Total Unusual Items": "-104,000", "Normalized EBITDA": "8,096,000", "Tax Rate for Calcs": "0", "Tax Effect of Unusual Items": "-40,698"}, "12/31/2006": {"Duration": "12/31/2006", "Total Revenue": "5,790,500", "Cost of Revenue": "2,537,112", "Gross Profit": "3,253,388", "Operating Expense": "352,592", "Operating Income": "2,900,796", "Net Non Operating Interest Income Expense": "-", "Other Income Expense": "662", "Pretax Income": "2,825,871", "Tax Provision": "1,201,175", "Earnings from Equity Interest Net of Tax": "-", "Net Income Common Stockholders": "1,396,009", "Average Dilution Earnings": "-", "Diluted NI Available to Com Stockholders": "1,396,009", "Basic EPS": "3.66", "Diluted EPS": "3.31", "Basic Average Shares": "381,460", "Diluted Average Shares": "442,996", "Total Operating Income as Reported": "2,868,747", "Total Expenses": "2,889,704", "Interest Expense": "-", "Net Interest Income": "-", "Net Income from Continuing & Discontinued Operation": "1,456,509", "Normalized Income": "1,460,006", "EBIT": "2,900,796", "EBITDA": "-", "Reconciled Cost of Revenue": "2,532,144", "Reconciled Depreciation": "232,539", "Net Income from Continuing Operation Net Minority Interest": "1,456,509", "Total Unusual Items Excluding Goodwill": "-5,828", "Total Unusual Items": "-5,828", "Normalized EBITDA": "3,139,163", "Tax Rate for Calcs": "0", "Tax Effect of Unusual Items": "-2,331"}, "12/31/2005": {"Duration": "12/31/2005", "Total Revenue": "4,179,118", "Cost of Revenue": "1,646,435", "Gross Profit": "2,532,683", "Operating Expense": "355,397", "Operating Income": "2,177,286", "Net Non Operating Interest Income Expense": "-", "Other Income Expense": "-8,709", "Pretax Income": "2,036,938", "Tax Provision": "915,068", "Earnings from Equity Interest Net of Tax": "-", "Net Income Common Stockholders": "934,627", "Average Dilution Earnings": "-", "Diluted NI Available to Com Stockholders": "934,627", "Basic EPS": "2.59", "Diluted EPS": "2.33", "Basic Average Shares": "360,540", "Diluted Average Shares": "440,940", "Total Operating Income as Reported": "2,177,286", "Total Expenses": "2,001,832", "Interest Expense": "-", "Net Interest Income": "-", "Net Income from Continuing & Discontinued Operation": "995,127", "Normalized Income": "1,005,934", "EBIT": "2,177,286", "EBITDA": "-", "Reconciled Cost of Revenue": "1,638,839", "Reconciled Depreciation": "259,108", "Net Income from Continuing Operation Net Minority Interest": "995,127", "Total Unusual Items Excluding Goodwill": "-18,011", "Total Unusual Items": "-18,011", "Normalized EBITDA": "2,454,405", "Tax Rate for Calcs": "0", "Tax Effect of Unusual Items": "-7,204"}, "12/31/2004": {"Duration": "12/31/2004", "Total Revenue": "2,371,866", "Cost of Revenue": "1,458,955", "Gross Profit": "912,911", "Operating Expense": "209,335", "Operating Income": "703,576", "Net Non Operating Interest Income Expense": "-", "Other Income Expense": "105,911", "Pretax Income": "574,384", "Tax Provision": "330,680", "Earnings from Equity Interest Net of Tax": "-", "Net Income Common Stockholders": "156,776", "Average Dilution Earnings": "-", "Diluted NI Available to Com Stockholders": "156,776", "Basic EPS": "0.43", "Diluted EPS": "0.42", "Basic Average Shares": "364,544", "Diluted Average Shares": "369,846", "Total Operating Income as Reported": "703,576", "Total Expenses": "1,668,290", "Interest Expense": "-", "Net Interest Income": "-", "Net Income from Continuing & Discontinued Operation": "202,267", "Normalized Income": "139,947", "EBIT": "703,576", "EBITDA": "-", "Reconciled Cost of Revenue": "1,450,454", "Reconciled Depreciation": "214,909", "Net Income from Continuing Operation Net Minority Interest": "202,267", "Total Unusual Items Excluding Goodwill": "103,866", "Total Unusual Items": "103,866", "Normalized EBITDA": "814,619", "Tax Rate for Calcs": "0", "Tax Effect of Unusual Items": "41,546"}, "12/31/2003": {"Duration": "12/31/2003", "Total Revenue": "2,212,165", "Cost of Revenue": "1,077,775", "Gross Profit": "1,134,390", "Operating Expense": "276,493", "Operating Income": "857,897", "Net Non Operating Interest Income Expense": "-", "Other Income Expense": "-77,105", "Pretax Income": "583,775", "Tax Provision": "338,053", "Earnings from Equity Interest Net of Tax": "-", "Net Income Common Stockholders": "154,219", "Average Dilution Earnings": "-", "Diluted NI Available to Com Stockholders": "154,219", "Basic EPS": "0.49", "Diluted EPS": "0.48", "Basic Average Shares": "311,610", "Diluted Average Shares": "318,204", "Total Operating Income as Reported": "823,308", "Total Expenses": "1,354,268", "Interest Expense": "-", "Net Interest Income": "-", "Net Income from Continuing & Discontinued Operation": "197,253", "Normalized Income": "246,881", "EBIT": "857,897", "EBITDA": "-", "Reconciled Cost of Revenue": "1,061,579", "Reconciled Depreciation": "246,999", "Net Income from Continuing Operation Net Minority Interest": "197,253", "Total Unusual Items Excluding Goodwill": "-82,714", "Total Unusual Items": "-82,714", "Normalized EBITDA": "1,187,610", "Tax Rate for Calcs": "0", "Tax Effect of Unusual Items": "-33,086"}, "12/31/2002": {"Duration": "12/31/2002", "Total Revenue": "1,910,462", "Cost of Revenue": "941,574", "Gross Profit": "968,888", "Operating Expense": "328,751", "Operating Income": "640,137", "Net Non Operating Interest Income Expense": "-", "Other Income Expense": "-19,266", "Pretax Income": "413,221", "Tax Provision": "245,518", "Earnings from Equity Interest Net of Tax": "-", "Net Income Common Stockholders": "127,050", "Average Dilution Earnings": "-", "Diluted NI Available to Com Stockholders": "127,050", "Basic EPS": "0.44", "Diluted EPS": "0.43", "Basic Average Shares": "289,298", "Diluted Average Shares": "292,836", "Total Operating Income as Reported": "640,137", "Total Expenses": "1,270,325", "Interest Expense": "-", "Net Interest Income": "-", "Net Income from Continuing & Discontinued Operation": "167,703", "Normalized Income": "176,754", "EBIT": "640,137", "EBITDA": "-", "Reconciled Cost of Revenue": "929,545", "Reconciled Depreciation": "272,475", "Net Income from Continuing Operation Net Minority Interest": "167,703", "Total Unusual Items Excluding Goodwill": "-15,085", "Total Unusual Items": "-15,085", "Normalized EBITDA": "927,697", "Tax Rate for Calcs": "0", "Tax Effect of Unusual Items": "-6,034"}, "12/31/2001": {"Duration": "12/31/2001", "Total Revenue": "1,838,866", "Cost of Revenue": "952,629", "Gross Profit": "886,237", "Operating Expense": "343,311", "Operating Income": "542,926", "Net Non Operating Interest Income Expense": "-", "Other Income Expense": "-10,555", "Pretax Income": "358,776", "Tax Provision": "202,979", "Earnings from Equity Interest Net of Tax": "-", "Net Income Common Stockholders": "76,496", "Average Dilution Earnings": "-", "Diluted NI Available to Com Stockholders": "76,496", "Basic EPS": "0.27", "Diluted EPS": "0.27", "Basic Average Shares": "287,904", "Diluted Average Shares": "289,876", "Total Operating Income as Reported": "542,926", "Total Expenses": "1,295,940", "Interest Expense": "-", "Net Interest Income": "-", "Net Income from Continuing & Discontinued Operation": "113,025", "Normalized Income": "116,276", "EBIT": "542,926", "EBITDA": "-", "Reconciled Cost of Revenue": "952,629", "Reconciled Depreciation": "283,889", "Net Income from Continuing Operation Net Minority Interest": "113,025", "Total Unusual Items Excluding Goodwill": "-5,418", "Total Unusual Items": "-5,418", "Normalized EBITDA": "832,233", "Tax Rate for Calcs": "0", "Tax Effect of Unusual Items": "-2,167"}, "12/31/2000": {"Duration": "12/31/2000", "Total Revenue": "1,868,610", "Cost of Revenue": "1,019,771", "Gross Profit": "848,839", "Operating Expense": "354,506", "Operating Income": "494,333", "Net Non Operating Interest Income Expense": "-", "Other Income Expense": "-15,747", "Pretax Income": "236,560", "Tax Provision": "159,573", "Earnings from Equity Interest Net of Tax": "-", "Net Income Common Stockholders": "39,500", "Average Dilution Earnings": "-", "Diluted NI Available to Com Stockholders": "39,500", "Basic EPS": "0.13", "Diluted EPS": "0.13", "Basic Average Shares": "307,994", "Diluted Average Shares": "309,038", "Total Operating Income as Reported": "494,333", "Total Expenses": "1,374,277", "Interest Expense": "-", "Net Interest Income": "-", "Net Income from Continuing & Discontinued Operation": "76,987", "Normalized Income": "86,435", "EBIT": "494,333", "EBITDA": "-", "Reconciled Cost of Revenue": "1,019,771", "Reconciled Depreciation": "283,556", "Net Income from Continuing Operation Net Minority Interest": "76,987", "Total Unusual Items Excluding Goodwill": "-15,747", "Total Unusual Items": "-15,747", "Normalized EBITDA": "793,636", "Tax Rate for Calcs": "0", "Tax Effect of Unusual Items": "-6,299"}, "12/31/1999": {"Duration": "12/31/1999", "Total Revenue": "1,887,300", "Cost of Revenue": "940,300", "Gross Profit": "947,000", "Operating Expense": "363,800", "Operating Income": "583,200", "Net Non Operating Interest Income Expense": "-", "Other Income Expense": "-8,300", "Pretax Income": "332,200", "Tax Provision": "195,700", "Earnings from Equity Interest Net of Tax": "-", "Net Income Common Stockholders": "100,800", "Average Dilution Earnings": "-", "Diluted NI Available to Com Stockholders": "100,800", "Basic EPS": "0.31", "Diluted EPS": "0.30", "Basic Average Shares": "327,226", "Diluted Average Shares": "329,134", "Total Operating Income as Reported": "583,200", "Total Expenses": "1,304,100", "Interest Expense": "-", "Net Interest Income": "-", "Net Income from Continuing & Discontinued Operation": "136,500", "Normalized Income": "141,480", "EBIT": "583,200", "EBITDA": "-", "Reconciled Cost of Revenue": "940,300", "Reconciled Depreciation": "293,200", "Net Income from Continuing Operation Net Minority Interest": "136,500", "Total Unusual Items Excluding Goodwill": "-8,300", "Total Unusual Items": "-8,300", "Normalized EBITDA": "884,700", "Tax Rate for Calcs": "0", "Tax Effect of Unusual Items": "-3,320"}, "12/31/1998": {"Duration": "12/31/1998", "Total Revenue": "1,757,100", "Cost of Revenue": "817,600", "Gross Profit": "939,500", "Operating Expense": "365,200", "Operating Income": "574,300", "Net Non Operating Interest Income Expense": "-", "Other Income Expense": "-7,300", "Pretax Income": "324,400", "Tax Provision": "170,600", "Earnings from Equity Interest Net of Tax": "-", "Net Income Common Stockholders": "118,300", "Average Dilution Earnings": "-", "Diluted NI Available to Com Stockholders": "118,300", "Basic EPS": "0.34", "Diluted EPS": "0.34", "Basic Average Shares": "350,706", "Diluted Average Shares": "350,708", "Total Operating Income as Reported": "574,300", "Total Expenses": "1,182,800", "Interest Expense": "-", "Net Interest Income": "-", "Net Income from Continuing & Discontinued Operation": "153,800", "Normalized Income": "158,180", "EBIT": "574,300", "EBITDA": "-", "Reconciled Cost of Revenue": "817,600", "Reconciled Depreciation": "277,400", "Net Income from Continuing Operation Net Minority Interest": "153,800", "Total Unusual Items Excluding Goodwill": "-7,300", "Total Unusual Items": "-7,300", "Normalized EBITDA": "859,000", "Tax Rate for Calcs": "0", "Tax Effect of Unusual Items": "-2,920"}, "12/31/1997": {"Duration": "12/31/1997", "Total Revenue": "2,000,900", "Cost of Revenue": "1,026,200", "Gross Profit": "974,700", "Operating Expense": "310,500", "Operating Income": "664,200", "Net Non Operating Interest Income Expense": "-", "Other Income Expense": "4,300", "Pretax Income": "476,400", "Tax Provision": "231,300", "Earnings from Equity Interest Net of Tax": "-", "Net Income Common Stockholders": "208,500", "Average Dilution Earnings": "-", "Diluted NI Available to Com Stockholders": "208,500", "Basic EPS": "0.53", "Diluted EPS": "0.53", "Basic Average Shares": "392,784", "Diluted Average Shares": "395,306", "Total Operating Income as Reported": "664,200", "Total Expenses": "1,336,700", "Interest Expense": "-", "Net Interest Income": "-", "Net Income from Continuing & Discontinued Operation": "245,100", "Normalized Income": "242,520", "EBIT": "664,200", "EBITDA": "-", "Reconciled Cost of Revenue": "1,026,200", "Reconciled Depreciation": "213,900", "Net Income from Continuing Operation Net Minority Interest": "245,100", "Total Unusual Items Excluding Goodwill": "4,300", "Total Unusual Items": "4,300", "Normalized EBITDA": "873,800", "Tax Rate for Calcs": "0", "Tax Effect of Unusual Items": "1,720"}, "12/31/1996": {"Duration": "12/31/1996", "Total Revenue": "1,905,000", "Cost of Revenue": "951,900", "Gross Profit": "953,100", "Operating Expense": "314,900", "Operating Income": "638,200", "Net Non Operating Interest Income Expense": "-", "Other Income Expense": "1,000", "Pretax Income": "473,400", "Tax Provision": "247,200", "Earnings from Equity Interest Net of Tax": "-", "Net Income Common Stockholders": "174,600", "Average Dilution Earnings": "-", "Diluted NI Available to Com Stockholders": "174,600", "Basic EPS": "0.45", "Diluted EPS": "0.45", "Basic Average Shares": "393,364", "Diluted Average Shares": "393,364", "Total Operating Income as Reported": "638,200", "Total Expenses": "1,266,800", "Interest Expense": "-", "Net Interest Income": "-", "Net Income from Continuing & Discontinued Operation": "226,200", "Normalized Income": "225,600", "EBIT": "638,200", "EBITDA": "-", "Reconciled Cost of Revenue": "951,900", "Reconciled Depreciation": "174,000", "Net Income from Continuing Operation Net Minority Interest": "226,200", "Total Unusual Items Excluding Goodwill": "1,000", "Total Unusual Items": "1,000", "Normalized EBITDA": "811,200", "Tax Rate for Calcs": "0", "Tax Effect of Unusual Items": "400"}, "12/31/1995": {"Duration": "12/31/1995", "Total Revenue": "1,834,300", "Cost of Revenue": "932,400", "Gross Profit": "901,900", "Operating Expense": "309,400", "Operating Income": "592,500", "Net Non Operating Interest Income Expense": "-", "Other Income Expense": "-", "Pretax Income": "487,600", "Tax Provision": "234,000", "Earnings from Equity Interest Net of Tax": "-", "Net Income Common Stockholders": "199,500", "Average Dilution Earnings": "-", "Diluted NI Available to Com Stockholders": "199,500", "Basic EPS": "0.49", "Diluted EPS": "0.49", "Basic Average Shares": "408,812", "Diluted Average Shares": "408,812", "Total Operating Income as Reported": "592,500", "Total Expenses": "1,241,800", "Interest Expense": "-", "Net Interest Income": "-", "Net Income from Continuing & Discontinued Operation": "253,600", "Normalized Income": "253,600", "EBIT": "592,500", "EBITDA": "-", "Reconciled Cost of Revenue": "932,400", "Reconciled Depreciation": "124,100", "Net Income from Continuing Operation Net Minority Interest": "253,600", "Total Unusual Items Excluding Goodwill": "-", "Total Unusual Items": "-", "Normalized EBITDA": "716,600", "Tax Rate for Calcs": "0", "Tax Effect of Unusual Items": "0"}, "12/31/1994": {"Duration": "12/31/1994", "Total Revenue": "1,212,300", "Cost of Revenue": "780,600", "Gross Profit": "431,700", "Operating Expense": "184,100", "Operating Income": "247,600", "Net Non Operating Interest Income Expense": "-", "Other Income Expense": "31,600", "Pretax Income": "253,600", "Tax Provision": "123,400", "Earnings from Equity Interest Net of Tax": "-", "Net Income Common Stockholders": "78,400", "Average Dilution Earnings": "-", "Diluted NI Available to Com Stockholders": "78,400", "Basic EPS": "0.19", "Diluted EPS": "0.19", "Basic Average Shares": "411,510", "Diluted Average Shares": "411,510", "Total Operating Income as Reported": "247,600", "Total Expenses": "964,700", "Interest Expense": "-", "Net Interest Income": "-", "Net Income from Continuing & Discontinued Operation": "130,200", "Normalized Income": "111,240", "EBIT": "247,600", "EBITDA": "-", "Reconciled Cost of Revenue": "780,600", "Reconciled Depreciation": "75,100", "Net Income from Continuing Operation Net Minority Interest": "130,200", "Total Unusual Items Excluding Goodwill": "31,600", "Total Unusual Items": "31,600", "Normalized EBITDA": "291,100", "Tax Rate for Calcs": "0", "Tax Effect of Unusual Items": "12,640"}, "12/31/1993": {"Duration": "12/31/1993", "Total Revenue": "925,900", "Cost of Revenue": "567,100", "Gross Profit": "358,800", "Operating Expense": "203,800", "Operating Income": "155,000", "Net Non Operating Interest Income Expense": "-", "Other Income Expense": "-2,200", "Pretax Income": "128,300", "Tax Provision": "67,600", "Earnings from Equity Interest Net of Tax": "-", "Net Income Common Stockholders": "21,800", "Average Dilution Earnings": "-", "Diluted NI Available to Com Stockholders": "21,800", "Basic EPS": "0.06", "Diluted EPS": "0.06", "Basic Average Shares": "396,364", "Diluted Average Shares": "396,364", "Total Operating Income as Reported": "155,000", "Total Expenses": "770,900", "Interest Expense": "-", "Net Interest Income": "-", "Net Income from Continuing & Discontinued Operation": "60,700", "Normalized Income": "62,020", "EBIT": "155,000", "EBITDA": "-", "Reconciled Cost of Revenue": "567,100", "Reconciled Depreciation": "67,900", "Net Income from Continuing Operation Net Minority Interest": "60,700", "Total Unusual Items Excluding Goodwill": "-2,200", "Total Unusual Items": "-2,200", "Normalized EBITDA": "225,100", "Tax Rate for Calcs": "0", "Tax Effect of Unusual Items": "-880"}, "12/31/1992": {"Duration": "12/31/1992", "Total Revenue": "714,300", "Cost of Revenue": "291,600", "Gross Profit": "422,700", "Operating Expense": "146,300", "Operating Income": "276,400", "Net Non Operating Interest Income Expense": "-", "Other Income Expense": "7,200", "Pretax Income": "233,600", "Tax Provision": "103,700", "Earnings from Equity Interest Net of Tax": "-", "Net Income Common Stockholders": "122,900", "Average Dilution Earnings": "-", "Diluted NI Available to Com Stockholders": "122,900", "Basic EPS": "0.33", "Diluted EPS": "0.33", "Basic Average Shares": "372,424", "Diluted Average Shares": "372,424", "Total Operating Income as Reported": "276,400", "Total Expenses": "437,900", "Interest Expense": "-", "Net Interest Income": "-", "Net Income from Continuing & Discontinued Operation": "129,900", "Normalized Income": "125,580", "EBIT": "276,400", "EBITDA": "-", "Reconciled Cost of Revenue": "291,600", "Reconciled Depreciation": "65,600", "Net Income from Continuing Operation Net Minority Interest": "129,900", "Total Unusual Items Excluding Goodwill": "7,200", "Total Unusual Items": "7,200", "Normalized EBITDA": "334,800", "Tax Rate for Calcs": "0", "Tax Effect of Unusual Items": "2,880"}, "12/31/1991": {"Duration": "12/31/1991", "Total Revenue": "467,500", "Cost of Revenue": "204,400", "Gross Profit": "263,100", "Operating Expense": "85,500", "Operating Income": "177,600", "Net Non Operating Interest Income Expense": "-", "Other Income Expense": "3,500", "Pretax Income": "147,600", "Tax Provision": "45,600", "Earnings from Equity Interest Net of Tax": "-", "Net Income Common Stockholders": "96,200", "Average Dilution Earnings": "-", "Diluted NI Available to Com Stockholders": "96,200", "Basic EPS": "0.27", "Diluted EPS": "0.27", "Basic Average Shares": "363,019", "Diluted Average Shares": "363,019", "Total Operating Income as Reported": "177,600", "Total Expenses": "289,900", "Interest Expense": "-", "Net Interest Income": "-", "Net Income from Continuing & Discontinued Operation": "102,000", "Normalized Income": "99,581", "EBIT": "177,600", "EBITDA": "-", "Reconciled Cost of Revenue": "204,400", "Reconciled Depreciation": "38,400", "Net Income from Continuing Operation Net Minority Interest": "102,000", "Total Unusual Items Excluding Goodwill": "3,500", "Total Unusual Items": "3,500", "Normalized EBITDA": "212,500", "Tax Rate for Calcs": "0", "Tax Effect of Unusual Items": "1,081"}, "12/31/1990": {"Duration": "12/31/1990", "Total Revenue": "434,100", "Cost of Revenue": "160,000", "Gross Profit": "274,100", "Operating Expense": "69,600", "Operating Income": "204,500", "Net Non Operating Interest Income Expense": "-", "Other Income Expense": "1,200", "Pretax Income": "178,200", "Tax Provision": "85,600", "Earnings from Equity Interest Net of Tax": "-", "Net Income Common Stockholders": "92,600", "Average Dilution Earnings": "-", "Diluted NI Available to Com Stockholders": "92,600", "Basic EPS": "0.27", "Diluted EPS": "0.27", "Basic Average Shares": "342,963", "Diluted Average Shares": "342,963", "Total Operating Income as Reported": "204,500", "Total Expenses": "229,600", "Interest Expense": "-", "Net Interest Income": "-", "Net Income from Continuing & Discontinued Operation": "92,600", "Normalized Income": "91,880", "EBIT": "204,500", "EBITDA": "-", "Reconciled Cost of Revenue": "160,000", "Reconciled Depreciation": "35,500", "Net Income from Continuing Operation Net Minority Interest": "92,600", "Total Unusual Items Excluding Goodwill": "1,200", "Total Unusual Items": "1,200", "Normalized EBITDA": "238,800", "Tax Rate for Calcs": "0", "Tax Effect of Unusual Items": "480"}, "12/31/1989": {"Duration": "12/31/1989", "Total Revenue": "367,900", "Cost of Revenue": "118,500", "Gross Profit": "249,400", "Operating Expense": "45,800", "Operating Income": "203,600", "Net Non Operating Interest Income Expense": "-", "Other Income Expense": "2,600", "Pretax Income": "188,600", "Tax Provision": "89,900", "Earnings from Equity Interest Net of Tax": "-", "Net Income Common Stockholders": "98,500", "Average Dilution Earnings": "-", "Diluted NI Available to Com Stockholders": "98,500", "Basic EPS": "0.29", "Diluted EPS": "0.29", "Basic Average Shares": "339,655", "Diluted Average Shares": "339,655", "Total Operating Income as Reported": "203,600", "Total Expenses": "164,300", "Interest Expense": "-", "Net Interest Income": "-", "Net Income from Continuing & Discontinued Operation": "98,700", "Normalized Income": "97,140", "EBIT": "203,600", "EBITDA": "-", "Reconciled Cost of Revenue": "118,500", "Reconciled Depreciation": "24,600", "Net Income from Continuing Operation Net Minority Interest": "98,700", "Total Unusual Items Excluding Goodwill": "2,600", "Total Unusual Items": "2,600", "Normalized EBITDA": "225,600", "Tax Rate for Calcs": "0", "Tax Effect of Unusual Items": "1,040"}, "12/31/1988": {"Duration": "12/31/1988", "Total Revenue": "335,000", "Cost of Revenue": "98,600", "Gross Profit": "236,400", "Operating Expense": "36,400", "Operating Income": "200,000", "Net Non Operating Interest Income Expense": "-", "Other Income Expense": "1,000", "Pretax Income": "183,000", "Tax Provision": "88,800", "Earnings from Equity Interest Net of Tax": "-", "Net Income Common Stockholders": "94,200", "Average Dilution Earnings": "-", "Diluted NI Available to Com Stockholders": "94,200", "Basic EPS": "0.23", "Diluted EPS": "0.23", "Basic Average Shares": "412,683", "Diluted Average Shares": "412,683", "Total Operating Income as Reported": "-", "Total Expenses": "135,000", "Interest Expense": "-", "Net Interest Income": "-", "Net Income from Continuing & Discontinued Operation": "94,200", "Normalized Income": "93,600", "EBIT": "200,000", "EBITDA": "-", "Reconciled Cost of Revenue": "98,600", "Reconciled Depreciation": "20,900", "Net Income from Continuing Operation Net Minority Interest": "94,200", "Total Unusual Items Excluding Goodwill": "1,000", "Total Unusual Items": "1,000", "Normalized EBITDA": "219,900", "Tax Rate for Calcs": "0", "Tax Effect of Unusual Items": "400"}, "12/31/1987": {"Duration": "12/31/1987", "Total Revenue": "190,000", "Cost of Revenue": "79,600", "Gross Profit": "110,400", "Operating Expense": "33,200", "Operating Income": "77,200", "Net Non Operating Interest Income Expense": "-", "Other Income Expense": "900", "Pretax Income": "67,900", "Tax Provision": "24,500", "Earnings from Equity Interest Net of Tax": "-", "Net Income Common Stockholders": "43,400", "Average Dilution Earnings": "-", "Diluted NI Available to Com Stockholders": "43,400", "Basic EPS": "0.11", "Diluted EPS": "0.11", "Basic Average Shares": "412,683", "Diluted Average Shares": "412,683", "Total Operating Income as Reported": "-", "Total Expenses": "112,800", "Interest Expense": "-", "Net Interest Income": "-", "Net Income from Continuing & Discontinued Operation": "43,400", "Normalized Income": "42,825", "EBIT": "77,200", "EBITDA": "-", "Reconciled Cost of Revenue": "79,600", "Reconciled Depreciation": "23,300", "Net Income from Continuing Operation Net Minority Interest": "43,400", "Total Unusual Items Excluding Goodwill": "900", "Total Unusual Items": "900", "Normalized EBITDA": "99,600", "Tax Rate for Calcs": "0", "Tax Effect of Unusual Items": "324.7423"}}, "bs": {"12/31/2020": {"Duration": "12/31/2020", "Total Assets": "42,144,000", "Total Liabilities Net Minority Interest": "23,476,000", "Total Equity Gross Minority Interest": "18,668,000", "Total Capitalization": "19,851,000", "Preferred Stock Equity": "-", "Common Stock Equity": "10,174,000", "Capital Lease Obligations": "228,000", "Net Tangible Assets": "9,773,000", "Working Capital": "5,886,000", "Invested Capital": "19,885,000", "Tangible Book Value": "9,773,000", "Total Debt": "9,939,000", "Net Debt": "6,054,000", "Share Issued": "1,590,000", "Ordinary Shares Number": "1,458,000", "Preferred Shares Number": "-", "Treasury Shares Number": "132,000"}, "12/31/2019": {"Duration": "12/31/2019", "Total Assets": "40,809,000", "Total Liabilities Net Minority Interest": "23,361,000", "Total Equity Gross Minority Interest": "17,448,000", "Total Capitalization": "19,119,000", "Preferred Stock Equity": "-", "Common Stock Equity": "9,298,000", "Capital Lease Obligations": "248,000", "Net Tangible Assets": "8,896,000", "Working Capital": "4,706,000", "Invested Capital": "19,124,000", "Tangible Book Value": "8,896,000", "Total Debt": "10,074,000", "Net Debt": "7,806,000", "Share Issued": "1,582,000", "Ordinary Shares Number": "1,451,000", "Preferred Shares Number": "-", "Treasury Shares Number": "131,000"}, "12/31/2018": {"Duration": "12/31/2018", "Total Assets": "42,216,000", "Total Liabilities Net Minority Interest": "24,324,000", "Total Equity Gross Minority Interest": "17,892,000", "Total Capitalization": "20,922,000", "Preferred Stock Equity": "-", "Common Stock Equity": "9,798,000", "Capital Lease Obligations": "-", "Net Tangible Assets": "9,400,000", "Working Capital": "7,391,000", "Invested Capital": "20,939,000", "Tangible Book Value": "9,400,000", "Total Debt": "11,141,000", "Net Debt": "6,924,000", "Share Issued": "1,579,000", "Ordinary Shares Number": "1,449,000", "Preferred Shares Number": "-", "Treasury Shares Number": "130,000"}, "12/31/2017": {"Duration": "12/31/2017", "Total Assets": "37,302,000", "Total Liabilities Net Minority Interest": "26,006,000", "Total Equity Gross Minority Interest": "11,296,000", "Total Capitalization": "19,680,000", "Preferred Stock Equity": "-", "Common Stock Equity": "7,977,000", "Capital Lease Obligations": "-", "Net Tangible Assets": "7,671,000", "Working Capital": "5,741,000", "Invested Capital": "21,094,000", "Tangible Book Value": "7,671,000", "Total Debt": "13,117,000", "Net Debt": "8,670,000", "Share Issued": "1,578,000", "Ordinary Shares Number": "1,448,000", "Preferred Shares Number": "-", "Treasury Shares Number": "130,000"}, "12/31/2016": {"Duration": "12/31/2016", "Total Assets": "37,317,000", "Total Liabilities Net Minority Interest": "28,060,000", "Total Equity Gross Minority Interest": "9,257,000", "Total Capitalization": "20,846,000", "Preferred Stock Equity": "-", "Common Stock Equity": "6,051,000", "Capital Lease Obligations": "-", "Net Tangible Assets": "5,746,000", "Working Capital": "6,170,000", "Invested Capital": "22,078,000", "Tangible Book Value": "5,746,000", "Total Debt": "16,027,000", "Net Debt": "11,782,000", "Share Issued": "1,574,000", "Ordinary Shares Number": "1,445,000", "Preferred Shares Number": "-", "Treasury Shares Number": "129,000"}, "12/31/2015": {"Duration": "12/31/2015", "Total Assets": "46,577,000", "Total Liabilities Net Minority Interest": "34,533,000", "Total Equity Gross Minority Interest": "12,044,000", "Total Capitalization": "27,607,000", "Preferred Stock Equity": "-", "Common Stock Equity": "7,828,000", "Capital Lease Obligations": "-", "Net Tangible Assets": "7,511,000", "Working Capital": "3,155,000", "Invested Capital": "28,256,000", "Tangible Book Value": "7,511,000", "Total Debt": "20,428,000", "Net Debt": "20,204,000", "Share Issued": "1,374,000", "Ordinary Shares Number": "1,246,000", "Preferred Shares Number": "-", "Treasury Shares Number": "128,000"}, "12/31/2014": {"Duration": "12/31/2014", "Total Assets": "58,795,000", "Total Liabilities Net Minority Interest": "36,321,000", "Total Equity Gross Minority Interest": "22,474,000", "Total Capitalization": "36,779,000", "Preferred Stock Equity": "-", "Common Stock Equity": "18,287,000", "Capital Lease Obligations": "-", "Net Tangible Assets": "17,953,000", "Working Capital": "3,873,000", "Invested Capital": "37,257,000", "Tangible Book Value": "17,953,000", "Total Debt": "18,970,000", "Net Debt": "18,506,000", "Share Issued": "1,167,000", "Ordinary Shares Number": "1,039,000", "Preferred Shares Number": "-", "Treasury Shares Number": "128,000"}, "12/31/2013": {"Duration": "12/31/2013", "Total Assets": "63,473,000", "Total Liabilities Net Minority Interest": "38,242,000", "Total Equity Gross Minority Interest": "25,231,000", "Total Capitalization": "41,328,000", "Preferred Stock Equity": "-", "Common Stock Equity": "20,934,000", "Capital Lease Obligations": "-", "Net Tangible Assets": "18,638,000", "Working Capital": "5,199,000", "Invested Capital": "41,640,000", "Tangible Book Value": "18,638,000", "Total Debt": "20,706,000", "Net Debt": "18,721,000", "Share Issued": "1,165,000", "Ordinary Shares Number": "1,038,000", "Preferred Shares Number": "-", "Treasury Shares Number": "127,000"}, "12/31/2012": {"Duration": "12/31/2012", "Total Assets": "35,440,000", "Total Liabilities Net Minority Interest": "14,129,000", "Total Equity Gross Minority Interest": "21,311,000", "Total Capitalization": "21,068,000", "Preferred Stock Equity": "-", "Common Stock Equity": "17,543,000", "Capital Lease Obligations": "-", "Net Tangible Assets": "17,209,000", "Working Capital": "6,954,000", "Invested Capital": "21,070,000", "Tangible Book Value": "17,209,000", "Total Debt": "3,527,000", "Net Debt": "-", "Share Issued": "1,073,000", "Ordinary Shares Number": "949,000", "Preferred Shares Number": "-", "Treasury Shares Number": "124,000"}, "12/31/2011": {"Duration": "12/31/2011", "Total Assets": "32,070,000", "Total Liabilities Net Minority Interest": "13,517,000", "Total Equity Gross Minority Interest": "18,553,000", "Total Capitalization": "19,175,000", "Preferred Stock Equity": "-", "Common Stock Equity": "15,642,000", "Capital Lease Obligations": "-", "Net Tangible Assets": "15,317,000", "Working Capital": "7,107,000", "Invested Capital": "19,179,000", "Tangible Book Value": "15,317,000", "Total Debt": "3,537,000", "Net Debt": "-", "Share Issued": "1,071,000", "Ordinary Shares Number": "948,000", "Preferred Shares Number": "-", "Treasury Shares Number": "123,000"}, "12/31/2010": {"Duration": "12/31/2010", "Total Assets": "29,386,000", "Total Liabilities Net Minority Interest": "14,826,000", "Total Equity Gross Minority Interest": "14,560,000", "Total Capitalization": "17,164,000", "Preferred Stock Equity": "-", "Common Stock Equity": "12,504,000", "Capital Lease Obligations": "-", "Net Tangible Assets": "12,176,000", "Working Capital": "6,088,000", "Invested Capital": "17,259,000", "Tangible Book Value": "12,176,000", "Total Debt": "4,755,000", "Net Debt": "1,017,000", "Share Issued": "1,189,000", "Ordinary Shares Number": "945,000", "Preferred Shares Number": "-", "Treasury Shares Number": "244,000"}, "12/31/2009": {"Duration": "12/31/2009", "Total Assets": "25,996,000", "Total Liabilities Net Minority Interest": "15,239,000", "Total Equity Gross Minority Interest": "10,757,000", "Total Capitalization": "15,449,000", "Preferred Stock Equity": "2,875,000", "Common Stock Equity": "6,244,000", "Capital Lease Obligations": "-", "Net Tangible Assets": "8,772,000", "Working Capital": "4,431,000", "Invested Capital": "12,590,000", "Tangible Book Value": "5,897,000", "Total Debt": "6,346,000", "Net Debt": "3,690,000", "Share Issued": "1,104,000", "Ordinary Shares Number": "860,000", "Preferred Shares Number": "29,000", "Treasury Shares Number": "244,000"}, "12/31/2008": {"Duration": "12/31/2008", "Total Assets": "23,353,000", "Total Liabilities Net Minority Interest": "16,252,000", "Total Equity Gross Minority Interest": "7,101,000", "Total Capitalization": "13,057,000", "Preferred Stock Equity": "3,707,000", "Common Stock Equity": "2,066,000", "Capital Lease Obligations": "-", "Net Tangible Assets": "5,409,000", "Working Capital": "2,075,000", "Invested Capital": "9,417,000", "Tangible Book Value": "1,702,000", "Total Debt": "7,351,000", "Net Debt": "6,479,000", "Share Issued": "1,065,338", "Ordinary Shares Number": "823,338", "Preferred Shares Number": "30,000", "Treasury Shares Number": "242,000"}, "12/31/2007": {"Duration": "12/31/2007", "Total Assets": "40,661,000", "Total Liabilities Net Minority Interest": "21,188,000", "Total Equity Gross Minority Interest": "19,473,000", "Total Capitalization": "25,414,000", "Preferred Stock Equity": "3,975,000", "Common Stock Equity": "14,259,000", "Capital Lease Obligations": "-", "Net Tangible Assets": "11,657,000", "Working Capital": "2,034,000", "Invested Capital": "21,470,000", "Tangible Book Value": "7,682,000", "Total Debt": "7,211,000", "Net Debt": "5,585,000", "Share Issued": "766,000", "Ordinary Shares Number": "766,000", "Preferred Shares Number": "-", "Treasury Shares Number": "-"}, "12/31/2006": {"Duration": "12/31/2006", "Total Assets": "5,389,802", "Total Liabilities Net Minority Interest": "2,731,673", "Total Equity Gross Minority Interest": "2,658,129", "Total Capitalization": "3,106,100", "Preferred Stock Equity": "1,099,985", "Common Stock Equity": "1,345,116", "Capital Lease Obligations": "-", "Net Tangible Assets": "2,445,101", "Working Capital": "1,178,588", "Invested Capital": "2,025,231", "Tangible Book Value": "1,345,116", "Total Debt": "680,115", "Net Debt": "-", "Share Issued": "393,930", "Ordinary Shares Number": "393,930", "Preferred Shares Number": "-", "Treasury Shares Number": "-"}, "12/31/2005": {"Duration": "12/31/2005", "Total Assets": "5,550,206", "Total Liabilities Net Minority Interest": "3,484,221", "Total Equity Gross Minority Interest": "2,065,985", "Total Capitalization": "2,845,592", "Preferred Stock Equity": "1,100,000", "Common Stock Equity": "742,994", "Capital Lease Obligations": "-", "Net Tangible Assets": "1,842,994", "Working Capital": "653,404", "Invested Capital": "1,998,942", "Tangible Book Value": "742,994", "Total Debt": "1,255,948", "Net Debt": "492,349", "Share Issued": "373,612", "Ordinary Shares Number": "373,612", "Preferred Shares Number": "-", "Treasury Shares Number": "-"}, "12/31/2004": {"Duration": "12/31/2004", "Total Assets": "5,086,995", "Total Liabilities Net Minority Interest": "3,703,898", "Total Equity Gross Minority Interest": "1,383,097", "Total Capitalization": "3,037,341", "Preferred Stock Equity": "1,100,000", "Common Stock Equity": "63,649", "Capital Lease Obligations": "-", "Net Tangible Assets": "1,163,649", "Working Capital": "762,385", "Invested Capital": "2,015,555", "Tangible Book Value": "63,649", "Total Debt": "1,951,906", "Net Debt": "1,400,456", "Share Issued": "357,980", "Ordinary Shares Number": "357,980", "Preferred Shares Number": "-", "Treasury Shares Number": "-"}, "12/31/2003": {"Duration": "12/31/2003", "Total Assets": "4,718,366", "Total Liabilities Net Minority Interest": "3,754,823", "Total Equity Gross Minority Interest": "963,543", "Total Capitalization": "2,851,918", "Preferred Stock Equity": "-", "Common Stock Equity": "775,984", "Capital Lease Obligations": "-", "Net Tangible Assets": "775,984", "Working Capital": "468,351", "Invested Capital": "3,004,314", "Tangible Book Value": "775,984", "Total Debt": "2,228,330", "Net Debt": "1,764,678", "Share Issued": "366,734", "Ordinary Shares Number": "366,734", "Preferred Shares Number": "-", "Treasury Shares Number": "-"}, "12/31/2002": {"Duration": "12/31/2002", "Total Assets": "4,192,193", "Total Liabilities Net Minority Interest": "3,795,680", "Total Equity Gross Minority Interest": "396,513", "Total Capitalization": "2,228,104", "Preferred Stock Equity": "349,990", "Common Stock Equity": "-83,164", "Capital Lease Obligations": "-", "Net Tangible Assets": "266,826", "Working Capital": "100,107", "Invested Capital": "1,955,226", "Tangible Book Value": "-83,164", "Total Debt": "2,038,390", "Net Debt": "2,030,554", "Share Issued": "289,820", "Ordinary Shares Number": "289,820", "Preferred Shares Number": "-", "Treasury Shares Number": "-"}, "12/31/2001": {"Duration": "12/31/2001", "Total Assets": "4,211,929", "Total Liabilities Net Minority Interest": "4,014,530", "Total Equity Gross Minority Interest": "197,399", "Total Capitalization": "2,237,624", "Preferred Stock Equity": "349,990", "Common Stock Equity": "-245,546", "Capital Lease Obligations": "-", "Net Tangible Assets": "104,444", "Working Capital": "-80,157", "Invested Capital": "2,093,054", "Tangible Book Value": "-245,546", "Total Debt": "2,338,600", "Net Debt": "2,331,013", "Share Issued": "288,304", "Ordinary Shares Number": "288,304", "Preferred Shares Number": "-", "Treasury Shares Number": "-"}, "12/31/2000": {"Duration": "12/31/2000", "Total Assets": "3,950,741", "Total Liabilities Net Minority Interest": "3,334,010", "Total Equity Gross Minority Interest": "616,731", "Total Capitalization": "2,500,667", "Preferred Stock Equity": "824,995", "Common Stock Equity": "-312,059", "Capital Lease Obligations": "-", "Net Tangible Assets": "512,936", "Working Capital": "-64,790", "Invested Capital": "1,877,966", "Tangible Book Value": "-312,059", "Total Debt": "2,190,025", "Net Debt": "2,182,057", "Share Issued": "287,864", "Ordinary Shares Number": "287,864", "Preferred Shares Number": "-", "Treasury Shares Number": "-"}, "12/31/1999": {"Duration": "12/31/1999", "Total Assets": "4,082,900", "Total Liabilities Net Minority Interest": "3,216,600", "Total Equity Gross Minority Interest": "866,300", "Total Capitalization": "2,717,800", "Preferred Stock Equity": "837,500", "Common Stock Equity": "-153,100", "Capital Lease Obligations": "-", "Net Tangible Assets": "684,400", "Working Capital": "49,400", "Invested Capital": "1,995,100", "Tangible Book Value": "-153,100", "Total Debt": "2,148,200", "Net Debt": "2,141,500", "Share Issued": "320,004", "Ordinary Shares Number": "320,004", "Preferred Shares Number": "-", "Treasury Shares Number": "-"}, "12/31/1998": {"Duration": "12/31/1998", "Total Assets": "4,192,600", "Total Liabilities Net Minority Interest": "3,442,700", "Total Equity Gross Minority Interest": "749,900", "Total Capitalization": "2,932,400", "Preferred Stock Equity": "850,000", "Common Stock Equity": "-246,600", "Capital Lease Obligations": "-", "Net Tangible Assets": "603,400", "Working Capital": "27,400", "Invested Capital": "2,210,200", "Tangible Book Value": "-246,600", "Total Debt": "2,456,800", "Net Debt": "2,450,900", "Share Issued": "326,928", "Ordinary Shares Number": "326,928", "Preferred Shares Number": "-", "Treasury Shares Number": "-"}, "12/31/1997": {"Duration": "12/31/1997", "Total Assets": "4,152,200", "Total Liabilities Net Minority Interest": "3,312,800", "Total Equity Gross Minority Interest": "839,400", "Total Capitalization": "3,087,000", "Preferred Stock Equity": "850,000", "Common Stock Equity": "-71,100", "Capital Lease Obligations": "-", "Net Tangible Assets": "778,900", "Working Capital": "-12,600", "Invested Capital": "2,317,900", "Tangible Book Value": "-71,100", "Total Debt": "2,389,000", "Net Debt": "2,380,000", "Share Issued": "361,808", "Ordinary Shares Number": "361,808", "Preferred Shares Number": "-", "Treasury Shares Number": "-"}, "12/31/1996": {"Duration": "12/31/1996", "Total Assets": "3,865,500", "Total Liabilities Net Minority Interest": "2,584,500", "Total Equity Gross Minority Interest": "1,281,000", "Total Capitalization": "2,601,700", "Preferred Stock Equity": "850,000", "Common Stock Equity": "325,400", "Capital Lease Obligations": "-", "Net Tangible Assets": "1,175,400", "Working Capital": "63,300", "Invested Capital": "1,888,300", "Tangible Book Value": "325,400", "Total Debt": "1,562,900", "Net Debt": "1,525,800", "Share Issued": "401,320", "Ordinary Shares Number": "401,320", "Preferred Shares Number": "-", "Treasury Shares Number": "-"}, "12/31/1995": {"Duration": "12/31/1995", "Total Assets": "3,581,700", "Total Liabilities Net Minority Interest": "2,098,800", "Total Equity Gross Minority Interest": "1,482,900", "Total Capitalization": "2,462,000", "Preferred Stock Equity": "1,073,900", "Common Stock Equity": "307,800", "Capital Lease Obligations": "-", "Net Tangible Assets": "1,381,700", "Working Capital": "126,500", "Invested Capital": "1,475,000", "Tangible Book Value": "307,800", "Total Debt": "1,167,200", "Net Debt": "1,140,300", "Share Issued": "398,666", "Ordinary Shares Number": "398,666", "Preferred Shares Number": "-", "Treasury Shares Number": "-"}, "12/31/1994": {"Duration": "12/31/1994", "Total Assets": "3,040,200", "Total Liabilities Net Minority Interest": "1,462,800", "Total Equity Gross Minority Interest": "1,577,400", "Total Capitalization": "2,020,600", "Preferred Stock Equity": "1,073,900", "Common Stock Equity": "421,100", "Capital Lease Obligations": "-", "Net Tangible Assets": "1,495,000", "Working Capital": "171,800", "Invested Capital": "970,800", "Tangible Book Value": "421,100", "Total Debt": "549,700", "Net Debt": "505,400", "Share Issued": "398,666", "Ordinary Shares Number": "398,666", "Preferred Shares Number": "-", "Treasury Shares Number": "-"}, "12/31/1993": {"Duration": "12/31/1993", "Total Assets": "2,116,700", "Total Liabilities Net Minority Interest": "889,300", "Total Equity Gross Minority Interest": "1,227,400", "Total Capitalization": "1,392,500", "Preferred Stock Equity": "807,000", "Common Stock Equity": "373,600", "Capital Lease Obligations": "-", "Net Tangible Assets": "1,180,600", "Working Capital": "140,500", "Invested Capital": "634,300", "Tangible Book Value": "373,600", "Total Debt": "260,700", "Net Debt": "246,900", "Share Issued": "398,666", "Ordinary Shares Number": "398,666", "Preferred Shares Number": "-", "Treasury Shares Number": "-"}, "12/31/1992": {"Duration": "12/31/1992", "Total Assets": "1,694,000", "Total Liabilities Net Minority Interest": "1,026,100", "Total Equity Gross Minority Interest": "667,900", "Total Capitalization": "1,117,900", "Preferred Stock Equity": "-", "Common Stock Equity": "646,500", "Capital Lease Obligations": "-", "Net Tangible Assets": "646,500", "Working Capital": "492,500", "Invested Capital": "1,196,500", "Tangible Book Value": "646,500", "Total Debt": "550,000", "Net Debt": "178,200", "Share Issued": "390,250", "Ordinary Shares Number": "390,250", "Preferred Shares Number": "-", "Treasury Shares Number": "-"}, "12/31/1991": {"Duration": "12/31/1991", "Total Assets": "1,157,600", "Total Liabilities Net Minority Interest": "970,900", "Total Equity Gross Minority Interest": "186,700", "Total Capitalization": "569,500", "Preferred Stock Equity": "-", "Common Stock Equity": "172,500", "Capital Lease Obligations": "-", "Net Tangible Assets": "172,500", "Working Capital": "468,600", "Invested Capital": "569,500", "Tangible Book Value": "172,500", "Total Debt": "397,000", "Net Debt": "316,200", "Share Issued": "-", "Ordinary Shares Number": "-", "Preferred Shares Number": "-", "Treasury Shares Number": "-"}, "12/31/1990": {"Duration": "12/31/1990", "Total Assets": "674,600", "Total Liabilities Net Minority Interest": "453,400", "Total Equity Gross Minority Interest": "221,200", "Total Capitalization": "502,900", "Preferred Stock Equity": "-", "Common Stock Equity": "208,900", "Capital Lease Obligations": "-", "Net Tangible Assets": "208,900", "Working Capital": "88,900", "Invested Capital": "512,900", "Tangible Book Value": "208,900", "Total Debt": "304,000", "Net Debt": "259,600", "Share Issued": "-", "Ordinary Shares Number": "-", "Preferred Shares Number": "-", "Treasury Shares Number": "-"}, "12/31/1989": {"Duration": "12/31/1989", "Total Assets": "415,100", "Total Liabilities Net Minority Interest": "246,600", "Total Equity Gross Minority Interest": "168,500", "Total Capitalization": "273,700", "Preferred Stock Equity": "-", "Common Stock Equity": "143,700", "Capital Lease Obligations": "-", "Net Tangible Assets": "143,700", "Working Capital": "74,000", "Invested Capital": "283,700", "Tangible Book Value": "143,700", "Total Debt": "140,000", "Net Debt": "79,700", "Share Issued": "-", "Ordinary Shares Number": "-", "Preferred Shares Number": "-", "Treasury Shares Number": "-"}, "12/31/1988": {"Duration": "12/31/1988", "Total Assets": "291,100", "Total Liabilities Net Minority Interest": "151,100", "Total Equity Gross Minority Interest": "140,000", "Total Capitalization": "180,000", "Preferred Stock Equity": "-", "Common Stock Equity": "140,000", "Capital Lease Obligations": "-", "Net Tangible Assets": "140,000", "Working Capital": "74,100", "Invested Capital": "180,000", "Tangible Book Value": "140,000", "Total Debt": "40,000", "Net Debt": "-", "Share Issued": "-", "Ordinary Shares Number": "-", "Preferred Shares Number": "-", "Treasury Shares Number": "-"}, "12/31/1987": {"Duration": "12/31/1987", "Total Assets": "197,700", "Total Liabilities Net Minority Interest": "100,700", "Total Equity Gross Minority Interest": "97,000", "Total Capitalization": "137,000", "Preferred Stock Equity": "-", "Common Stock Equity": "97,000", "Capital Lease Obligations": "-", "Net Tangible Assets": "97,000", "Working Capital": "54,600", "Invested Capital": "137,000", "Tangible Book Value": "97,000", "Total Debt": "40,000", "Net Debt": "2,600", "Share Issued": "383,430", "Ordinary Shares Number": "383,430", "Preferred Shares Number": "-", "Treasury Shares Number": "-"}}, "cf": {"TTM": {"Duration": "TTM", "Operating Cash Flow": "4,130,000", "Investing Cash Flow": "-1,086,000", "Financing Cash Flow": "-76,000", "End Cash Position": "4,835,000", "Capital Expenditure": "-1,721,000", "Issuance of Capital Stock": "-", "Issuance of Debt": "2,183,000", "Repayment of Debt": "-2,514,000", "Repurchase of Capital Stock": "-", "Free Cash Flow": "2,409,000"}, "12/31/2020": {"Duration": "12/31/2020", "Operating Cash Flow": "3,017,000", "Investing Cash Flow": "-1,264,000", "Financing Cash Flow": "-128,000", "End Cash Position": "3,903,000", "Capital Expenditure": "-1,961,000", "Issuance of Capital Stock": "0", "Issuance of Debt": "3,531,000", "Repayment of Debt": "-3,724,000", "Repurchase of Capital Stock": "-", "Free Cash Flow": "1,056,000"}, "12/31/2019": {"Duration": "12/31/2019", "Operating Cash Flow": "1,482,000", "Investing Cash Flow": "-2,103,000", "Financing Cash Flow": "-1,556,000", "End Cash Position": "2,278,000", "Capital Expenditure": "-2,652,000", "Issuance of Capital Stock": "0", "Issuance of Debt": "1,879,000", "Repayment of Debt": "-3,197,000", "Repurchase of Capital Stock": "-", "Free Cash Flow": "-1,170,000"}, "12/31/2018": {"Duration": "12/31/2018", "Operating Cash Flow": "3,863,000", "Investing Cash Flow": "-5,018,000", "Financing Cash Flow": "900,000", "End Cash Position": "4,455,000", "Capital Expenditure": "-1,971,000", "Issuance of Capital Stock": "3,500,000", "Issuance of Debt": "632,000", "Repayment of Debt": "-2,717,000", "Repurchase of Capital Stock": "-", "Free Cash Flow": "1,892,000"}, "12/31/2017": {"Duration": "12/31/2017", "Operating Cash Flow": "4,682,000", "Investing Cash Flow": "-1,363,000", "Financing Cash Flow": "-3,055,000", "End Cash Position": "4,447,000", "Capital Expenditure": "-1,410,000", "Issuance of Capital Stock": "0", "Issuance of Debt": "955,000", "Repayment of Debt": "-3,812,000", "Repurchase of Capital Stock": "-", "Free Cash Flow": "3,272,000"}, "12/31/2016": {"Duration": "12/31/2016", "Operating Cash Flow": "3,729,000", "Investing Cash Flow": "3,550,000", "Financing Cash Flow": "-3,166,000", "End Cash Position": "4,245,000", "Capital Expenditure": "-2,813,000", "Issuance of Capital Stock": "1,515,000", "Issuance of Debt": "3,681,000", "Repayment of Debt": "-7,625,000", "Repurchase of Capital Stock": "-", "Free Cash Flow": "916,000"}, "12/31/2015": {"Duration": "12/31/2015", "Operating Cash Flow": "3,220,000", "Investing Cash Flow": "-6,246,000", "Financing Cash Flow": "2,786,000", "End Cash Position": "224,000", "Capital Expenditure": "-6,353,000", "Issuance of Capital Stock": "1,936,000", "Issuance of Debt": "8,272,000", "Repayment of Debt": "-6,677,000", "Repurchase of Capital Stock": "0", "Free Cash Flow": "-3,133,000"}, "12/31/2014": {"Duration": "12/31/2014", "Operating Cash Flow": "5,631,000", "Investing Cash Flow": "-3,801,000", "Financing Cash Flow": "-3,351,000", "End Cash Position": "464,000", "Capital Expenditure": "-7,215,000", "Issuance of Capital Stock": "-", "Issuance of Debt": "8,710,000", "Repayment of Debt": "-10,306,000", "Repurchase of Capital Stock": "0", "Free Cash Flow": "-1,584,000"}, "12/31/2013": {"Duration": "12/31/2013", "Operating Cash Flow": "6,139,000", "Investing Cash Flow": "-10,908,000", "Financing Cash Flow": "3,049,000", "End Cash Position": "1,985,000", "Capital Expenditure": "-5,286,000", "Issuance of Capital Stock": "-", "Issuance of Debt": "11,501,000", "Repayment of Debt": "-5,476,000", "Repurchase of Capital Stock": "-228,000", "Free Cash Flow": "853,000"}, "12/31/2012": {"Duration": "12/31/2012", "Operating Cash Flow": "3,774,000", "Investing Cash Flow": "-3,463,000", "Financing Cash Flow": "-1,428,000", "End Cash Position": "3,705,000", "Capital Expenditure": "-3,494,000", "Issuance of Capital Stock": "-", "Issuance of Debt": "3,029,000", "Repayment of Debt": "-3,186,000", "Repurchase of Capital Stock": "-", "Free Cash Flow": "280,000"}, "12/31/2011": {"Duration": "12/31/2011", "Operating Cash Flow": "6,620,000", "Investing Cash Flow": "-2,535,000", "Financing Cash Flow": "-3,001,000", "End Cash Position": "4,822,000", "Capital Expenditure": "-2,534,000", "Issuance of Capital Stock": "0", "Issuance of Debt": "48,000", "Repayment of Debt": "-1,313,000", "Repurchase of Capital Stock": "-", "Free Cash Flow": "4,086,000"}, "12/31/2010": {"Duration": "12/31/2010", "Operating Cash Flow": "6,273,000", "Investing Cash Flow": "-1,869,000", "Financing Cash Flow": "-3,322,000", "End Cash Position": "3,738,000", "Capital Expenditure": "-1,412,000", "Issuance of Capital Stock": "0", "Issuance of Debt": "70,000", "Repayment of Debt": "-1,724,000", "Repurchase of Capital Stock": "0", "Free Cash Flow": "4,861,000"}, "12/31/2009": {"Duration": "12/31/2009", "Operating Cash Flow": "4,397,000", "Investing Cash Flow": "-1,601,000", "Financing Cash Flow": "-1,012,000", "End Cash Position": "2,656,000", "Capital Expenditure": "-1,587,000", "Issuance of Capital Stock": "740,000", "Issuance of Debt": "330,000", "Repayment of Debt": "-1,380,000", "Repurchase of Capital Stock": "0", "Free Cash Flow": "2,810,000"}, "12/31/2008": {"Duration": "12/31/2008", "Operating Cash Flow": "3,370,000", "Investing Cash Flow": "-2,318,000", "Financing Cash Flow": "-1,806,000", "End Cash Position": "872,000", "Capital Expenditure": "-2,708,000", "Issuance of Capital Stock": "0", "Issuance of Debt": "890,000", "Repayment of Debt": "-766,000", "Repurchase of Capital Stock": "-500,000", "Free Cash Flow": "662,000"}, "12/31/2007": {"Duration": "12/31/2007", "Operating Cash Flow": "6,225,000", "Investing Cash Flow": "-14,861,000", "Financing Cash Flow": "9,355,000", "End Cash Position": "1,626,000", "Capital Expenditure": "-1,755,000", "Issuance of Capital Stock": "5,619,000", "Issuance of Debt": "-", "Repayment of Debt": "-", "Repurchase of Capital Stock": "-14,000", "Free Cash Flow": "4,470,000"}, "12/31/2006": {"Duration": "12/31/2006", "Operating Cash Flow": "1,866,424", "Investing Cash Flow": "-223,498", "Financing Cash Flow": "-1,499,061", "End Cash Position": "907,464", "Capital Expenditure": "-250,540", "Issuance of Capital Stock": "15,280", "Issuance of Debt": "-", "Repayment of Debt": "-", "Repurchase of Capital Stock": "-99,783", "Free Cash Flow": "1,615,884"}, "12/31/2005": {"Duration": "12/31/2005", "Operating Cash Flow": "1,552,545", "Investing Cash Flow": "-134,339", "Financing Cash Flow": "-1,206,057", "End Cash Position": "763,599", "Capital Expenditure": "-142,986", "Issuance of Capital Stock": "5,081", "Issuance of Debt": "-", "Repayment of Debt": "-", "Repurchase of Capital Stock": "-80,442", "Free Cash Flow": "1,409,559"}, "12/31/2004": {"Duration": "12/31/2004", "Operating Cash Flow": "341,355", "Investing Cash Flow": "-63,972", "Financing Cash Flow": "-189,585", "End Cash Position": "551,450", "Capital Expenditure": "-140,999", "Issuance of Capital Stock": "1,070,196", "Issuance of Debt": "-", "Repayment of Debt": "-", "Repurchase of Capital Stock": "-995,018", "Free Cash Flow": "200,356"}, "12/31/2003": {"Duration": "12/31/2003", "Operating Cash Flow": "572,072", "Investing Cash Flow": "-132,818", "Financing Cash Flow": "16,562", "End Cash Position": "463,652", "Capital Expenditure": "-139,186", "Issuance of Capital Stock": "68,776", "Issuance of Debt": "-", "Repayment of Debt": "-", "Repurchase of Capital Stock": "-227,081", "Free Cash Flow": "432,886"}, "12/31/2002": {"Duration": "12/31/2002", "Operating Cash Flow": "512,732", "Investing Cash Flow": "-148,293", "Financing Cash Flow": "-364,190", "End Cash Position": "7,836", "Capital Expenditure": "-188,004", "Issuance of Capital Stock": "7,777", "Issuance of Debt": "-", "Repayment of Debt": "-", "Repurchase of Capital Stock": "-11,671", "Free Cash Flow": "324,728"}, "12/31/2001": {"Duration": "12/31/2001", "Operating Cash Flow": "508,983", "Investing Cash Flow": "-300,804", "Financing Cash Flow": "-208,560", "End Cash Position": "7,587", "Capital Expenditure": "-166,972", "Issuance of Capital Stock": "-", "Issuance of Debt": "-", "Repayment of Debt": "-", "Repurchase of Capital Stock": "-13,822", "Free Cash Flow": "342,011"}, "12/31/2000": {"Duration": "12/31/2000", "Operating Cash Flow": "516,020", "Investing Cash Flow": "-181,214", "Financing Cash Flow": "-333,536", "End Cash Position": "7,968", "Capital Expenditure": "-176,676", "Issuance of Capital Stock": "-", "Issuance of Debt": "-", "Repayment of Debt": "-", "Repurchase of Capital Stock": "-211,838", "Free Cash Flow": "339,344"}, "12/31/1999": {"Duration": "12/31/1999", "Operating Cash Flow": "568,800", "Investing Cash Flow": "-160,000", "Financing Cash Flow": "-407,900", "End Cash Position": "6,700", "Capital Expenditure": "-160,800", "Issuance of Capital Stock": "-", "Issuance of Debt": "-", "Repayment of Debt": "-", "Repurchase of Capital Stock": "-19,800", "Free Cash Flow": "408,000"}, "12/31/1998": {"Duration": "12/31/1998", "Operating Cash Flow": "478,800", "Investing Cash Flow": "-287,100", "Financing Cash Flow": "-194,800", "End Cash Position": "0", "Capital Expenditure": "-292,100", "Issuance of Capital Stock": "-", "Issuance of Debt": "-", "Repayment of Debt": "-", "Repurchase of Capital Stock": "-259,200", "Free Cash Flow": "186,700"}, "12/31/1997": {"Duration": "12/31/1997", "Operating Cash Flow": "513,600", "Investing Cash Flow": "-592,600", "Financing Cash Flow": "50,900", "End Cash Position": "0", "Capital Expenditure": "-594,500", "Issuance of Capital Stock": "-", "Issuance of Debt": "-", "Repayment of Debt": "-", "Repurchase of Capital Stock": "-438,400", "Free Cash Flow": "-80,900"}, "12/31/1996": {"Duration": "12/31/1996", "Operating Cash Flow": "600,500", "Investing Cash Flow": "-488,700", "Financing Cash Flow": "-101,600", "End Cash Position": "0", "Capital Expenditure": "-492,200", "Issuance of Capital Stock": "-", "Issuance of Debt": "-", "Repayment of Debt": "-", "Repurchase of Capital Stock": "-221,000", "Free Cash Flow": "108,300"}, "12/31/1995": {"Duration": "12/31/1995", "Operating Cash Flow": "393,100", "Investing Cash Flow": "-618,100", "Financing Cash Flow": "207,700", "End Cash Position": "0", "Capital Expenditure": "-586,900", "Issuance of Capital Stock": "-", "Issuance of Debt": "-", "Repayment of Debt": "-", "Repurchase of Capital Stock": "-177,800", "Free Cash Flow": "-193,800"}, "12/31/1994": {"Duration": "12/31/1994", "Operating Cash Flow": "336,200", "Investing Cash Flow": "-743,500", "Financing Cash Flow": "437,700", "End Cash Position": "0", "Capital Expenditure": "-743,500", "Issuance of Capital Stock": "253,000", "Issuance of Debt": "-", "Repayment of Debt": "-", "Repurchase of Capital Stock": "-", "Free Cash Flow": "-407,300"}, "12/31/1993": {"Duration": "12/31/1993", "Operating Cash Flow": "158,500", "Investing Cash Flow": "-463,500", "Financing Cash Flow": "-53,100", "End Cash Position": "0", "Capital Expenditure": "-453,100", "Issuance of Capital Stock": "561,100", "Issuance of Debt": "-", "Repayment of Debt": "-", "Repurchase of Capital Stock": "-141,600", "Free Cash Flow": "-294,600"}, "12/31/1992": {"Duration": "12/31/1992", "Operating Cash Flow": "252,600", "Investing Cash Flow": "-579,700", "Financing Cash Flow": "618,200", "End Cash Position": "0", "Capital Expenditure": "-367,800", "Issuance of Capital Stock": "174,100", "Issuance of Debt": "-", "Repayment of Debt": "-", "Repurchase of Capital Stock": "-111,400", "Free Cash Flow": "-115,200"}, "12/31/1991": {"Duration": "12/31/1991", "Operating Cash Flow": "80,400", "Investing Cash Flow": "-246,500", "Financing Cash Flow": "202,400", "End Cash Position": "0", "Capital Expenditure": "-246,500", "Issuance of Capital Stock": "-", "Issuance of Debt": "-", "Repayment of Debt": "-", "Repurchase of Capital Stock": "-", "Free Cash Flow": "-166,100"}, "12/31/1990": {"Duration": "12/31/1990", "Operating Cash Flow": "146,300", "Investing Cash Flow": "-279,100", "Financing Cash Flow": "116,900", "End Cash Position": "0", "Capital Expenditure": "-187,500", "Issuance of Capital Stock": "91,500", "Issuance of Debt": "-", "Repayment of Debt": "-", "Repurchase of Capital Stock": "-", "Free Cash Flow": "-41,200"}, "12/31/1989": {"Duration": "12/31/1989", "Operating Cash Flow": "146,000", "Investing Cash Flow": "-138,400", "Financing Cash Flow": "-11,500", "End Cash Position": "0", "Capital Expenditure": "-138,400", "Issuance of Capital Stock": "-", "Issuance of Debt": "-", "Repayment of Debt": "-", "Repurchase of Capital Stock": "-", "Free Cash Flow": "7,600"}}, "ks": {"Current": {"Duration": "Current", "Market Cap (intraday) 5": "60.41B", "Enterprise Value 3": "65.64B", "Trailing P/E ": "33.51", "Forward P/E 1": "15.92", "PEG Ratio (5 yr expected) 1": "N/A", "Price/Sales (ttm)": "3.72", "Price/Book (mrq)": "5.53", "Enterprise Value/Revenue 3": "4.04", "Enterprise Value/EBITDA 7": "10.89"}, "3/31/2021": {"Duration": "3/31/2021", "Market Cap (intraday) 5": "48.21B", "Enterprise Value 3": "54.49B", "Trailing P/E ": "80.32", "Forward P/E 1": "14.99", "PEG Ratio (5 yr expected) 1": "N/A", "Price/Sales (ttm)": "3.39", "Price/Book (mrq)": "4.74", "Enterprise Value/Revenue 3": "11.24", "Enterprise Value/EBITDA 7": "27.77"}, "12/31/2020": {"Duration": "12/31/2020", "Market Cap (intraday) 5": "37.94B", "Enterprise Value 3": "45.56B", "Trailing P/E ": "N/A", "Forward P/E 1": "22.08", "PEG Ratio (5 yr expected) 1": "N/A", "Price/Sales (ttm)": "2.78", "Price/Book (mrq)": "4.11", "Enterprise Value/Revenue 3": "10.14", "Enterprise Value/EBITDA 7": "21.29"}, "9/30/2020": {"Duration": "9/30/2020", "Market Cap (intraday) 5": "22.72B", "Enterprise Value 3": "31.17B", "Trailing P/E ": "N/A", "Forward P/E 1": "13.91", "PEG Ratio (5 yr expected) 1": "N/A", "Price/Sales (ttm)": "1.76", "Price/Book (mrq)": "2.54", "Enterprise Value/Revenue 3": "8.10", "Enterprise Value/EBITDA 7": "25.20"}, "6/30/2020": {"Duration": "6/30/2020", "Market Cap (intraday) 5": "16.80B", "Enterprise Value 3": "25.27B", "Trailing P/E ": "N/A", "Forward P/E 1": "N/A", "PEG Ratio (5 yr expected) 1": "N/A", "Price/Sales (ttm)": "1.25", "Price/Book (mrq)": "1.90", "Enterprise Value/Revenue 3": "8.27", "Enterprise Value/EBITDA 7": "36.63"}, "3/31/2020": {"Duration": "3/31/2020", "Market Cap (intraday) 5": "9.80B", "Enterprise Value 3": "17.86B", "Trailing P/E ": "N/A", "Forward P/E 1": "32.89", "PEG Ratio (5 yr expected) 1": "N/A", "Price/Sales (ttm)": "0.68", "Price/Book (mrq)": "1.05", "Enterprise Value/Revenue 3": "6.38", "Enterprise Value/EBITDA 7": "-123.99"}, "12/31/2019": {"Duration": "12/31/2019", "Market Cap (intraday) 5": "19.04B", "Enterprise Value 3": "26.71B", "Trailing P/E ": "82.00", "Forward P/E 1": "28.01", "PEG Ratio (5 yr expected) 1": "N/A", "Price/Sales (ttm)": "1.34", "Price/Book (mrq)": "2.02", "Enterprise Value/Revenue 3": "6.83", "Enterprise Value/EBITDA 7": "27.37"}, "9/30/2019": {"Duration": "9/30/2019", "Market Cap (intraday) 5": "13.89B", "Enterprise Value 3": "21.18B", "Trailing P/E ": "14.07", "Forward P/E 1": "13.46", "PEG Ratio (5 yr expected) 1": "N/A", "Price/Sales (ttm)": "0.87", "Price/Book (mrq)": "1.43", "Enterprise Value/Revenue 3": "6.72", "Enterprise Value/EBITDA 7": "71.55"}, "6/30/2019": {"Duration": "6/30/2019", "Market Cap (intraday) 5": "16.84B", "Enterprise Value 3": "23.91B", "Trailing P/E ": "8.73", "Forward P/E 1": "33.33", "PEG Ratio (5 yr expected) 1": "N/A", "Price/Sales (ttm)": "0.96", "Price/Book (mrq)": "1.72", "Enterprise Value/Revenue 3": "6.74", "Enterprise Value/EBITDA 7": "61.32"}, "3/31/2019": {"Duration": "3/31/2019", "Market Cap (intraday) 5": "18.68B", "Enterprise Value 3": "25.60B", "Trailing P/E ": "7.20", "Forward P/E 1": "23.87", "PEG Ratio (5 yr expected) 1": "N/A", "Price/Sales (ttm)": "1.01", "Price/Book (mrq)": "1.91", "Enterprise Value/Revenue 3": "6.75", "Enterprise Value/EBITDA 7": "37.87"}, "12/31/2018": {"Duration": "12/31/2018", "Market Cap (intraday) 5": "14.94B", "Enterprise Value 3": "21.51B", "Trailing P/E ": "4.75", "Forward P/E 1": "N/A", "PEG Ratio (5 yr expected) 1": "N/A", "Price/Sales (ttm)": "0.75", "Price/Book (mrq)": "1.50", "Enterprise Value/Revenue 3": "5.84", "Enterprise Value/EBITDA 7": "29.43"}, "9/30/2018": {"Duration": "9/30/2018", "Market Cap (intraday) 5": "20.17B", "Enterprise Value 3": "27.44B", "Trailing P/E ": "7.03", "Forward P/E 1": "13.33", "PEG Ratio (5 yr expected) 1": "N/A", "Price/Sales (ttm)": "1.05", "Price/Book (mrq)": "2.13", "Enterprise Value/Revenue 3": "5.59", "Enterprise Value/EBITDA 7": "15.35"}, "6/30/2018": {"Duration": "6/30/2018", "Market Cap (intraday) 5": "25.01B", "Enterprise Value 3": "32.91B", "Trailing P/E ": "11.06", "Forward P/E 1": "8.46", "PEG Ratio (5 yr expected) 1": "N/A", "Price/Sales (ttm)": "1.40", "Price/Book (mrq)": "2.89", "Enterprise Value/Revenue 3": "6.37", "Enterprise Value/EBITDA 7": "15.41"}, "3/31/2018": {"Duration": "3/31/2018", "Market Cap (intraday) 5": "25.44B", "Enterprise Value 3": "34.11B", "Trailing P/E ": "14.52", "Forward P/E 1": "8.67", "PEG Ratio (5 yr expected) 1": "N/A", "Price/Sales (ttm)": "1.56", "Price/Book (mrq)": "3.19", "Enterprise Value/Revenue 3": "7.01", "Enterprise Value/EBITDA 7": "17.60"}, "12/31/2017": {"Duration": "12/31/2017", "Market Cap (intraday) 5": "27.45B", "Enterprise Value 3": "37.27B", "Trailing P/E ": "22.49", "Forward P/E 1": "10.42", "PEG Ratio (5 yr expected) 1": "1.03", "Price/Sales (ttm)": "1.74", "Price/Book (mrq)": "3.94", "Enterprise Value/Revenue 3": "7.39", "Enterprise Value/EBITDA 7": "19.11"}, "9/30/2017": {"Duration": "9/30/2017", "Market Cap (intraday) 5": "20.32B", "Enterprise Value 3": "31.01B", "Trailing P/E ": "15.52", "Forward P/E 1": "9.62", "PEG Ratio (5 yr expected) 1": "2.02", "Price/Sales (ttm)": "1.30", "Price/Book (mrq)": "3.05", "Enterprise Value/Revenue 3": "7.19", "Enterprise Value/EBITDA 7": "23.00"}, "6/30/2017": {"Duration": "6/30/2017", "Market Cap (intraday) 5": "17.38B", "Enterprise Value 3": "28.74B", "Trailing P/E ": "23.41", "Forward P/E 1": "12.25", "PEG Ratio (5 yr expected) 1": "N/A", "Price/Sales (ttm)": "1.10", "Price/Book (mrq)": "2.75", "Enterprise Value/Revenue 3": "7.74", "Enterprise Value/EBITDA 7": "25.55"}, "3/31/2017": {"Duration": "3/31/2017", "Market Cap (intraday) 5": "19.33B", "Enterprise Value 3": "31.11B", "Trailing P/E ": "N/A", "Forward P/E 1": "11.42", "PEG Ratio (5 yr expected) 1": "N/A", "Price/Sales (ttm)": "1.19", "Price/Book (mrq)": "3.19", "Enterprise Value/Revenue 3": "9.31", "Enterprise Value/EBITDA 7": "31.30"}, "12/31/2016": {"Duration": "12/31/2016", "Market Cap (intraday) 5": "18.99B", "Enterprise Value 3": "36.87B", "Trailing P/E ": "N/A", "Forward P/E 1": "8.91", "PEG Ratio (5 yr expected) 1": "N/A", "Price/Sales (ttm)": "1.09", "Price/Book (mrq)": "4.03", "Enterprise Value/Revenue 3": "8.42", "Enterprise Value/EBITDA 7": "29.12"}, "9/30/2016": {"Duration": "9/30/2016", "Market Cap (intraday) 5": "14.79B", "Enterprise Value 3": "33.76B", "Trailing P/E ": "N/A", "Forward P/E 1": "11.38", "PEG Ratio (5 yr expected) 1": "N/A", "Price/Sales (ttm)": "0.88", "Price/Book (mrq)": "3.70", "Enterprise Value/Revenue 3": "8.71", "Enterprise Value/EBITDA 7": "33.52"}, "6/30/2016": {"Duration": "6/30/2016", "Market Cap (intraday) 5": "14.68B", "Enterprise Value 3": "35.13B", "Trailing P/E ": "N/A", "Forward P/E 1": "41.32", "PEG Ratio (5 yr expected) 1": "N/A", "Price/Sales (ttm)": "0.83", "Price/Book (mrq)": "3.98", "Enterprise Value/Revenue 3": "10.54", "Enterprise Value/EBITDA 7": "47.86"}, "3/31/2016": {"Duration": "3/31/2016", "Market Cap (intraday) 5": "12.95B", "Enterprise Value 3": "33.15B", "Trailing P/E ": "N/A", "Forward P/E 1": "16.18", "PEG Ratio (5 yr expected) 1": "N/A", "Price/Sales (ttm)": "0.70", "Price/Book (mrq)": "1.65", "Enterprise Value/Revenue 3": "9.40", "Enterprise Value/EBITDA 7": "-10.64"}, "12/31/2015": {"Duration": "12/31/2015", "Market Cap (intraday) 5": "8.44B", "Enterprise Value 3": "28.80B", "Trailing P/E ": "N/A", "Forward P/E 1": "36.90", "PEG Ratio (5 yr expected) 1": "N/A", "Price/Sales (ttm)": "0.41", "Price/Book (mrq)": "0.77", "Enterprise Value/Revenue 3": "7.59", "Enterprise Value/EBITDA 7": "-8.68"}, "9/30/2015": {"Duration": "9/30/2015", "Market Cap (intraday) 5": "11.03B", "Enterprise Value 3": "31.46B", "Trailing P/E ": "N/A", "Forward P/E 1": "7.91", "PEG Ratio (5 yr expected) 1": "N/A", "Price/Sales (ttm)": "0.52", "Price/Book (mrq)": "0.80", "Enterprise Value/Revenue 3": "8.55", "Enterprise Value/EBITDA 7": "-10.16"}, "6/30/2015": {"Duration": "6/30/2015", "Market Cap (intraday) 5": "19.36B", "Enterprise Value 3": "39.13B", "Trailing P/E ": "N/A", "Forward P/E 1": "10.57", "PEG Ratio (5 yr expected) 1": "N/A", "Price/Sales (ttm)": "0.94", "Price/Book (mrq)": "1.23", "Enterprise Value/Revenue 3": "9.21", "Enterprise Value/EBITDA 7": "-27.04"}, "3/31/2015": {"Duration": "3/31/2015", "Market Cap (intraday) 5": "19.71B", "Enterprise Value 3": "38.21B", "Trailing P/E ": "N/A", "Forward P/E 1": "9.51", "PEG Ratio (5 yr expected) 1": "N/A", "Price/Sales (ttm)": "0.92", "Price/Book (mrq)": "1.08", "Enterprise Value/Revenue 3": "9.20", "Enterprise Value/EBITDA 7": "-18.95"}, "12/31/2014": {"Duration": "12/31/2014", "Market Cap (intraday) 5": "24.27B", "Enterprise Value 3": "43.35B", "Trailing P/E ": "10.87", "Forward P/E 1": "11.74", "PEG Ratio (5 yr expected) 1": "N/A", "Price/Sales (ttm)": "1.11", "Price/Book (mrq)": "1.12", "Enterprise Value/Revenue 3": "8.28", "Enterprise Value/EBITDA 7": "-18.35"}, "9/30/2014": {"Duration": "9/30/2014", "Market Cap (intraday) 5": "33.96B", "Enterprise Value 3": "52.79B", "Trailing P/E ": "13.49", "Forward P/E 1": "13.57", "PEG Ratio (5 yr expected) 1": "61.70", "Price/Sales (ttm)": "1.51", "Price/Book (mrq)": "1.59", "Enterprise Value/Revenue 3": "9.27", "Enterprise Value/EBITDA 7": "24.46"}, "6/30/2014": {"Duration": "6/30/2014", "Market Cap (intraday) 5": "37.92B", "Enterprise Value 3": "57.43B", "Trailing P/E ": "14.90", "Forward P/E 1": "13.09", "PEG Ratio (5 yr expected) 1": "72.71", "Price/Sales (ttm)": "1.76", "Price/Book (mrq)": "1.79", "Enterprise Value/Revenue 3": "10.40", "Enterprise Value/EBITDA 7": "26.55"}, "3/31/2014": {"Duration": "3/31/2014", "Market Cap (intraday) 5": "34.36B", "Enterprise Value 3": "53.08B", "Trailing P/E ": "12.53", "Forward P/E 1": "11.06", "PEG Ratio (5 yr expected) 1": "N/A", "Price/Sales (ttm)": "1.59", "Price/Book (mrq)": "1.64", "Enterprise Value/Revenue 3": "10.65", "Enterprise Value/EBITDA 7": "25.16"}, "12/31/2013": {"Duration": "12/31/2013", "Market Cap (intraday) 5": "39.17B", "Enterprise Value 3": "58.08B", "Trailing P/E ": "13.77", "Forward P/E 1": "12.32", "PEG Ratio (5 yr expected) 1": "N/A", "Price/Sales (ttm)": "1.90", "Price/Book (mrq)": "1.92", "Enterprise Value/Revenue 3": "9.87", "Enterprise Value/EBITDA 7": "21.89"}, "9/30/2013": {"Duration": "9/30/2013", "Market Cap (intraday) 5": "34.34B", "Enterprise Value 3": "52.26B", "Trailing P/E ": "11.77", "Forward P/E 1": "11.03", "PEG Ratio (5 yr expected) 1": "N/A", "Price/Sales (ttm)": "1.79", "Price/Book (mrq)": "1.73", "Enterprise Value/Revenue 3": "8.48", "Enterprise Value/EBITDA 7": "19.88"}, "6/30/2013": {"Duration": "6/30/2013", "Market Cap (intraday) 5": "26.22B", "Enterprise Value 3": "26.72B", "Trailing P/E ": "8.99", "Forward P/E 1": "7.91", "PEG Ratio (5 yr expected) 1": "N/A", "Price/Sales (ttm)": "1.46", "Price/Book (mrq)": "1.60", "Enterprise Value/Revenue 3": "6.23", "Enterprise Value/EBITDA 7": "20.40"}, "3/31/2013": {"Duration": "3/31/2013", "Market Cap (intraday) 5": "31.44B", "Enterprise Value 3": "31.26B", "Trailing P/E ": "10.38", "Forward P/E 1": "8.35", "PEG Ratio (5 yr expected) 1": "N/A", "Price/Sales (ttm)": "1.75", "Price/Book (mrq)": "1.79", "Enterprise Value/Revenue 3": "6.82", "Enterprise Value/EBITDA 7": "19.11"}, "12/31/2012": {"Duration": "12/31/2012", "Market Cap (intraday) 5": "32.46B", "Enterprise Value 3": "32.28B", "Trailing P/E ": "10.72", "Forward P/E 1": "7.94", "PEG Ratio (5 yr expected) 1": "N/A", "Price/Sales (ttm)": "1.81", "Price/Book (mrq)": "1.85", "Enterprise Value/Revenue 3": "7.15", "Enterprise Value/EBITDA 7": "19.16"}, "9/30/2012": {"Duration": "9/30/2012", "Market Cap (intraday) 5": "37.57B", "Enterprise Value 3": "36.59B", "Trailing P/E ": "11.89", "Forward P/E 1": "8.74", "PEG Ratio (5 yr expected) 1": "N/A", "Price/Sales (ttm)": "2.05", "Price/Book (mrq)": "2.27", "Enterprise Value/Revenue 3": "8.28", "Enterprise Value/EBITDA 7": "21.60"}, "6/30/2012": {"Duration": "6/30/2012", "Market Cap (intraday) 5": "32.34B", "Enterprise Value 3": "33.53B", "Trailing P/E ": "8.50", "Forward P/E 1": "6.68", "PEG Ratio (5 yr expected) 1": "N/A", "Price/Sales (ttm)": "1.65", "Price/Book (mrq)": "2.00", "Enterprise Value/Revenue 3": "7.49", "Enterprise Value/EBITDA 7": "20.29"}, "3/31/2012": {"Duration": "3/31/2012", "Market Cap (intraday) 5": "36.08B", "Enterprise Value 3": "34.79B", "Trailing P/E ": "7.96", "Forward P/E 1": "7.19", "PEG Ratio (5 yr expected) 1": "0.90", "Price/Sales (ttm)": "1.74", "Price/Book (mrq)": "2.31", "Enterprise Value/Revenue 3": "7.55", "Enterprise Value/EBITDA 7": "19.12"}, "12/31/2011": {"Duration": "12/31/2011", "Market Cap (intraday) 5": "34.87B", "Enterprise Value 3": "33.28B", "Trailing P/E ": "10.68", "Forward P/E 1": "7.78", "PEG Ratio (5 yr expected) 1": "1.20", "Price/Sales (ttm)": "1.57", "Price/Book (mrq)": "2.27", "Enterprise Value/Revenue 3": "8.00", "Enterprise Value/EBITDA 7": "21.05"}, "9/30/2011": {"Duration": "9/30/2011", "Market Cap (intraday) 5": "28.87B", "Enterprise Value 3": "27.27B", "Trailing P/E ": "8.84", "Forward P/E 1": "4.94", "PEG Ratio (5 yr expected) 1": "0.70", "Price/Sales (ttm)": "1.30", "Price/Book (mrq)": "1.88", "Enterprise Value/Revenue 3": "5.25", "Enterprise Value/EBITDA 7": "11.20"}, "6/30/2011": {"Duration": "6/30/2011", "Market Cap (intraday) 5": "50.15B", "Enterprise Value 3": "49.31B", "Trailing P/E ": "14.76", "Forward P/E 1": "8.35", "PEG Ratio (5 yr expected) 1": "1.19", "Price/Sales (ttm)": "2.26", "Price/Book (mrq)": "3.46", "Enterprise Value/Revenue 3": "8.48", "Enterprise Value/EBITDA 7": "16.63"}, "3/31/2011": {"Duration": "3/31/2011", "Market Cap (intraday) 5": "52.61B", "Enterprise Value 3": "53.27B", "Trailing P/E ": "19.46", "Forward P/E 1": "8.75", "PEG Ratio (5 yr expected) 1": "1.25", "Price/Sales (ttm)": "2.60", "Price/Book (mrq)": "3.81", "Enterprise Value/Revenue 3": "9.33", "Enterprise Value/EBITDA 7": "16.80"}, "12/31/2010": {"Duration": "12/31/2010", "Market Cap (intraday) 5": "56.74B", "Enterprise Value 3": "57.76B", "Trailing P/E ": "13.14", "Forward P/E 1": "11.63", "PEG Ratio (5 yr expected) 1": "1.66", "Price/Sales (ttm)": "3.00", "Price/Book (mrq)": "4.54", "Enterprise Value/Revenue 3": "10.31", "Enterprise Value/EBITDA 7": "16.90"}, "9/30/2010": {"Duration": "9/30/2010", "Market Cap (intraday) 5": "40.22B", "Enterprise Value 3": "41.28B", "Trailing P/E ": "10.62", "Forward P/E 1": "9.91", "PEG Ratio (5 yr expected) 1": "1.98", "Price/Sales (ttm)": "2.39", "Price/Book (mrq)": "3.47", "Enterprise Value/Revenue 3": "8.01", "Enterprise Value/EBITDA 7": "15.16"}, "6/30/2010": {"Duration": "6/30/2010", "Market Cap (intraday) 5": "27.79B", "Enterprise Value 3": "31.74B", "Trailing P/E ": "7.66", "Forward P/E 1": "N/A", "PEG Ratio (5 yr expected) 1": "N/A", "Price/Sales (ttm)": "1.72", "Price/Book (mrq)": "2.64", "Enterprise Value/Revenue 3": "8.21", "Enterprise Value/EBITDA 7": "19.14"}, "3/31/2010": {"Duration": "3/31/2010", "Market Cap (intraday) 5": "36.01B", "Enterprise Value 3": "43.33B", "Trailing P/E ": "10.78", "Forward P/E 1": "9.84", "PEG Ratio (5 yr expected) 1": "0.95", "Price/Sales (ttm)": "2.42", "Price/Book (mrq)": "5.03", "Enterprise Value/Revenue 3": "9.93", "Enterprise Value/EBITDA 7": "18.81"}, "12/31/2009": {"Duration": "12/31/2009", "Market Cap (intraday) 5": "34.52B", "Enterprise Value 3": "41.09B", "Trailing P/E ": "13.70", "Forward P/E 1": "N/A", "PEG Ratio (5 yr expected) 1": "N/A", "Price/Sales (ttm)": "2.50", "Price/Book (mrq)": "5.52", "Enterprise Value/Revenue 3": "8.91", "Enterprise Value/EBITDA 7": "16.20"}, "9/30/2009": {"Duration": "9/30/2009", "Market Cap (intraday) 5": "29.50B", "Enterprise Value 3": "36.73B", "Trailing P/E ": "N/A", "Forward P/E 1": "N/A", "PEG Ratio (5 yr expected) 1": "N/A", "Price/Sales (ttm)": "2.20", "Price/Book (mrq)": "5.53", "Enterprise Value/Revenue 3": "8.86", "Enterprise Value/EBITDA 7": "15.87"}, "6/30/2009": {"Duration": "6/30/2009", "Market Cap (intraday) 5": "20.65B", "Enterprise Value 3": "32.43B", "Trailing P/E ": "N/A", "Forward P/E 1": "N/A", "PEG Ratio (5 yr expected) 1": "N/A", "Price/Sales (ttm)": "1.52", "Price/Book (mrq)": "5.80", "Enterprise Value/Revenue 3": "8.80", "Enterprise Value/EBITDA 7": "18.38"}, "3/31/2009": {"Duration": "3/31/2009", "Market Cap (intraday) 5": "15.69B", "Enterprise Value 3": "28.12B", "Trailing P/E ": "N/A", "Forward P/E 1": "N/A", "PEG Ratio (5 yr expected) 1": "N/A", "Price/Sales (ttm)": "1.00", "Price/Book (mrq)": "3.59", "Enterprise Value/Revenue 3": "10.81", "Enterprise Value/EBITDA 7": "30.47"}, "12/31/2008": {"Duration": "12/31/2008", "Market Cap (intraday) 5": "9.23B", "Enterprise Value 3": "19.42B", "Trailing P/E ": "N/A", "Forward P/E 1": "N/A", "PEG Ratio (5 yr expected) 1": "N/A", "Price/Sales (ttm)": "0.52", "Price/Book (mrq)": "4.43", "Enterprise Value/Revenue 3": "9.39", "Enterprise Value/EBITDA 7": "-1.09"}, "9/30/2008": {"Duration": "9/30/2008", "Market Cap (intraday) 5": "21.83B", "Enterprise Value 3": "31.81B", "Trailing P/E ": "7.95", "Forward P/E 1": "N/A", "PEG Ratio (5 yr expected) 1": "N/A", "Price/Sales (ttm)": "1.28", "Price/Book (mrq)": "1.36", "Enterprise Value/Revenue 3": "6.89", "Enterprise Value/EBITDA 7": "20.20"}, "6/30/2008": {"Duration": "6/30/2008", "Market Cap (intraday) 5": "45.00B", "Enterprise Value 3": "54.69B", "Trailing P/E ": "15.63", "Forward P/E 1": "42.37", "PEG Ratio (5 yr expected) 1": "4.70", "Price/Sales (ttm)": "2.64", "Price/Book (mrq)": "2.78", "Enterprise Value/Revenue 3": "10.05", "Enterprise Value/EBITDA 7": "21.75"}, "3/31/2008": {"Duration": "3/31/2008", "Market Cap (intraday) 5": "36.87B", "Enterprise Value 3": "46.59B", "Trailing P/E ": "11.95", "Forward P/E 1": "34.72", "PEG Ratio (5 yr expected) 1": "3.86", "Price/Sales (ttm)": "2.12", "Price/Book (mrq)": "2.41", "Enterprise Value/Revenue 3": "8.21", "Enterprise Value/EBITDA 7": "16.52"}, "12/31/2007": {"Duration": "12/31/2007", "Market Cap (intraday) 5": "39.23B", "Enterprise Value 3": "48.79B", "Trailing P/E ": "13.82", "Forward P/E 1": "N/A", "PEG Ratio (5 yr expected) 1": "N/A", "Price/Sales (ttm)": "2.40", "Price/Book (mrq)": "2.75", "Enterprise Value/Revenue 3": "11.66", "Enterprise Value/EBITDA 7": "31.40"}, "9/30/2007": {"Duration": "9/30/2007", "Market Cap (intraday) 5": "40.06B", "Enterprise Value 3": "51.75B", "Trailing P/E ": "12.40", "Forward P/E 1": "N/A", "PEG Ratio (5 yr expected) 1": "N/A", "Price/Sales (ttm)": "2.61", "Price/Book (mrq)": "2.99", "Enterprise Value/Revenue 3": "10.21", "Enterprise Value/EBITDA 7": "22.68"}, "6/30/2007": {"Duration": "6/30/2007", "Market Cap (intraday) 5": "31.70B", "Enterprise Value 3": "44.59B", "Trailing P/E ": "11.16", "Forward P/E 1": "N/A", "PEG Ratio (5 yr expected) 1": "N/A", "Price/Sales (ttm)": "2.68", "Price/Book (mrq)": "2.57", "Enterprise Value/Revenue 3": "7.68", "Enterprise Value/EBITDA 7": "15.78"}, "3/31/2007": {"Duration": "3/31/2007", "Market Cap (intraday) 5": "25.23B", "Enterprise Value 3": "26.10B", "Trailing P/E ": "9.98", "Forward P/E 1": "N/A", "PEG Ratio (5 yr expected) 1": "N/A", "Price/Sales (ttm)": "2.53", "Price/Book (mrq)": "18.75", "Enterprise Value/Revenue 3": "11.33", "Enterprise Value/EBITDA 7": "18.87"}, "12/31/2006": {"Duration": "12/31/2006", "Market Cap (intraday) 5": "10.98B", "Enterprise Value 3": "12.15B", "Trailing P/E ": "8.16", "Forward P/E 1": "N/A", "PEG Ratio (5 yr expected) 1": "N/A", "Price/Sales (ttm)": "2.19", "Price/Book (mrq)": "8.49", "Enterprise Value/Revenue 3": "7.40", "Enterprise Value/EBITDA 7": "12.83"}, "9/30/2006": {"Duration": "9/30/2006", "Market Cap (intraday) 5": "10.49B", "Enterprise Value 3": "12.30B", "Trailing P/E ": "8.85", "Forward P/E 1": "N/A", "PEG Ratio (5 yr expected) 1": "N/A", "Price/Sales (ttm)": "2.36", "Price/Book (mrq)": "12.47", "Enterprise Value/Revenue 3": "7.52", "Enterprise Value/EBITDA 7": "14.89"}, "6/30/2006": {"Duration": "6/30/2006", "Market Cap (intraday) 5": "10.37B", "Enterprise Value 3": "12.18B", "Trailing P/E ": "9.20", "Forward P/E 1": "N/A", "PEG Ratio (5 yr expected) 1": "N/A", "Price/Sales (ttm)": "2.46", "Price/Book (mrq)": "12.33", "Enterprise Value/Revenue 3": "8.54", "Enterprise Value/EBITDA 7": "15.56"}, "3/31/2006": {"Duration": "3/31/2006", "Market Cap (intraday) 5": "11.26B", "Enterprise Value 3": "13.18B", "Trailing P/E ": "11.49", "Forward P/E 1": "N/A", "PEG Ratio (5 yr expected) 1": "N/A", "Price/Sales (ttm)": "3.02", "Price/Book (mrq)": "14.78", "Enterprise Value/Revenue 3": "12.14", "Enterprise Value/EBITDA 7": "22.92"}, "12/31/2005": {"Duration": "12/31/2005", "Market Cap (intraday) 5": "10.05B", "Enterprise Value 3": "12.14B", "Trailing P/E ": "14.82", "Forward P/E 1": "N/A", "PEG Ratio (5 yr expected) 1": "N/A", "Price/Sales (ttm)": "3.16", "Price/Book (mrq)": "28.88", "Enterprise Value/Revenue 3": "8.15", "Enterprise Value/EBITDA 7": "12.02"}, "9/30/2005": {"Duration": "9/30/2005", "Market Cap (intraday) 5": "8.94B", "Enterprise Value 3": "11.04B", "Trailing P/E ": "13.39", "Forward P/E 1": "N/A", "PEG Ratio (5 yr expected) 1": "N/A", "Price/Sales (ttm)": "2.86", "Price/Book (mrq)": "25.70", "Enterprise Value/Revenue 3": "11.22", "Enterprise Value/EBITDA 7": "21.09"}, "6/30/2005": {"Duration": "6/30/2005", "Market Cap (intraday) 5": "6.64B", "Enterprise Value 3": "8.94B", "Trailing P/E ": "13.09", "Forward P/E 1": "N/A", "PEG Ratio (5 yr expected) 1": "N/A", "Price/Sales (ttm)": "2.34", "Price/Book (mrq)": "54.88", "Enterprise Value/Revenue 3": "9.90", "Enterprise Value/EBITDA 7": "18.37"}, "3/31/2005": {"Duration": "3/31/2005", "Market Cap (intraday) 5": "7.12B", "Enterprise Value 3": "8.58B", "Trailing P/E ": "24.01", "Forward P/E 1": "N/A", "PEG Ratio (5 yr expected) 1": "N/A", "Price/Sales (ttm)": "2.61", "Price/Book (mrq)": "6.08", "Enterprise Value/Revenue 3": "10.68", "Enterprise Value/EBITDA 7": "20.59"}, "12/31/2004": {"Duration": "12/31/2004", "Market Cap (intraday) 5": "6.84B", "Enterprise Value 3": "9.34B", "Trailing P/E ": "44.98", "Forward P/E 1": "N/A", "PEG Ratio (5 yr expected) 1": "N/A", "Price/Sales (ttm)": "2.98", "Price/Book (mrq)": "107.51", "Enterprise Value/Revenue 3": "10.10", "Enterprise Value/EBITDA 7": "17.38"}, "9/30/2004": {"Duration": "9/30/2004", "Market Cap (intraday) 5": "7.23B", "Enterprise Value 3": "8.93B", "Trailing P/E ": "N/A", "Forward P/E 1": "N/A", "PEG Ratio (5 yr expected) 1": "N/A", "Price/Sales (ttm)": "3.87", "Price/Book (mrq)": "6.97", "Enterprise Value/Revenue 3": "14.87", "Enterprise Value/EBITDA 7": "43.26"}, "6/30/2004": {"Duration": "6/30/2004", "Market Cap (intraday) 5": "5.76B", "Enterprise Value 3": "7.57B", "Trailing P/E ": "1.10k", "Forward P/E 1": "N/A", "PEG Ratio (5 yr expected) 1": "N/A", "Price/Sales (ttm)": "3.04", "Price/Book (mrq)": "6.07", "Enterprise Value/Revenue 3": "15.57", "Enterprise Value/EBITDA 7": "82.78"}, "3/31/2004": {"Duration": "3/31/2004", "Market Cap (intraday) 5": "6.92B", "Enterprise Value 3": "8.58B", "Trailing P/E ": "56.65", "Forward P/E 1": "N/A", "PEG Ratio (5 yr expected) 1": "N/A", "Price/Sales (ttm)": "3.23", "Price/Book (mrq)": "6.11", "Enterprise Value/Revenue 3": "23.83", "Enterprise Value/EBITDA 7": "124.26"}, "12/31/2003": {"Duration": "12/31/2003", "Market Cap (intraday) 5": "7.73B", "Enterprise Value 3": "9.49B", "Trailing P/E ": "39.37", "Forward P/E 1": "N/A", "PEG Ratio (5 yr expected) 1": "N/A", "Price/Sales (ttm)": "3.03", "Price/Book (mrq)": "9.96", "Enterprise Value/Revenue 3": "21.27", "Enterprise Value/EBITDA 7": "67.74"}, "9/30/2003": {"Duration": "9/30/2003", "Market Cap (intraday) 5": "5.66B", "Enterprise Value 3": "7.46B", "Trailing P/E ": "22.07", "Forward P/E 1": "N/A", "PEG Ratio (5 yr expected) 1": "N/A", "Price/Sales (ttm)": "2.55", "Price/Book (mrq)": "7.27", "Enterprise Value/Revenue 3": "11.80", "Enterprise Value/EBITDA 7": "19.62"}, "6/30/2003": {"Duration": "6/30/2003", "Market Cap (intraday) 5": "3.59B", "Enterprise Value 3": "5.42B", "Trailing P/E ": "16.33", "Forward P/E 1": "N/A", "PEG Ratio (5 yr expected) 1": "N/A", "Price/Sales (ttm)": "1.84", "Price/Book (mrq)": "9.33", "Enterprise Value/Revenue 3": "8.90", "Enterprise Value/EBITDA 7": "17.22"}, "3/31/2003": {"Duration": "3/31/2003", "Market Cap (intraday) 5": "2.48B", "Enterprise Value 3": "4.50B", "Trailing P/E ": "14.45", "Forward P/E 1": "N/A", "PEG Ratio (5 yr expected) 1": "N/A", "Price/Sales (ttm)": "1.32", "Price/Book (mrq)": "7.73", "Enterprise Value/Revenue 3": "8.59", "Enterprise Value/EBITDA 7": "17.12"}, "12/31/2002": {"Duration": "12/31/2002", "Market Cap (intraday) 5": "2.43B", "Enterprise Value 3": "4.81B", "Trailing P/E ": "18.85", "Forward P/E 1": "N/A", "PEG Ratio (5 yr expected) 1": "N/A", "Price/Sales (ttm)": "1.29", "Price/Book (mrq)": "N/A", "Enterprise Value/Revenue 3": "8.43", "Enterprise Value/EBITDA 7": "16.30"}, "9/30/2002": {"Duration": "9/30/2002", "Market Cap (intraday) 5": "1.95B", "Enterprise Value 3": "4.12B", "Trailing P/E ": "30.59", "Forward P/E 1": "N/A", "PEG Ratio (5 yr expected) 1": "N/A", "Price/Sales (ttm)": "1.12", "Price/Book (mrq)": "9.77", "Enterprise Value/Revenue 3": "7.64", "Enterprise Value/EBITDA 7": "14.39"}, "6/30/2002": {"Duration": "6/30/2002", "Market Cap (intraday) 5": "2.59B", "Enterprise Value 3": "4.91B", "Trailing P/E ": "68.65", "Forward P/E 1": "N/A", "PEG Ratio (5 yr expected) 1": "N/A", "Price/Sales (ttm)": "1.45", "Price/Book (mrq)": "22.17", "Enterprise Value/Revenue 3": "12.04", "Enterprise Value/EBITDA 7": "25.76"}, "3/31/2002": {"Duration": "3/31/2002", "Market Cap (intraday) 5": "2.54B", "Enterprise Value 3": "5.22B", "Trailing P/E ": "33.25", "Forward P/E 1": "N/A", "PEG Ratio (5 yr expected) 1": "N/A", "Price/Sales (ttm)": "1.39", "Price/Book (mrq)": "N/A", "Enterprise Value/Revenue 3": "13.30", "Enterprise Value/EBITDA 7": "37.15"}, "12/31/2001": {"Duration": "12/31/2001", "Market Cap (intraday) 5": "1.93B", "Enterprise Value 3": "4.61B", "Trailing P/E ": "25.26", "Forward P/E 1": "N/A", "PEG Ratio (5 yr expected) 1": "N/A", "Price/Sales (ttm)": "1.06", "Price/Book (mrq)": "N/A", "Enterprise Value/Revenue 3": "11.18", "Enterprise Value/EBITDA 7": "28.89"}, "9/30/2001": {"Duration": "9/30/2001", "Market Cap (intraday) 5": "1.58B", "Enterprise Value 3": "4.06B", "Trailing P/E ": "13.24", "Forward P/E 1": "N/A", "PEG Ratio (5 yr expected) 1": "N/A", "Price/Sales (ttm)": "0.81", "Price/Book (mrq)": "16.92", "Enterprise Value/Revenue 3": "9.19", "Enterprise Value/EBITDA 7": "22.41"}, "6/30/2001": {"Duration": "6/30/2001", "Market Cap (intraday) 5": "1.59B", "Enterprise Value 3": "4.19B", "Trailing P/E ": "24.02", "Forward P/E 1": "N/A", "PEG Ratio (5 yr expected) 1": "N/A", "Price/Sales (ttm)": "0.90", "Price/Book (mrq)": "26.00", "Enterprise Value/Revenue 3": "7.79", "Enterprise Value/EBITDA 7": "16.57"}, "3/31/2001": {"Duration": "3/31/2001", "Market Cap (intraday) 5": "1.88B", "Enterprise Value 3": "4.89B", "Trailing P/E ": "50.19", "Forward P/E 1": "N/A", "PEG Ratio (5 yr expected) 1": "N/A", "Price/Sales (ttm)": "1.08", "Price/Book (mrq)": "N/A", "Enterprise Value/Revenue 3": "10.93", "Enterprise Value/EBITDA 7": "20.69"}, "12/31/2000": {"Duration": "12/31/2000", "Market Cap (intraday) 5": "1.27B", "Enterprise Value 3": "4.01B", "Trailing P/E ": "85.63", "Forward P/E 1": "N/A", "PEG Ratio (5 yr expected) 1": "N/A", "Price/Sales (ttm)": "0.73", "Price/Book (mrq)": "89.90", "Enterprise Value/Revenue 3": "7.57", "Enterprise Value/EBITDA 7": "13.68"}, "9/30/2000": {"Duration": "9/30/2000", "Market Cap (intraday) 5": "1.31B", "Enterprise Value 3": "4.01B", "Trailing P/E ": "26.71", "Forward P/E 1": "N/A", "PEG Ratio (5 yr expected) 1": "N/A", "Price/Sales (ttm)": "0.76", "Price/Book (mrq)": "21.25", "Enterprise Value/Revenue 3": "8.46", "Enterprise Value/EBITDA 7": "22.75"}, "6/30/2000": {"Duration": "6/30/2000", "Market Cap (intraday) 5": "1.41B", "Enterprise Value 3": "4.11B", "Trailing P/E ": "28.03", "Forward P/E 1": "N/A", "PEG Ratio (5 yr expected) 1": "N/A", "Price/Sales (ttm)": "0.80", "Price/Book (mrq)": "22.97", "Enterprise Value/Revenue 3": "10.35", "Enterprise Value/EBITDA 7": "32.27"}, "3/31/2000": {"Duration": "3/31/2000", "Market Cap (intraday) 5": "1.93B", "Enterprise Value 3": "4.56B", "Trailing P/E ": "21.54", "Forward P/E 1": "N/A", "PEG Ratio (5 yr expected) 1": "N/A", "Price/Sales (ttm)": "1.03", "Price/Book (mrq)": "12.98", "Enterprise Value/Revenue 3": "9.74", "Enterprise Value/EBITDA 7": "24.65"}, "12/31/1999": {"Duration": "12/31/1999", "Market Cap (intraday) 5": "3.45B", "Enterprise Value 3": "6.43B", "Trailing P/E ": "34.63", "Forward P/E 1": "N/A", "PEG Ratio (5 yr expected) 1": "N/A", "Price/Sales (ttm)": "1.84", "Price/Book (mrq)": "N/A", "Enterprise Value/Revenue 3": "12.19", "Enterprise Value/EBITDA 7": "27.87"}, "9/30/1999": {"Duration": "9/30/1999", "Market Cap (intraday) 5": "2.54B", "Enterprise Value 3": "5.29B", "Trailing P/E ": "24.70", "Forward P/E 1": "N/A", "PEG Ratio (5 yr expected) 1": "N/A", "Price/Sales (ttm)": "1.39", "Price/Book (mrq)": "15.96", "Enterprise Value/Revenue 3": "11.16", "Enterprise Value/EBITDA 7": "22.90"}, "6/30/1999": {"Duration": "6/30/1999", "Market Cap (intraday) 5": "2.93B", "Enterprise Value 3": "5.74B", "Trailing P/E ": "29.90", "Forward P/E 1": "N/A", "PEG Ratio (5 yr expected) 1": "N/A", "Price/Sales (ttm)": "1.67", "Price/Book (mrq)": "22.15", "Enterprise Value/Revenue 3": "12.20", "Enterprise Value/EBITDA 7": "27.66"}, "3/31/1999": {"Duration": "3/31/1999", "Market Cap (intraday) 5": "1.78B", "Enterprise Value 3": "4.63B", "Trailing P/E ": "17.26", "Forward P/E 1": "N/A", "PEG Ratio (5 yr expected) 1": "N/A", "Price/Sales (ttm)": "1.05", "Price/Book (mrq)": "15.68", "Enterprise Value/Revenue 3": "11.14", "Enterprise Value/EBITDA 7": "22.35"}, "12/31/1998": {"Duration": "12/31/1998", "Market Cap (intraday) 5": "1.73B", "Enterprise Value 3": "5.03B", "Trailing P/E ": "15.58", "Forward P/E 1": "N/A", "PEG Ratio (5 yr expected) 1": "N/A", "Price/Sales (ttm)": "1.04", "Price/Book (mrq)": "N/A", "Enterprise Value/Revenue 3": "10.37", "Enterprise Value/EBITDA 7": "19.76"}, "9/30/1998": {"Duration": "9/30/1998", "Market Cap (intraday) 5": "1.97B", "Enterprise Value 3": "4.96B", "Trailing P/E ": "18.55", "Forward P/E 1": "N/A", "PEG Ratio (5 yr expected) 1": "N/A", "Price/Sales (ttm)": "1.27", "Price/Book (mrq)": "23.66", "Enterprise Value/Revenue 3": "11.22", "Enterprise Value/EBITDA 7": "23.61"}, "6/30/1998": {"Duration": "6/30/1998", "Market Cap (intraday) 5": "2.73B", "Enterprise Value 3": "5.75B", "Trailing P/E ": "22.01", "Forward P/E 1": "N/A", "PEG Ratio (5 yr expected) 1": "N/A", "Price/Sales (ttm)": "1.64", "Price/Book (mrq)": "11.05", "Enterprise Value/Revenue 3": "13.25", "Enterprise Value/EBITDA 7": "28.89"}, "3/31/1998": {"Duration": "3/31/1998", "Market Cap (intraday) 5": "3.61B", "Enterprise Value 3": "6.57B", "Trailing P/E ": "22.15", "Forward P/E 1": "N/A", "PEG Ratio (5 yr expected) 1": "N/A", "Price/Sales (ttm)": "2.04", "Price/Book (mrq)": "14.61", "Enterprise Value/Revenue 3": "16.58", "Enterprise Value/EBITDA 7": "34.91"}, "12/31/1997": {"Duration": "12/31/1997", "Market Cap (intraday) 5": "2.85B", "Enterprise Value 3": "6.08B", "Trailing P/E ": "14.86", "Forward P/E 1": "N/A", "PEG Ratio (5 yr expected) 1": "N/A", "Price/Sales (ttm)": "1.56", "Price/Book (mrq)": "N/A", "Enterprise Value/Revenue 3": "14.45", "Enterprise Value/EBITDA 7": "35.84"}, "9/30/1997": {"Duration": "9/30/1997", "Market Cap (intraday) 5": "5.21B", "Enterprise Value 3": "7.81B", "Trailing P/E ": "23.24", "Forward P/E 1": "N/A", "PEG Ratio (5 yr expected) 1": "N/A", "Price/Sales (ttm)": "2.61", "Price/Book (mrq)": "11.26", "Enterprise Value/Revenue 3": "15.97", "Enterprise Value/EBITDA 7": "40.04"}, "6/30/1997": {"Duration": "6/30/1997", "Market Cap (intraday) 5": "5.63B", "Enterprise Value 3": "8.02B", "Trailing P/E ": "24.13", "Forward P/E 1": "N/A", "PEG Ratio (5 yr expected) 1": "N/A", "Price/Sales (ttm)": "2.82", "Price/Book (mrq)": "9.10", "Enterprise Value/Revenue 3": "14.14", "Enterprise Value/EBITDA 7": "29.89"}, "3/31/1997": {"Duration": "3/31/1997", "Market Cap (intraday) 5": "5.49B", "Enterprise Value 3": "7.76B", "Trailing P/E ": "27.87", "Forward P/E 1": "N/A", "PEG Ratio (5 yr expected) 1": "N/A", "Price/Sales (ttm)": "2.92", "Price/Book (mrq)": "8.57", "Enterprise Value/Revenue 3": "14.81", "Enterprise Value/EBITDA 7": "31.67"}, "12/31/1996": {"Duration": "12/31/1996", "Market Cap (intraday) 5": "5.99B", "Enterprise Value 3": "8.37B", "Trailing P/E ": "33.57", "Forward P/E 1": "N/A", "PEG Ratio (5 yr expected) 1": "N/A", "Price/Sales (ttm)": "3.08", "Price/Book (mrq)": "18.42", "Enterprise Value/Revenue 3": "13.55", "Enterprise Value/EBITDA 7": "27.82"}, "9/30/1996": {"Duration": "9/30/1996", "Market Cap (intraday) 5": "6.11B", "Enterprise Value 3": "8.16B", "Trailing P/E ": "40.58", "Forward P/E 1": "N/A", "PEG Ratio (5 yr expected) 1": "N/A", "Price/Sales (ttm)": "3.39", "Price/Book (mrq)": "9.47", "Enterprise Value/Revenue 3": "17.19", "Enterprise Value/EBITDA 7": "37.85"}, "6/30/1996": {"Duration": "6/30/1996", "Market Cap (intraday) 5": "6.23B", "Enterprise Value 3": "8.15B", "Trailing P/E ": "36.22", "Forward P/E 1": "N/A", "PEG Ratio (5 yr expected) 1": "N/A", "Price/Sales (ttm)": "3.57", "Price/Book (mrq)": "8.62", "Enterprise Value/Revenue 3": "19.20", "Enterprise Value/EBITDA 7": "52.56"}, "3/31/1996": {"Duration": "3/31/1996", "Market Cap (intraday) 5": "6.18B", "Enterprise Value 3": "8.39B", "Trailing P/E ": "32.27", "Forward P/E 1": "N/A", "PEG Ratio (5 yr expected) 1": "N/A", "Price/Sales (ttm)": "3.52", "Price/Book (mrq)": "20.08", "Enterprise Value/Revenue 3": "21.61", "Enterprise Value/EBITDA 7": "59.62"}, "12/31/1995": {"Duration": "12/31/1995", "Market Cap (intraday) 5": "5.61B", "Enterprise Value 3": "7.13B", "Trailing P/E ": "30.91", "Forward P/E 1": "N/A", "PEG Ratio (5 yr expected) 1": "N/A", "Price/Sales (ttm)": "3.51", "Price/Book (mrq)": "5.94", "Enterprise Value/Revenue 3": "13.35", "Enterprise Value/EBITDA 7": "34.05"}, "9/30/1995": {"Duration": "9/30/1995", "Market Cap (intraday) 5": "5.11B", "Enterprise Value 3": "6.45B", "Trailing P/E ": "37.68", "Forward P/E 1": "N/A", "PEG Ratio (5 yr expected) 1": "N/A", "Price/Sales (ttm)": "3.48", "Price/Book (mrq)": "5.23", "Enterprise Value/Revenue 3": "13.73", "Enterprise Value/EBITDA 7": "31.57"}}}}, {"NSU": {"fin": {}, "bs": {}, "cf": {}}}, {"LIWA": {"fin": {}, "bs": {}, "cf": {}}}]