[{"ABX": {"quote": {"03/29/2021": {"value": "", "Net Assets": "N/A", "Beta (5Y Monthly)": "N/A", "Yield": "N/A", "5y Average Return": "N/A", "Holdings Turnover": "N/A", "Last Dividend": "N/A", "Average for Category": "N/A", "Inception Date": "N/A"}}, "fin": {}, "bs": {}, "cf": {}}}, {"AEM": {"quote": {"03/29/2021": {"value": "58.86", "Market Cap": "14.283B", "Beta (5Y Monthly)": "0.72", "PE Ratio (TTM)": "28.03", "EPS (TTM)": "2.10", "Earnings Date": "Feb 08, 2017 - Feb 13, 2017", "Forward Dividend & Yield": "1.40 (2.38%)", "Ex-Dividend Date": "Feb 26, 2021", "1y Target Est": "85.59"}}, "fin": {"TTM": {"Duration": "TTM", "Total Revenue": "3,138,113", "Cost of Revenue": "2,055,253", "Gross Profit": "1,082,860", "Operating Expense": "257,320", "Operating Income": "825,540", "Net Non Operating Interest Income Expense": "-95,134", "Other Income Expense": "37,159", "Pretax Income": "767,565", "Tax Provision": "255,958", "Net Income Common Stockholders": "511,607", "Diluted NI Available to Com Stockholders": "511,607", "Basic EPS": "-", "Diluted EPS": "-", "Basic Average Shares": "-", "Diluted Average Shares": "-", "Total Expenses": "2,312,573", "Interest Income": "-", "Interest Expense": "95,134", "Net Interest Income": "-95,134", "Net Income from Continuing & Discontinued Operation": "511,607", "Normalized Income": "454,690", "EBIT": "862,699", "EBITDA": "1,493,800", "Reconciled Cost of Revenue": "2,055,253", "Reconciled Depreciation": "631,101", "Net Income from Continuing Operation Net Minority Interest": "511,607", "Total Unusual Items Excluding Goodwill": "85,393", "Total Unusual Items": "85,393", "Normalized EBITDA": "1,408,407", "Tax Rate for Calcs": "0", "Tax Effect of Unusual Items": "28,476"}, "12/31/2020": {"Duration": "12/31/2020", "Total Revenue": "3,138,113", "Cost of Revenue": "2,055,253", "Gross Profit": "1,082,860", "Operating Expense": "257,320", "Operating Income": "825,540", "Net Non Operating Interest Income Expense": "-95,134", "Other Income Expense": "37,159", "Pretax Income": "767,565", "Tax Provision": "255,958", "Net Income Common Stockholders": "511,607", "Diluted NI Available to Com Stockholders": "511,607", "Basic EPS": "-", "Diluted EPS": "-", "Basic Average Shares": "-", "Diluted Average Shares": "-", "Total Expenses": "2,312,573", "Interest Income": "-", "Interest Expense": "95,134", "Net Interest Income": "-95,134", "Net Income from Continuing & Discontinued Operation": "511,607", "Normalized Income": "454,690", "EBIT": "862,699", "EBITDA": "-", "Reconciled Cost of Revenue": "2,055,253", "Reconciled Depreciation": "631,101", "Net Income from Continuing Operation Net Minority Interest": "511,607", "Total Unusual Items Excluding Goodwill": "85,393", "Total Unusual Items": "85,393", "Normalized EBITDA": "1,408,407", "Tax Rate for Calcs": "0", "Tax Effect of Unusual Items": "28,476"}, "12/31/2019": {"Duration": "12/31/2019", "Total Revenue": "2,494,892", "Cost of Revenue": "1,793,762", "Gross Profit": "701,130", "Operating Expense": "228,570", "Operating Income": "472,560", "Net Non Operating Interest Income Expense": "-98,394", "Other Income Expense": "364,576", "Pretax Income": "738,742", "Tax Provision": "265,576", "Net Income Common Stockholders": "473,166", "Diluted NI Available to Com Stockholders": "473,166", "Basic EPS": "2.00", "Diluted EPS": "1.99", "Basic Average Shares": "236,934", "Diluted Average Shares": "238,230", "Total Expenses": "2,022,332", "Interest Income": "6,688", "Interest Expense": "96,420", "Net Interest Income": "-98,394", "Net Income from Continuing & Discontinued Operation": "473,166", "Normalized Income": "251,606", "EBIT": "835,162", "EBITDA": "-", "Reconciled Cost of Revenue": "1,793,762", "Reconciled Depreciation": "546,057", "Net Income from Continuing Operation Net Minority Interest": "473,166", "Total Unusual Items Excluding Goodwill": "346,188", "Total Unusual Items": "346,188", "Normalized EBITDA": "1,035,031", "Tax Rate for Calcs": "0", "Tax Effect of Unusual Items": "124,628"}, "12/31/2018": {"Duration": "12/31/2018", "Total Revenue": "2,191,221", "Cost of Revenue": "1,714,288", "Gross Profit": "476,933", "Operating Expense": "276,963", "Operating Income": "199,970", "Net Non Operating Interest Income Expense": "-86,322", "Other Income Expense": "-372,700", "Pretax Income": "-259,052", "Tax Provision": "67,649", "Net Income Common Stockholders": "-326,701", "Diluted NI Available to Com Stockholders": "-326,701", "Basic EPS": "-1.40", "Diluted EPS": "-1.40", "Basic Average Shares": "233,251", "Diluted Average Shares": "233,251", "Total Expenses": "1,991,251", "Interest Income": "10,245", "Interest Expense": "96,567", "Net Interest Income": "-86,322", "Net Income from Continuing & Discontinued Operation": "-326,701", "Normalized Income": "-51,087", "EBIT": "-162,485", "EBITDA": "-", "Reconciled Cost of Revenue": "1,714,288", "Reconciled Depreciation": "553,933", "Net Income from Continuing Operation Net Minority Interest": "-326,701", "Total Unusual Items Excluding Goodwill": "-374,985", "Total Unusual Items": "-374,985", "Normalized EBITDA": "766,433", "Tax Rate for Calcs": "0", "Tax Effect of Unusual Items": "-99,371"}}, "bs": {"12/31/2020": {"Duration": "12/31/2020", "Total Assets": "9,614,755", "Total Liabilities Net Minority Interest": "3,931,542", "Total Equity Gross Minority Interest": "5,683,213", "Total Capitalization": "7,248,454", "Common Stock Equity": "5,683,213", "Capital Lease Obligations": "120,275", "Net Tangible Assets": "5,275,421", "Working Capital": "731,490", "Invested Capital": "7,248,454", "Tangible Book Value": "5,275,421", "Total Debt": "1,685,516", "Net Debt": "1,162,714", "Share Issued": "243,718", "Ordinary Shares Number": "243,301", "Treasury Shares Number": "416.881"}, "12/31/2019": {"Duration": "12/31/2019", "Total Assets": "8,789,885", "Total Liabilities Net Minority Interest": "3,678,371", "Total Equity Gross Minority Interest": "5,111,514", "Total Capitalization": "6,475,622", "Common Stock Equity": "5,111,514", "Capital Lease Obligations": "116,828", "Net Tangible Assets": "4,703,722", "Working Capital": "417,922", "Invested Capital": "6,835,622", "Tangible Book Value": "4,703,722", "Total Debt": "1,840,936", "Net Debt": "1,402,211", "Share Issued": "240,168", "Ordinary Shares Number": "239,619", "Treasury Shares Number": "548.755"}, "12/31/2018": {"Duration": "12/31/2018", "Total Assets": "7,852,843", "Total Liabilities Net Minority Interest": "3,302,831", "Total Equity Gross Minority Interest": "4,550,012", "Total Capitalization": "6,271,320", "Common Stock Equity": "4,550,012", "Capital Lease Obligations": "1,914", "Net Tangible Assets": "4,142,220", "Working Capital": "711,003", "Invested Capital": "6,271,320", "Tangible Book Value": "4,142,220", "Total Debt": "1,723,222", "Net Debt": "1,419,482", "Share Issued": "235,026", "Ordinary Shares Number": "234,459", "Treasury Shares Number": "566.91"}}, "cf": {"TTM": {"Duration": "TTM", "Operating Cash Flow": "1,192,054", "Investing Cash Flow": "-808,812", "Financing Cash Flow": "-302,822", "End Cash Position": "402,527", "Income Tax Paid Supplemental Data": "110,851", "Interest Paid Supplemental Data": "95,119", "Capital Expenditure": "-759,342", "Issuance of Capital Stock": "13,866", "Issuance of Debt": "1,275,000", "Repayment of Debt": "-1,450,870", "Repurchase of Capital Stock": "-", "Free Cash Flow": "432,712"}, "12/31/2020": {"Duration": "12/31/2020", "Operating Cash Flow": "1,192,054", "Investing Cash Flow": "-808,812", "Financing Cash Flow": "-302,822", "End Cash Position": "402,527", "Income Tax Paid Supplemental Data": "110,851", "Interest Paid Supplemental Data": "95,119", "Capital Expenditure": "-759,342", "Issuance of Capital Stock": "13,866", "Issuance of Debt": "1,275,000", "Repayment of Debt": "-1,450,870", "Repurchase of Capital Stock": "-", "Free Cash Flow": "432,712"}, "12/31/2019": {"Duration": "12/31/2019", "Operating Cash Flow": "881,692", "Investing Cash Flow": "-873,884", "Financing Cash Flow": "10,610", "End Cash Position": "321,897", "Income Tax Paid Supplemental Data": "90,694", "Interest Paid Supplemental Data": "101,523", "Capital Expenditure": "-882,664", "Issuance of Capital Stock": "15,511", "Issuance of Debt": "220,000", "Repayment of Debt": "-235,451", "Repurchase of Capital Stock": "-", "Free Cash Flow": "-972"}, "12/31/2018": {"Duration": "12/31/2018", "Operating Cash Flow": "605,650", "Investing Cash Flow": "-1,204,368", "Financing Cash Flow": "274,099", "End Cash Position": "301,826", "Income Tax Paid Supplemental Data": "106,568", "Interest Paid Supplemental Data": "91,079", "Capital Expenditure": "-1,089,100", "Issuance of Capital Stock": "13,757", "Issuance of Debt": "650,000", "Repayment of Debt": "-303,382", "Repurchase of Capital Stock": "-30,062", "Free Cash Flow": "-483,450"}}}}, {"AUY": {"quote": {"03/29/2021": {"value": "4.4800", "Market Cap": "4.323B", "Beta (5Y Monthly)": "1.59", "PE Ratio (TTM)": "21.33", "EPS (TTM)": "0.2100", "Earnings Date": "N/A", "Forward Dividend & Yield": "0.07 (1.60%)", "Ex-Dividend Date": "Dec 30, 2020", "1y Target Est": "3.92"}}, "fin": {"TTM": {"Duration": "TTM", "Total Revenue": "1,561,000", "Cost of Revenue": "614,100", "Gross Profit": "946,900", "Operating Expense": "525,700", "Operating Income": "421,200", "Net Non Operating Interest Income Expense": "-75,900", "Other Income Expense": "144,800", "Pretax Income": "490,100", "Tax Provision": "286,500", "Net Income Common Stockholders": "203,600", "Diluted NI Available to Com Stockholders": "203,600", "Basic EPS": "-", "Diluted EPS": "-", "Basic Average Shares": "-", "Diluted Average Shares": "-", "Total Operating Income as Reported": "585,800", "Total Expenses": "1,139,800", "Interest Income": "1,100", "Interest Expense": "64,400", "Net Interest Income": "-75,900", "Net Income from Continuing & Discontinued Operation": "203,600", "Normalized Income": "88,426", "EBIT": "554,500", "EBITDA": "949,500", "Reconciled Cost of Revenue": "614,100", "Reconciled Depreciation": "395,000", "Net Income from Continuing Operation Net Minority Interest": "203,600", "Total Unusual Items Excluding Goodwill": "156,700", "Total Unusual Items": "156,700", "Normalized EBITDA": "792,800", "Tax Rate for Calcs": "0", "Tax Effect of Unusual Items": "41,526"}, "12/31/2020": {"Duration": "12/31/2020", "Total Revenue": "1,561,000", "Cost of Revenue": "614,100", "Gross Profit": "946,900", "Operating Expense": "525,700", "Operating Income": "421,200", "Net Non Operating Interest Income Expense": "-75,900", "Other Income Expense": "144,800", "Pretax Income": "490,100", "Tax Provision": "286,500", "Net Income Common Stockholders": "203,600", "Diluted NI Available to Com Stockholders": "203,600", "Basic EPS": "-", "Diluted EPS": "-", "Basic Average Shares": "-", "Diluted Average Shares": "-", "Total Operating Income as Reported": "585,800", "Total Expenses": "1,139,800", "Interest Income": "1,100", "Interest Expense": "64,400", "Net Interest Income": "-75,900", "Net Income from Continuing & Discontinued Operation": "203,600", "Normalized Income": "88,426", "EBIT": "554,500", "EBITDA": "-", "Reconciled Cost of Revenue": "614,100", "Reconciled Depreciation": "395,000", "Net Income from Continuing Operation Net Minority Interest": "203,600", "Total Unusual Items Excluding Goodwill": "156,700", "Total Unusual Items": "156,700", "Normalized EBITDA": "792,800", "Tax Rate for Calcs": "0", "Tax Effect of Unusual Items": "41,526"}, "12/31/2019": {"Duration": "12/31/2019", "Total Revenue": "1,612,200", "Cost of Revenue": "782,800", "Gross Profit": "829,400", "Operating Expense": "578,900", "Operating Income": "250,500", "Net Non Operating Interest Income Expense": "-107,000", "Other Income Expense": "166,800", "Pretax Income": "310,300", "Tax Provision": "84,700", "Net Income Common Stockholders": "225,600", "Diluted NI Available to Com Stockholders": "225,600", "Basic EPS": "0.24", "Diluted EPS": "0.24", "Basic Average Shares": "950,266", "Diluted Average Shares": "951,924", "Total Operating Income as Reported": "474,100", "Total Expenses": "1,361,700", "Interest Income": "2,200", "Interest Expense": "87,300", "Net Interest Income": "-107,000", "Net Income from Continuing & Discontinued Operation": "225,600", "Normalized Income": "90,080", "EBIT": "397,600", "EBITDA": "-", "Reconciled Cost of Revenue": "782,800", "Reconciled Depreciation": "471,700", "Net Income from Continuing Operation Net Minority Interest": "225,600", "Total Unusual Items Excluding Goodwill": "186,400", "Total Unusual Items": "186,400", "Normalized EBITDA": "682,900", "Tax Rate for Calcs": "0", "Tax Effect of Unusual Items": "50,880"}, "12/31/2018": {"Duration": "12/31/2018", "Total Revenue": "1,798,500", "Cost of Revenue": "1,010,000", "Gross Profit": "788,500", "Operating Expense": "558,300", "Operating Income": "230,200", "Net Non Operating Interest Income Expense": "-120,100", "Other Income Expense": "-286,700", "Pretax Income": "-176,700", "Tax Provision": "121,000", "Net Income Common Stockholders": "-284,600", "Diluted NI Available to Com Stockholders": "-284,600", "Basic EPS": "-0.30", "Diluted EPS": "-0.30", "Basic Average Shares": "949,030", "Diluted Average Shares": "949,030", "Total Operating Income as Reported": "-41,800", "Total Expenses": "1,568,300", "Interest Income": "2,600", "Interest Expense": "92,300", "Net Interest Income": "-120,100", "Net Income from Continuing & Discontinued Operation": "-284,600", "Normalized Income": "-69,833", "EBIT": "-84,400", "EBITDA": "-", "Reconciled Cost of Revenue": "1,010,000", "Reconciled Depreciation": "438,300", "Net Income from Continuing Operation Net Minority Interest": "-284,600", "Total Unusual Items Excluding Goodwill": "-292,200", "Total Unusual Items": "-292,200", "Normalized EBITDA": "646,100", "Tax Rate for Calcs": "0", "Tax Effect of Unusual Items": "-77,433"}}, "bs": {"12/31/2020": {"Duration": "12/31/2020", "Total Assets": "8,422,800", "Total Liabilities Net Minority Interest": "3,250,500", "Total Equity Gross Minority Interest": "5,172,300", "Total Capitalization": "5,340,100", "Common Stock Equity": "4,346,300", "Net Tangible Assets": "3,949,900", "Working Capital": "476,100", "Invested Capital": "5,340,100", "Tangible Book Value": "3,949,900", "Total Debt": "993,800", "Net Debt": "342,600", "Share Issued": "952,621", "Ordinary Shares Number": "952,621"}, "12/31/2019": {"Duration": "12/31/2019", "Total Assets": "7,117,200", "Total Liabilities Net Minority Interest": "2,897,300", "Total Equity Gross Minority Interest": "4,219,900", "Total Capitalization": "4,185,200", "Common Stock Equity": "4,185,200", "Net Tangible Assets": "4,185,200", "Working Capital": "-6,800", "Invested Capital": "4,185,200", "Tangible Book Value": "4,185,200", "Total Debt": "991,700", "Net Debt": "832,900", "Share Issued": "950,435", "Ordinary Shares Number": "950,435"}, "12/31/2018": {"Duration": "12/31/2018", "Total Assets": "8,012,900", "Total Liabilities Net Minority Interest": "3,988,900", "Total Equity Gross Minority Interest": "4,024,000", "Total Capitalization": "5,746,100", "Common Stock Equity": "3,989,300", "Net Tangible Assets": "3,589,500", "Working Capital": "-67,200", "Invested Capital": "5,746,100", "Tangible Book Value": "3,589,500", "Total Debt": "1,756,800", "Net Debt": "1,658,300", "Share Issued": "949,342", "Ordinary Shares Number": "949,342"}}, "cf": {"TTM": {"Duration": "TTM", "Operating Cash Flow": "617,800", "Investing Cash Flow": "51,400", "Financing Cash Flow": "-175,900", "End Cash Position": "651,200", "Capital Expenditure": "-273,700", "Issuance of Capital Stock": "7,400", "Issuance of Debt": "200,000", "Repayment of Debt": "-256,200", "Free Cash Flow": "344,100"}, "12/31/2020": {"Duration": "12/31/2020", "Operating Cash Flow": "617,800", "Investing Cash Flow": "51,400", "Financing Cash Flow": "-175,900", "End Cash Position": "651,200", "Capital Expenditure": "-273,700", "Issuance of Capital Stock": "7,400", "Issuance of Debt": "200,000", "Repayment of Debt": "-256,200", "Free Cash Flow": "344,100"}, "12/31/2019": {"Duration": "12/31/2019", "Operating Cash Flow": "521,800", "Investing Cash Flow": "432,000", "Financing Cash Flow": "-892,500", "End Cash Position": "158,800", "Capital Expenditure": "-331,700", "Issuance of Capital Stock": "-", "Issuance of Debt": "240,000", "Repayment of Debt": "-952,500", "Free Cash Flow": "190,100"}, "12/31/2018": {"Duration": "12/31/2018", "Operating Cash Flow": "404,200", "Investing Cash Flow": "-329,600", "Financing Cash Flow": "-134,300", "End Cash Position": "98,500", "Capital Expenditure": "-446,900", "Issuance of Capital Stock": "0", "Issuance of Debt": "460,000", "Repayment of Debt": "-486,500", "Free Cash Flow": "-42,700"}}}}, {"AU": {"quote": {"03/29/2021": {"value": "21.03", "Market Cap": "8.767B", "Beta (5Y Monthly)": "0.23", "PE Ratio (TTM)": "9.28", "EPS (TTM)": "2.27", "Earnings Date": "N/A", "Forward Dividend & Yield": "0.48 (2.28%)", "Ex-Dividend Date": "Mar 11, 2021", "1y Target Est": "26.95"}}, "fin": {"TTM": {"Duration": "TTM", "Total Revenue": "4,427,000", "Cost of Revenue": "2,699,000", "Gross Profit": "1,728,000", "Operating Expense": "254,000", "Operating Income": "1,474,000", "Net Non Operating Interest Income Expense": "-150,000", "Other Income Expense": "265,000", "Pretax Income": "1,589,000", "Tax Provision": "625,000", "Net Income Common Stockholders": "953,000", "Diluted NI Available to Com Stockholders": "953,000", "Basic EPS": "-", "Diluted EPS": "-", "Basic Average Shares": "-", "Diluted Average Shares": "-", "Total Operating Income as Reported": "1,459,000", "Total Expenses": "2,953,000", "Interest Income": "27,000", "Interest Expense": "177,000", "Net Interest Income": "-150,000", "Net Income from Continuing & Discontinued Operation": "953,000", "Normalized Income": "953,887", "EBIT": "1,766,000", "EBITDA": "2,336,000", "Reconciled Cost of Revenue": "2,699,000", "Reconciled Depreciation": "570,000", "Net Income from Continuing Operation Net Minority Interest": "946,000", "Total Unusual Items Excluding Goodwill": "-13,000", "Total Unusual Items": "-13,000", "Normalized EBITDA": "2,349,000", "Tax Rate for Calcs": "0", "Tax Effect of Unusual Items": "-5,113"}, "12/31/2020": {"Duration": "12/31/2020", "Total Revenue": "4,427,000", "Cost of Revenue": "2,699,000", "Gross Profit": "1,728,000", "Operating Expense": "254,000", "Operating Income": "1,474,000", "Net Non Operating Interest Income Expense": "-150,000", "Other Income Expense": "265,000", "Pretax Income": "1,589,000", "Tax Provision": "625,000", "Net Income Common Stockholders": "953,000", "Diluted NI Available to Com Stockholders": "953,000", "Basic EPS": "-", "Diluted EPS": "-", "Basic Average Shares": "-", "Diluted Average Shares": "-", "Total Operating Income as Reported": "1,459,000", "Total Expenses": "2,953,000", "Interest Income": "27,000", "Interest Expense": "177,000", "Net Interest Income": "-150,000", "Net Income from Continuing & Discontinued Operation": "953,000", "Normalized Income": "953,887", "EBIT": "1,766,000", "EBITDA": "-", "Reconciled Cost of Revenue": "2,699,000", "Reconciled Depreciation": "570,000", "Net Income from Continuing Operation Net Minority Interest": "946,000", "Total Unusual Items Excluding Goodwill": "-13,000", "Total Unusual Items": "-13,000", "Normalized EBITDA": "2,349,000", "Tax Rate for Calcs": "0", "Tax Effect of Unusual Items": "-5,113"}, "12/31/2019": {"Duration": "12/31/2019", "Total Revenue": "3,525,000", "Cost of Revenue": "2,626,000", "Gross Profit": "899,000", "Operating Expense": "293,000", "Operating Income": "606,000", "Net Non Operating Interest Income Expense": "-129,000", "Other Income Expense": "142,000", "Pretax Income": "619,000", "Tax Provision": "250,000", "Net Income Common Stockholders": "-7,000", "Diluted NI Available to Com Stockholders": "-7,000", "Basic EPS": "-0.03", "Diluted EPS": "-0.03", "Basic Average Shares": "418,350", "Diluted Average Shares": "418,350", "Total Operating Income as Reported": "621,000", "Total Expenses": "2,919,000", "Interest Income": "14,000", "Interest Expense": "129,000", "Net Interest Income": "-129,000", "Net Income from Continuing & Discontinued Operation": "-7,000", "Normalized Income": "387,720", "EBIT": "748,000", "EBITDA": "-", "Reconciled Cost of Revenue": "2,626,000", "Reconciled Depreciation": "583,000", "Net Income from Continuing Operation Net Minority Interest": "369,000", "Total Unusual Items Excluding Goodwill": "-26,000", "Total Unusual Items": "-26,000", "Normalized EBITDA": "1,357,000", "Tax Rate for Calcs": "0", "Tax Effect of Unusual Items": "-7,280"}, "12/31/2018": {"Duration": "12/31/2018", "Total Revenue": "3,943,000", "Cost of Revenue": "3,173,000", "Gross Profit": "770,000", "Operating Expense": "279,000", "Operating Income": "491,000", "Net Non Operating Interest Income Expense": "-161,000", "Other Income Expense": "-52,000", "Pretax Income": "278,000", "Tax Provision": "128,000", "Net Income Common Stockholders": "133,000", "Diluted NI Available to Com Stockholders": "133,000", "Basic EPS": "0.32", "Diluted EPS": "0.32", "Basic Average Shares": "417,122", "Diluted Average Shares": "417,379", "Total Operating Income as Reported": "327,000", "Total Expenses": "3,452,000", "Interest Income": "17,000", "Interest Expense": "166,000", "Net Interest Income": "-161,000", "Net Income from Continuing & Discontinued Operation": "133,000", "Normalized Income": "256,840", "EBIT": "444,000", "EBITDA": "-", "Reconciled Cost of Revenue": "3,173,000", "Reconciled Depreciation": "630,000", "Net Income from Continuing Operation Net Minority Interest": "133,000", "Total Unusual Items Excluding Goodwill": "-172,000", "Total Unusual Items": "-172,000", "Normalized EBITDA": "1,246,000", "Tax Rate for Calcs": "0", "Tax Effect of Unusual Items": "-48,160"}}, "bs": {"12/31/2020": {"Duration": "12/31/2020", "Total Assets": "7,672,000", "Total Liabilities Net Minority Interest": "3,932,000", "Total Equity Gross Minority Interest": "3,740,000", "Total Capitalization": "5,484,000", "Common Stock Equity": "3,695,000", "Capital Lease Obligations": "153,000", "Net Tangible Assets": "3,564,000", "Working Capital": "1,375,000", "Invested Capital": "5,626,000", "Tangible Book Value": "3,564,000", "Total Debt": "2,084,000", "Net Debt": "601,000", "Share Issued": "416,890", "Ordinary Shares Number": "416,890"}, "12/31/2019": {"Duration": "12/31/2019", "Total Assets": "6,863,000", "Total Liabilities Net Minority Interest": "4,187,000", "Total Equity Gross Minority Interest": "2,676,000", "Total Capitalization": "3,939,000", "Common Stock Equity": "2,640,000", "Capital Lease Obligations": "171,000", "Net Tangible Assets": "2,517,000", "Working Capital": "545,000", "Invested Capital": "4,673,000", "Tangible Book Value": "2,517,000", "Total Debt": "2,204,000", "Net Debt": "1,577,000", "Share Issued": "415,301", "Ordinary Shares Number": "415,301"}, "12/31/2018": {"Duration": "12/31/2018", "Total Assets": "6,643,000", "Total Liabilities Net Minority Interest": "3,949,000", "Total Equity Gross Minority Interest": "2,694,000", "Total Capitalization": "4,563,000", "Common Stock Equity": "2,652,000", "Capital Lease Obligations": "-", "Net Tangible Assets": "2,529,000", "Working Capital": "434,000", "Invested Capital": "4,702,000", "Tangible Book Value": "2,529,000", "Total Debt": "2,050,000", "Net Debt": "1,721,000", "Share Issued": "412,770", "Ordinary Shares Number": "412,770"}}, "cf": {"TTM": {"Duration": "TTM", "Operating Cash Flow": "1,654,000", "Investing Cash Flow": "-476,000", "Financing Cash Flow": "-329,000", "End Cash Position": "1,330,000", "Capital Expenditure": "-702,000", "Issuance of Debt": "2,193,000", "Repayment of Debt": "-2,365,000", "Free Cash Flow": "952,000"}, "12/31/2020": {"Duration": "12/31/2020", "Operating Cash Flow": "1,654,000", "Investing Cash Flow": "-476,000", "Financing Cash Flow": "-329,000", "End Cash Position": "1,330,000", "Capital Expenditure": "-702,000", "Issuance of Debt": "2,193,000", "Repayment of Debt": "-2,365,000", "Free Cash Flow": "952,000"}, "12/31/2019": {"Duration": "12/31/2019", "Operating Cash Flow": "1,047,000", "Investing Cash Flow": "-743,000", "Financing Cash Flow": "-177,000", "End Cash Position": "456,000", "Capital Expenditure": "-703,000", "Issuance of Debt": "168,000", "Repayment of Debt": "-174,000", "Free Cash Flow": "344,000"}, "12/31/2018": {"Duration": "12/31/2018", "Operating Cash Flow": "857,000", "Investing Cash Flow": "-335,000", "Financing Cash Flow": "-393,000", "End Cash Position": "329,000", "Capital Expenditure": "-652,000", "Issuance of Debt": "753,000", "Repayment of Debt": "-967,000", "Free Cash Flow": "205,000"}}}}, {"AGI": {"quote": {"03/29/2021": {"value": "7.93", "Market Cap": "3.101B", "Beta (5Y Monthly)": "1.18", "PE Ratio (TTM)": "21.55", "EPS (TTM)": "0.37", "Earnings Date": "N/A", "Forward Dividend & Yield": "0.10 (1.26%)", "Ex-Dividend Date": "Mar 16, 2021", "1y Target Est": "8.82"}}, "fin": {"TTM": {"Duration": "TTM", "Total Revenue": "748,100", "Cost of Revenue": "482,000", "Gross Profit": "266,100", "Operating Expense": "38,500", "Operating Income": "227,600", "Net Non Operating Interest Income Expense": "-4,300", "Other Income Expense": "-5,100", "Pretax Income": "218,200", "Tax Provision": "74,000", "Net Income Common Stockholders": "144,200", "Diluted NI Available to Com Stockholders": "144,200", "Basic EPS": "-", "Diluted EPS": "-", "Basic Average Shares": "-", "Diluted Average Shares": "-", "Total Operating Income as Reported": "227,600", "Total Expenses": "520,500", "Interest Income": "-", "Interest Expense": "4,300", "Net Interest Income": "-4,300", "Net Income from Continuing & Discontinued Operation": "144,200", "Normalized Income": "144,266", "EBIT": "222,500", "EBITDA": "376,300", "Reconciled Cost of Revenue": "482,000", "Reconciled Depreciation": "153,800", "Net Income from Continuing Operation Net Minority Interest": "144,200", "Total Unusual Items Excluding Goodwill": "-100", "Total Unusual Items": "-100", "Normalized EBITDA": "376,400", "Tax Rate for Calcs": "0", "Tax Effect of Unusual Items": "-33.9138"}, "12/31/2020": {"Duration": "12/31/2020", "Total Revenue": "748,100", "Cost of Revenue": "482,000", "Gross Profit": "266,100", "Operating Expense": "38,500", "Operating Income": "227,600", "Net Non Operating Interest Income Expense": "-4,300", "Other Income Expense": "-5,100", "Pretax Income": "218,200", "Tax Provision": "74,000", "Net Income Common Stockholders": "144,200", "Diluted NI Available to Com Stockholders": "144,200", "Basic EPS": "0.37", "Diluted EPS": "0.37", "Basic Average Shares": "391,675", "Diluted Average Shares": "394,862", "Total Operating Income as Reported": "227,600", "Total Expenses": "520,500", "Interest Income": "-", "Interest Expense": "4,300", "Net Interest Income": "-4,300", "Net Income from Continuing & Discontinued Operation": "144,200", "Normalized Income": "144,266", "EBIT": "222,500", "EBITDA": "-", "Reconciled Cost of Revenue": "482,000", "Reconciled Depreciation": "153,800", "Net Income from Continuing Operation Net Minority Interest": "144,200", "Total Unusual Items Excluding Goodwill": "-100", "Total Unusual Items": "-100", "Normalized EBITDA": "376,400", "Tax Rate for Calcs": "0", "Tax Effect of Unusual Items": "-33.9138"}, "12/31/2019": {"Duration": "12/31/2019", "Total Revenue": "683,100", "Cost of Revenue": "521,400", "Gross Profit": "161,700", "Operating Expense": "35,700", "Operating Income": "126,000", "Net Non Operating Interest Income Expense": "-2,500", "Other Income Expense": "5,400", "Pretax Income": "128,900", "Tax Provision": "32,800", "Net Income Common Stockholders": "96,100", "Diluted NI Available to Com Stockholders": "96,100", "Basic EPS": "0.25", "Diluted EPS": "0.24", "Basic Average Shares": "390,160", "Diluted Average Shares": "393,427", "Total Operating Income as Reported": "126,000", "Total Expenses": "557,100", "Interest Income": "-", "Interest Expense": "2,500", "Net Interest Income": "-2,500", "Net Income from Continuing & Discontinued Operation": "96,100", "Normalized Income": "90,438", "EBIT": "131,400", "EBITDA": "-", "Reconciled Cost of Revenue": "521,400", "Reconciled Depreciation": "165,000", "Net Income from Continuing Operation Net Minority Interest": "96,100", "Total Unusual Items Excluding Goodwill": "7,600", "Total Unusual Items": "7,600", "Normalized EBITDA": "288,800", "Tax Rate for Calcs": "0", "Tax Effect of Unusual Items": "1,938"}, "12/31/2018": {"Duration": "12/31/2018", "Total Revenue": "651,800", "Cost of Revenue": "639,400", "Gross Profit": "12,400", "Operating Expense": "35,000", "Operating Income": "-22,600", "Net Non Operating Interest Income Expense": "-3,000", "Other Income Expense": "-12,800", "Pretax Income": "-38,400", "Tax Provision": "34,200", "Net Income Common Stockholders": "-72,600", "Diluted NI Available to Com Stockholders": "-72,600", "Basic EPS": "-0.19", "Diluted EPS": "-0.19", "Basic Average Shares": "389,816", "Diluted Average Shares": "389,816", "Total Operating Income as Reported": "-22,600", "Total Expenses": "674,400", "Interest Income": "-", "Interest Expense": "3,000", "Net Interest Income": "-3,000", "Net Income from Continuing & Discontinued Operation": "-72,600", "Normalized Income": "-65,029", "EBIT": "-35,400", "EBITDA": "-", "Reconciled Cost of Revenue": "639,400", "Reconciled Depreciation": "166,600", "Net Income from Continuing Operation Net Minority Interest": "-72,600", "Total Unusual Items Excluding Goodwill": "-10,300", "Total Unusual Items": "-10,300", "Normalized EBITDA": "141,500", "Tax Rate for Calcs": "0", "Tax Effect of Unusual Items": "-2,729"}}, "bs": {"12/31/2020": {"Duration": "12/31/2020", "Total Assets": "3,636,500", "Total Liabilities Net Minority Interest": "785,000", "Total Equity Gross Minority Interest": "2,851,500", "Total Capitalization": "2,851,500", "Common Stock Equity": "2,851,500", "Capital Lease Obligations": "500", "Net Tangible Assets": "2,851,500", "Working Capital": "326,500", "Invested Capital": "2,851,500", "Tangible Book Value": "2,851,500", "Total Debt": "500", "Share Issued": "392,777", "Ordinary Shares Number": "392,777"}, "12/31/2019": {"Duration": "12/31/2019", "Total Assets": "3,396,500", "Total Liabilities Net Minority Interest": "701,200", "Total Equity Gross Minority Interest": "2,695,300", "Total Capitalization": "2,695,300", "Common Stock Equity": "2,695,300", "Capital Lease Obligations": "800", "Net Tangible Assets": "2,695,300", "Working Capital": "267,000", "Invested Capital": "2,695,300", "Tangible Book Value": "2,695,300", "Total Debt": "800", "Share Issued": "391,798", "Ordinary Shares Number": "391,798"}, "12/31/2018": {"Duration": "12/31/2018", "Total Assets": "3,265,200", "Total Liabilities Net Minority Interest": "662,900", "Total Equity Gross Minority Interest": "2,602,300", "Total Capitalization": "2,602,300", "Common Stock Equity": "2,602,300", "Capital Lease Obligations": "2,600", "Net Tangible Assets": "2,602,300", "Working Capital": "255,100", "Invested Capital": "2,602,300", "Tangible Book Value": "2,602,300", "Total Debt": "2,600", "Share Issued": "391,250", "Ordinary Shares Number": "391,250"}}, "cf": {"TTM": {"Duration": "TTM", "Operating Cash Flow": "368,400", "Investing Cash Flow": "-314,100", "Financing Cash Flow": "-15,600", "End Cash Position": "220,500", "Capital Expenditure": "-300,900", "Issuance of Capital Stock": "8,300", "Issuance of Debt": "100,000", "Repayment of Debt": "-100,500", "Repurchase of Capital Stock": "-5,500", "Free Cash Flow": "67,500"}, "12/31/2020": {"Duration": "12/31/2020", "Operating Cash Flow": "368,400", "Investing Cash Flow": "-314,100", "Financing Cash Flow": "-15,600", "End Cash Position": "220,500", "Capital Expenditure": "-300,900", "Issuance of Capital Stock": "8,300", "Issuance of Debt": "100,000", "Repayment of Debt": "-100,500", "Repurchase of Capital Stock": "-5,500", "Free Cash Flow": "67,500"}, "12/31/2019": {"Duration": "12/31/2019", "Operating Cash Flow": "260,400", "Investing Cash Flow": "-267,600", "Financing Cash Flow": "-17,000", "End Cash Position": "182,800", "Capital Expenditure": "-263,600", "Issuance of Capital Stock": "7,500", "Issuance of Debt": "-", "Repayment of Debt": "-3,300", "Repurchase of Capital Stock": "-11,400", "Free Cash Flow": "-3,200"}, "12/31/2018": {"Duration": "12/31/2018", "Operating Cash Flow": "213,900", "Investing Cash Flow": "-196,600", "Financing Cash Flow": "-8,800", "End Cash Position": "206,000", "Capital Expenditure": "-221,500", "Issuance of Capital Stock": "0", "Issuance of Debt": "-", "Repayment of Debt": "-4,100", "Repurchase of Capital Stock": "-", "Free Cash Flow": "-7,600"}}}}, {"AAU": {"quote": {"03/29/2021": {"value": "0.5622", "Market Cap": "76.213M", "Beta (5Y Monthly)": "N/A", "PE Ratio (TTM)": "N/A", "EPS (TTM)": "-0.0240", "Earnings Date": "N/A", "Forward Dividend & Yield": "N/A (N/A)", "Ex-Dividend Date": "N/A", "1y Target Est": "N/A"}}, "fin": {"TTM": {"Duration": "TTM", "Total Revenue": "0", "Cost of Revenue": "142.116", "Gross Profit": "-142.116", "Operating Expense": "3,474", "Operating Income": "-3,616", "Net Non Operating Interest Income Expense": "-529.705", "Other Income Expense": "951.065", "Pretax Income": "-3,195", "Tax Provision": "-", "Net Income Common Stockholders": "-3,195", "Diluted NI Available to Com Stockholders": "-3,195", "Basic EPS": "-", "Diluted EPS": "-", "Basic Average Shares": "-", "Diluted Average Shares": "-", "Rent Expense Supplemental": "45.248", "Total Expenses": "3,616", "Interest Income": "49.36", "Interest Expense": "393.14", "Net Interest Income": "-529.705", "Net Income from Continuing & Discontinued Operation": "-3,195", "Normalized Income": "-2,831", "EBIT": "-2,801", "EBITDA": "-2,659", "Reconciled Cost of Revenue": "142.116", "Reconciled Depreciation": "142.116", "Net Income from Continuing Operation Net Minority Interest": "-3,195", "Total Unusual Items Excluding Goodwill": "-364.009", "Total Unusual Items": "-364.009", "Normalized EBITDA": "-2,295", "Tax Rate for Calcs": "0", "Tax Effect of Unusual Items": "0"}, "12/31/2019": {"Duration": "12/31/2019", "Total Revenue": "0", "Cost of Revenue": "145.631", "Gross Profit": "-145.631", "Operating Expense": "3,996", "Operating Income": "-4,142", "Net Non Operating Interest Income Expense": "-411.804", "Other Income Expense": "790.535", "Pretax Income": "-3,763", "Tax Provision": "0", "Net Income Common Stockholders": "-3,763", "Diluted NI Available to Com Stockholders": "-3,763", "Basic EPS": "-0.03", "Diluted EPS": "-0.03", "Basic Average Shares": "111,727", "Diluted Average Shares": "111,727", "Rent Expense Supplemental": "39.561", "Total Expenses": "4,142", "Interest Income": "41.65", "Interest Expense": "249.223", "Net Interest Income": "-411.804", "Net Income from Continuing & Discontinued Operation": "-3,763", "Normalized Income": "-3,594", "EBIT": "-3,514", "EBITDA": "-", "Reconciled Cost of Revenue": "145.631", "Reconciled Depreciation": "145.631", "Net Income from Continuing Operation Net Minority Interest": "-3,763", "Total Unusual Items Excluding Goodwill": "-168.878", "Total Unusual Items": "-168.878", "Normalized EBITDA": "-3,199", "Tax Rate for Calcs": "0", "Tax Effect of Unusual Items": "0"}, "12/31/2018": {"Duration": "12/31/2018", "Total Revenue": "0", "Cost of Revenue": "28.277", "Gross Profit": "-28.277", "Operating Expense": "4,494", "Operating Income": "-4,522", "Net Non Operating Interest Income Expense": "950.352", "Other Income Expense": "60.469", "Pretax Income": "-3,512", "Tax Provision": "0", "Net Income Common Stockholders": "-3,512", "Diluted NI Available to Com Stockholders": "-3,512", "Basic EPS": "-0.03", "Diluted EPS": "-0.03", "Basic Average Shares": "107,584", "Diluted Average Shares": "107,584", "Rent Expense Supplemental": "191.829", "Total Expenses": "4,522", "Interest Income": "950.352", "Interest Expense": "-", "Net Interest Income": "950.352", "Net Income from Continuing & Discontinued Operation": "-3,512", "Normalized Income": "-3,751", "EBIT": "-4,522", "EBITDA": "-", "Reconciled Cost of Revenue": "28.277", "Reconciled Depreciation": "28.277", "Net Income from Continuing Operation Net Minority Interest": "-3,512", "Total Unusual Items Excluding Goodwill": "239.716", "Total Unusual Items": "239.716", "Normalized EBITDA": "-4,734", "Tax Rate for Calcs": "0", "Tax Effect of Unusual Items": "0"}}, "bs": {"12/31/2019": {"Duration": "12/31/2019", "Total Assets": "74,064", "Total Liabilities Net Minority Interest": "5,479", "Total Equity Gross Minority Interest": "68,585", "Total Capitalization": "71,126", "Common Stock Equity": "68,585", "Capital Lease Obligations": "292.679", "Net Tangible Assets": "68,585", "Working Capital": "1,749", "Invested Capital": "71,126", "Tangible Book Value": "68,585", "Total Debt": "2,834", "Net Debt": "1,629", "Share Issued": "111,727", "Ordinary Shares Number": "111,727"}, "12/31/2018": {"Duration": "12/31/2018", "Total Assets": "73,928", "Total Liabilities Net Minority Interest": "2,563", "Total Equity Gross Minority Interest": "71,365", "Total Capitalization": "71,365", "Common Stock Equity": "71,365", "Capital Lease Obligations": "-", "Net Tangible Assets": "71,365", "Working Capital": "4,357", "Invested Capital": "71,365", "Tangible Book Value": "71,365", "Total Debt": "-", "Net Debt": "-", "Share Issued": "111,727", "Ordinary Shares Number": "111,727"}}, "cf": {"TTM": {"Duration": "TTM", "Operating Cash Flow": "-1,098", "Investing Cash Flow": "-2,348", "Financing Cash Flow": "5,520", "End Cash Position": "3,448", "Capital Expenditure": "-363.408", "Issuance of Capital Stock": "3,937", "Repayment of Debt": "-118.279", "Free Cash Flow": "-1,462"}, "12/31/2019": {"Duration": "12/31/2019", "Operating Cash Flow": "-1,892", "Investing Cash Flow": "-3,752", "Financing Cash Flow": "1,476", "End Cash Position": "912.214", "Capital Expenditure": "-427.597", "Issuance of Capital Stock": "0", "Repayment of Debt": "-101.975", "Free Cash Flow": "-2,320"}, "12/31/2018": {"Duration": "12/31/2018", "Operating Cash Flow": "-1,920", "Investing Cash Flow": "-18,172", "Financing Cash Flow": "8,838", "End Cash Position": "5,081", "Capital Expenditure": "-8,498", "Issuance of Capital Stock": "8,838", "Repayment of Debt": "-", "Free Cash Flow": "-10,418"}}}}, {"BAA": {"quote": {"03/29/2021": {"value": "", "Net Assets": "N/A", "Beta (5Y Monthly)": "N/A", "Yield": "N/A", "5y Average Return": "N/A", "Holdings Turnover": "N/A", "Last Dividend": "N/A", "Average for Category": "N/A", "Inception Date": "N/A"}}, "fin": {}, "bs": {}, "cf": {}}}, {"BTG": {"quote": {"03/29/2021": {"value": "4.5600", "Market Cap": "4.798B", "Beta (5Y Monthly)": "1.20", "PE Ratio (TTM)": "7.73", "EPS (TTM)": "0.5900", "Earnings Date": "N/A", "Forward Dividend & Yield": "0.16 (3.51%)", "Ex-Dividend Date": "Mar 05, 2021", "1y Target Est": "3.50"}}, "fin": {"TTM": {"Duration": "TTM", "Total Revenue": "1,788,928", "Cost of Revenue": "830,641", "Gross Profit": "958,287", "Operating Expense": "75,175", "Operating Income": "883,112", "Net Non Operating Interest Income Expense": "-15,803", "Other Income Expense": "167,119", "Pretax Income": "1,034,428", "Tax Provision": "362,015", "Net Income Common Stockholders": "628,063", "Diluted NI Available to Com Stockholders": "628,063", "Basic EPS": "-", "Diluted EPS": "-", "Basic Average Shares": "-", "Diluted Average Shares": "-", "Total Operating Income as Reported": "1,052,934", "Total Expenses": "905,816", "Interest Expense": "15,803", "Net Interest Income": "-15,803", "Net Income from Continuing & Discontinued Operation": "628,063", "Normalized Income": "535,791", "EBIT": "1,050,231", "EBITDA": "1,050,231", "Reconciled Cost of Revenue": "830,641", "Reconciled Depreciation": "-", "Net Income from Continuing Operation Net Minority Interest": "628,063", "Total Unusual Items Excluding Goodwill": "141,949", "Total Unusual Items": "141,949", "Normalized EBITDA": "908,282", "Tax Rate for Calcs": "0", "Tax Effect of Unusual Items": "49,677"}, "12/31/2020": {"Duration": "12/31/2020", "Total Revenue": "1,788,928", "Cost of Revenue": "830,641", "Gross Profit": "958,287", "Operating Expense": "75,175", "Operating Income": "883,112", "Net Non Operating Interest Income Expense": "-15,803", "Other Income Expense": "167,119", "Pretax Income": "1,034,428", "Tax Provision": "362,015", "Net Income Common Stockholders": "628,063", "Diluted NI Available to Com Stockholders": "628,063", "Basic EPS": "-", "Diluted EPS": "-", "Basic Average Shares": "-", "Diluted Average Shares": "-", "Total Operating Income as Reported": "1,052,934", "Total Expenses": "905,816", "Interest Expense": "15,803", "Net Interest Income": "-15,803", "Net Income from Continuing & Discontinued Operation": "628,063", "Normalized Income": "535,791", "EBIT": "1,050,231", "EBITDA": "-", "Reconciled Cost of Revenue": "830,641", "Reconciled Depreciation": "-", "Net Income from Continuing Operation Net Minority Interest": "628,063", "Total Unusual Items Excluding Goodwill": "141,949", "Total Unusual Items": "141,949", "Normalized EBITDA": "908,282", "Tax Rate for Calcs": "0", "Tax Effect of Unusual Items": "49,677"}, "12/31/2019": {"Duration": "12/31/2019", "Total Revenue": "1,155,637", "Cost of Revenue": "705,177", "Gross Profit": "450,460", "Operating Expense": "78,528", "Operating Income": "371,932", "Net Non Operating Interest Income Expense": "-26,550", "Other Income Expense": "137,007", "Pretax Income": "482,389", "Tax Provision": "173,530", "Net Income Common Stockholders": "293,382", "Diluted NI Available to Com Stockholders": "293,382", "Basic EPS": "0.29", "Diluted EPS": "0.29", "Basic Average Shares": "1,014,100", "Diluted Average Shares": "1,022,915", "Total Operating Income as Reported": "508,008", "Total Expenses": "783,705", "Interest Expense": "26,550", "Net Interest Income": "-26,550", "Net Income from Continuing & Discontinued Operation": "293,382", "Normalized Income": "198,976", "EBIT": "508,939", "EBITDA": "-", "Reconciled Cost of Revenue": "705,177", "Reconciled Depreciation": "251,306", "Net Income from Continuing Operation Net Minority Interest": "286,400", "Total Unusual Items Excluding Goodwill": "136,542", "Total Unusual Items": "136,542", "Normalized EBITDA": "623,703", "Tax Rate for Calcs": "0", "Tax Effect of Unusual Items": "49,118"}, "12/31/2018": {"Duration": "12/31/2018", "Total Revenue": "1,225,061", "Cost of Revenue": "860,405", "Gross Profit": "364,656", "Operating Expense": "91,311", "Operating Income": "273,345", "Net Non Operating Interest Income Expense": "-31,754", "Other Income Expense": "-48,878", "Pretax Income": "192,713", "Tax Provision": "147,592", "Net Income Common Stockholders": "28,938", "Diluted NI Available to Com Stockholders": "28,938", "Basic EPS": "0.03", "Diluted EPS": "0.02", "Basic Average Shares": "986,755", "Diluted Average Shares": "1,047,368", "Total Operating Income as Reported": "219,514", "Total Expenses": "951,716", "Interest Expense": "31,754", "Net Interest Income": "-31,754", "Net Income from Continuing & Discontinued Operation": "28,938", "Normalized Income": "73,239", "EBIT": "224,467", "EBITDA": "-", "Reconciled Cost of Revenue": "860,405", "Reconciled Depreciation": "306,429", "Net Income from Continuing Operation Net Minority Interest": "28,938", "Total Unusual Items Excluding Goodwill": "-60,274", "Total Unusual Items": "-60,274", "Normalized EBITDA": "591,170", "Tax Rate for Calcs": "0", "Tax Effect of Unusual Items": "-15,973"}}, "bs": {"12/31/2020": {"Duration": "12/31/2020", "Total Assets": "3,362,379", "Total Liabilities Net Minority Interest": "701,789", "Total Equity Gross Minority Interest": "2,660,590", "Total Capitalization": "2,647,927", "Common Stock Equity": "2,572,016", "Net Tangible Assets": "2,572,016", "Working Capital": "476,605", "Invested Capital": "2,682,038", "Tangible Book Value": "2,572,016", "Total Debt": "110,022", "Net Debt": "-", "Share Issued": "1,051,138", "Ordinary Shares Number": "1,051,138"}, "12/31/2019": {"Duration": "12/31/2019", "Total Assets": "2,683,071", "Total Liabilities Net Minority Interest": "631,419", "Total Equity Gross Minority Interest": "2,051,652", "Total Capitalization": "2,226,064", "Common Stock Equity": "1,990,243", "Net Tangible Assets": "1,990,243", "Working Capital": "242,417", "Invested Capital": "2,252,094", "Tangible Book Value": "1,990,243", "Total Debt": "261,851", "Net Debt": "121,255", "Share Issued": "1,030,400", "Ordinary Shares Number": "1,030,400"}, "12/31/2018": {"Duration": "12/31/2018", "Total Assets": "2,547,804", "Total Liabilities Net Minority Interest": "894,951", "Total Equity Gross Minority Interest": "1,652,853", "Total Capitalization": "2,065,474", "Common Stock Equity": "1,610,947", "Net Tangible Assets": "1,610,947", "Working Capital": "155,781", "Invested Capital": "2,090,482", "Tangible Book Value": "1,610,947", "Total Debt": "479,535", "Net Debt": "376,783", "Share Issued": "994,622", "Ordinary Shares Number": "994,622"}}, "cf": {"TTM": {"Duration": "TTM", "Operating Cash Flow": "950,645", "Investing Cash Flow": "-337,956", "Financing Cash Flow": "-278,865", "End Cash Position": "479,685", "Capital Expenditure": "-304,391", "Issuance of Capital Stock": "-", "Issuance of Debt": "291,416", "Repayment of Debt": "-482,082", "Free Cash Flow": "646,254"}, "12/31/2020": {"Duration": "12/31/2020", "Operating Cash Flow": "950,645", "Investing Cash Flow": "-337,956", "Financing Cash Flow": "-278,865", "End Cash Position": "479,685", "Capital Expenditure": "-304,391", "Issuance of Capital Stock": "-", "Issuance of Debt": "291,416", "Repayment of Debt": "-482,082", "Free Cash Flow": "646,254"}, "12/31/2019": {"Duration": "12/31/2019", "Operating Cash Flow": "491,973", "Investing Cash Flow": "-262,790", "Financing Cash Flow": "-192,063", "End Cash Position": "140,596", "Capital Expenditure": "-220,013", "Issuance of Capital Stock": "-", "Issuance of Debt": "3,463", "Repayment of Debt": "-32,860", "Free Cash Flow": "271,960"}, "12/31/2018": {"Duration": "12/31/2018", "Operating Cash Flow": "450,867", "Investing Cash Flow": "-273,468", "Financing Cash Flow": "-220,509", "End Cash Position": "102,752", "Capital Expenditure": "-211,456", "Issuance of Capital Stock": "-", "Issuance of Debt": "282,117", "Repayment of Debt": "-286,420", "Free Cash Flow": "239,411"}}}}, {"NEM": {"quote": {"03/29/2021": {"value": "61.50", "Market Cap": "49.268B", "Beta (5Y Monthly)": "0.23", "PE Ratio (TTM)": "17.51", "EPS (TTM)": "3.51", "Earnings Date": "May 03, 2021 - May 07, 2021", "Forward Dividend & Yield": "2.20 (3.58%)", "Ex-Dividend Date": "Mar 03, 2021", "1y Target Est": "73.69"}}, "fin": {"TTM": {"Duration": "TTM", "Total Revenue": "11,497,000", "Cost of Revenue": "7,492,000", "Gross Profit": "4,005,000", "Operating Expense": "1,051,000", "Operating Income": "2,954,000", "Net Non Operating Interest Income Expense": "-284,000", "Other Income Expense": "473,000", "Pretax Income": "3,143,000", "Tax Provision": "704,000", "Earnings from Equity Interest Net of Tax": "189,000", "Net Income Common Stockholders": "2,829,000", "Diluted NI Available to Com Stockholders": "2,829,000", "Basic EPS": "-", "Diluted EPS": "-", "Basic Average Shares": "-", "Diluted Average Shares": "-", "Total Expenses": "8,543,000", "Interest Income": "24,000", "Interest Expense": "308,000", "Net Interest Income": "-284,000", "Net Income from Continuing & Discontinued Operation": "2,829,000", "Normalized Income": "2,318,120", "EBIT": "3,451,000", "EBITDA": "5,751,000", "Reconciled Cost of Revenue": "7,492,000", "Reconciled Depreciation": "2,300,000", "Net Income from Continuing Operation Net Minority Interest": "2,666,000", "Total Unusual Items Excluding Goodwill": "446,000", "Total Unusual Items": "446,000", "Normalized EBITDA": "5,305,000", "Tax Rate for Calcs": "0", "Tax Effect of Unusual Items": "98,120"}, "12/31/2020": {"Duration": "12/31/2020", "Total Revenue": "11,497,000", "Cost of Revenue": "7,492,000", "Gross Profit": "4,005,000", "Operating Expense": "1,051,000", "Operating Income": "2,954,000", "Net Non Operating Interest Income Expense": "-284,000", "Other Income Expense": "473,000", "Pretax Income": "3,143,000", "Tax Provision": "704,000", "Earnings from Equity Interest Net of Tax": "189,000", "Net Income Common Stockholders": "2,829,000", "Diluted NI Available to Com Stockholders": "2,829,000", "Basic EPS": "-", "Diluted EPS": "-", "Basic Average Shares": "-", "Diluted Average Shares": "-", "Total Expenses": "8,543,000", "Interest Income": "24,000", "Interest Expense": "308,000", "Net Interest Income": "-284,000", "Net Income from Continuing & Discontinued Operation": "2,829,000", "Normalized Income": "2,318,120", "EBIT": "3,451,000", "EBITDA": "-", "Reconciled Cost of Revenue": "7,492,000", "Reconciled Depreciation": "2,300,000", "Net Income from Continuing Operation Net Minority Interest": "2,666,000", "Total Unusual Items Excluding Goodwill": "446,000", "Total Unusual Items": "446,000", "Normalized EBITDA": "5,305,000", "Tax Rate for Calcs": "0", "Tax Effect of Unusual Items": "98,120"}, "12/31/2019": {"Duration": "12/31/2019", "Total Revenue": "9,740,000", "Cost of Revenue": "7,155,000", "Gross Profit": "2,585,000", "Operating Expense": "1,044,000", "Operating Income": "1,541,000", "Net Non Operating Interest Income Expense": "-244,000", "Other Income Expense": "2,396,000", "Pretax Income": "3,693,000", "Tax Provision": "832,000", "Earnings from Equity Interest Net of Tax": "95,000", "Net Income Common Stockholders": "2,805,000", "Diluted NI Available to Com Stockholders": "2,805,000", "Basic EPS": "3.82", "Diluted EPS": "3.81", "Basic Average Shares": "735,000", "Diluted Average Shares": "736,220", "Total Expenses": "8,199,000", "Interest Income": "57,000", "Interest Expense": "301,000", "Net Interest Income": "-244,000", "Net Income from Continuing & Discontinued Operation": "2,805,000", "Normalized Income": "2,891,630", "EBIT": "3,994,000", "EBITDA": "-", "Reconciled Cost of Revenue": "7,155,000", "Reconciled Depreciation": "1,960,000", "Net Income from Continuing Operation Net Minority Interest": "2,877,000", "Total Unusual Items Excluding Goodwill": "-19,000", "Total Unusual Items": "-19,000", "Normalized EBITDA": "5,973,000", "Tax Rate for Calcs": "0", "Tax Effect of Unusual Items": "-4,370"}, "12/31/2018": {"Duration": "12/31/2018", "Total Revenue": "7,253,000", "Cost of Revenue": "5,308,000", "Gross Profit": "1,945,000", "Operating Expense": "766,000", "Operating Income": "1,179,000", "Net Non Operating Interest Income Expense": "-151,000", "Other Income Expense": "-290,000", "Pretax Income": "738,000", "Tax Provision": "386,000", "Earnings from Equity Interest Net of Tax": "-33,000", "Net Income Common Stockholders": "341,000", "Diluted NI Available to Com Stockholders": "341,000", "Basic EPS": "0.64", "Diluted EPS": "0.64", "Basic Average Shares": "533,000", "Diluted Average Shares": "535,000", "Total Expenses": "6,074,000", "Interest Income": "56,000", "Interest Expense": "207,000", "Net Interest Income": "-151,000", "Net Income from Continuing & Discontinued Operation": "341,000", "Normalized Income": "509,220", "EBIT": "945,000", "EBITDA": "-", "Reconciled Cost of Revenue": "5,308,000", "Reconciled Depreciation": "1,215,000", "Net Income from Continuing Operation Net Minority Interest": "280,000", "Total Unusual Items Excluding Goodwill": "-314,000", "Total Unusual Items": "-314,000", "Normalized EBITDA": "2,474,000", "Tax Rate for Calcs": "0", "Tax Effect of Unusual Items": "-84,780"}}, "bs": {"12/31/2020": {"Duration": "12/31/2020", "Total Assets": "41,369,000", "Total Liabilities Net Minority Interest": "17,524,000", "Total Equity Gross Minority Interest": "23,845,000", "Total Capitalization": "28,488,000", "Common Stock Equity": "23,008,000", "Capital Lease Obligations": "779,000", "Net Tangible Assets": "20,237,000", "Working Capital": "5,136,000", "Invested Capital": "29,039,000", "Tangible Book Value": "20,237,000", "Total Debt": "6,810,000", "Net Debt": "491,000", "Share Issued": "804,000", "Ordinary Shares Number": "800,000", "Treasury Shares Number": "4,000"}, "12/31/2019": {"Duration": "12/31/2019", "Total Assets": "39,974,000", "Total Liabilities Net Minority Interest": "17,604,000", "Total Equity Gross Minority Interest": "22,370,000", "Total Capitalization": "27,558,000", "Common Stock Equity": "21,420,000", "Capital Lease Obligations": "771,000", "Net Tangible Assets": "18,746,000", "Working Capital": "3,887,000", "Invested Capital": "27,558,000", "Tangible Book Value": "18,746,000", "Total Debt": "6,909,000", "Net Debt": "3,895,000", "Share Issued": "811,000", "Ordinary Shares Number": "808,000", "Treasury Shares Number": "3,000"}, "12/31/2018": {"Duration": "12/31/2018", "Total Assets": "20,715,000", "Total Liabilities Net Minority Interest": "9,250,000", "Total Equity Gross Minority Interest": "11,465,000", "Total Capitalization": "13,920,000", "Common Stock Equity": "10,502,000", "Capital Lease Obligations": "217,000", "Net Tangible Assets": "10,502,000", "Working Capital": "3,490,000", "Invested Capital": "14,546,000", "Tangible Book Value": "10,502,000", "Total Debt": "4,261,000", "Net Debt": "647,000", "Share Issued": "535,000", "Ordinary Shares Number": "533,000", "Treasury Shares Number": "2,000"}}, "cf": {"TTM": {"Duration": "TTM", "Operating Cash Flow": "4,882,000", "Investing Cash Flow": "91,000", "Financing Cash Flow": "-1,680,000", "End Cash Position": "5,648,000", "Income Tax Paid Supplemental Data": "400,000", "Interest Paid Supplemental Data": "261,000", "Capital Expenditure": "-1,302,000", "Issuance of Capital Stock": "-", "Issuance of Debt": "985,000", "Repayment of Debt": "-1,226,000", "Repurchase of Capital Stock": "-521,000", "Free Cash Flow": "3,580,000"}, "12/31/2020": {"Duration": "12/31/2020", "Operating Cash Flow": "4,882,000", "Investing Cash Flow": "91,000", "Financing Cash Flow": "-1,680,000", "End Cash Position": "5,648,000", "Income Tax Paid Supplemental Data": "400,000", "Interest Paid Supplemental Data": "261,000", "Capital Expenditure": "-1,302,000", "Issuance of Capital Stock": "-", "Issuance of Debt": "985,000", "Repayment of Debt": "-1,226,000", "Repurchase of Capital Stock": "-521,000", "Free Cash Flow": "3,580,000"}, "12/31/2019": {"Duration": "12/31/2019", "Operating Cash Flow": "2,866,000", "Investing Cash Flow": "-1,226,000", "Financing Cash Flow": "-2,777,000", "End Cash Position": "2,349,000", "Income Tax Paid Supplemental Data": "437,000", "Interest Paid Supplemental Data": "273,000", "Capital Expenditure": "-1,463,000", "Issuance of Capital Stock": "-", "Issuance of Debt": "690,000", "Repayment of Debt": "-1,931,000", "Repurchase of Capital Stock": "-479,000", "Free Cash Flow": "1,403,000"}, "12/31/2018": {"Duration": "12/31/2018", "Operating Cash Flow": "1,827,000", "Investing Cash Flow": "-1,177,000", "Financing Cash Flow": "-455,000", "End Cash Position": "3,489,000", "Income Tax Paid Supplemental Data": "429,000", "Interest Paid Supplemental Data": "188,000", "Capital Expenditure": "-1,032,000", "Issuance of Capital Stock": "-", "Issuance of Debt": "-", "Repayment of Debt": "-4,000", "Repurchase of Capital Stock": "-98,000", "Free Cash Flow": "795,000"}}}}, {"EGO": {"quote": {"03/29/2021": {"value": "10.91", "Market Cap": "1.906B", "Beta (5Y Monthly)": "1.55", "PE Ratio (TTM)": "18.18", "EPS (TTM)": "0.60", "Earnings Date": "N/A", "Forward Dividend & Yield": "N/A (N/A)", "Ex-Dividend Date": "Mar 03, 2017", "1y Target Est": "1.83"}}, "fin": {"TTM": {"Duration": "TTM", "Total Revenue": "1,026,685", "Cost of Revenue": "691,834", "Gross Profit": "334,851", "Operating Expense": "72,415", "Operating Income": "262,436", "Net Non Operating Interest Income Expense": "-49,448", "Other Income Expense": "-41,395", "Pretax Income": "176,495", "Tax Provision": "79,134", "Net Income Common Stockholders": "104,541", "Diluted NI Available to Com Stockholders": "104,541", "Basic EPS": "-", "Diluted EPS": "-", "Basic Average Shares": "-", "Diluted Average Shares": "-", "Total Operating Income as Reported": "228,715", "Total Expenses": "764,249", "Interest Income": "1,310", "Interest Expense": "48,472", "Net Interest Income": "-49,448", "Net Income from Continuing & Discontinued Operation": "104,541", "Normalized Income": "134,966", "EBIT": "224,967", "EBITDA": "473,757", "Reconciled Cost of Revenue": "691,834", "Reconciled Depreciation": "248,790", "Net Income from Continuing Operation Net Minority Interest": "104,541", "Total Unusual Items Excluding Goodwill": "-41,395", "Total Unusual Items": "-41,395", "Normalized EBITDA": "515,152", "Tax Rate for Calcs": "0", "Tax Effect of Unusual Items": "-10,970"}, "12/31/2020": {"Duration": "12/31/2020", "Total Revenue": "1,026,685", "Cost of Revenue": "691,834", "Gross Profit": "334,851", "Operating Expense": "72,415", "Operating Income": "262,436", "Net Non Operating Interest Income Expense": "-49,448", "Other Income Expense": "-41,395", "Pretax Income": "176,495", "Tax Provision": "79,134", "Net Income Common Stockholders": "104,541", "Diluted NI Available to Com Stockholders": "104,541", "Basic EPS": "-", "Diluted EPS": "-", "Basic Average Shares": "-", "Diluted Average Shares": "-", "Total Operating Income as Reported": "228,715", "Total Expenses": "764,249", "Interest Income": "1,310", "Interest Expense": "48,472", "Net Interest Income": "-49,448", "Net Income from Continuing & Discontinued Operation": "104,541", "Normalized Income": "134,966", "EBIT": "224,967", "EBITDA": "-", "Reconciled Cost of Revenue": "691,834", "Reconciled Depreciation": "248,790", "Net Income from Continuing Operation Net Minority Interest": "104,541", "Total Unusual Items Excluding Goodwill": "-41,395", "Total Unusual Items": "-41,395", "Normalized EBITDA": "515,152", "Tax Rate for Calcs": "0", "Tax Effect of Unusual Items": "-10,970"}, "12/31/2019": {"Duration": "12/31/2019", "Total Revenue": "617,823", "Cost of Revenue": "487,957", "Gross Profit": "129,866", "Operating Expense": "76,802", "Operating Income": "53,064", "Net Non Operating Interest Income Expense": "-43,804", "Other Income Expense": "104,196", "Pretax Income": "113,456", "Tax Provision": "39,771", "Net Income Common Stockholders": "80,586", "Diluted NI Available to Com Stockholders": "80,586", "Basic EPS": "0.51", "Diluted EPS": "0.50", "Basic Average Shares": "158,856", "Diluted Average Shares": "161,539", "Total Operating Income as Reported": "146,837", "Total Expenses": "564,759", "Interest Income": "3,154", "Interest Expense": "43,399", "Net Interest Income": "-43,804", "Net Income from Continuing & Discontinued Operation": "80,586", "Normalized Income": "18,159", "EBIT": "156,855", "EBITDA": "-", "Reconciled Cost of Revenue": "487,957", "Reconciled Depreciation": "155,331", "Net Income from Continuing Operation Net Minority Interest": "80,586", "Total Unusual Items Excluding Goodwill": "96,121", "Total Unusual Items": "96,121", "Normalized EBITDA": "216,065", "Tax Rate for Calcs": "0", "Tax Effect of Unusual Items": "33,694"}, "12/31/2018": {"Duration": "12/31/2018", "Total Revenue": "459,016", "Cost of Revenue": "375,177", "Gross Profit": "83,839", "Operating Expense": "109,740", "Operating Income": "-25,901", "Net Non Operating Interest Income Expense": "-4,264", "Other Income Expense": "-435,964", "Pretax Income": "-466,129", "Tax Provision": "-86,498", "Net Income Common Stockholders": "-361,884", "Diluted NI Available to Com Stockholders": "-361,884", "Basic EPS": "-2.28", "Diluted EPS": "-2.28", "Basic Average Shares": "158,509", "Diluted Average Shares": "158,509", "Total Operating Income as Reported": "-476,773", "Total Expenses": "484,917", "Interest Income": "-", "Interest Expense": "-", "Net Interest Income": "-4,264", "Net Income from Continuing & Discontinued Operation": "-361,884", "Normalized Income": "6,334", "EBIT": "-25,901", "EBITDA": "-", "Reconciled Cost of Revenue": "375,177", "Reconciled Depreciation": "105,732", "Net Income from Continuing Operation Net Minority Interest": "-361,884", "Total Unusual Items Excluding Goodwill": "-452,115", "Total Unusual Items": "-452,115", "Normalized EBITDA": "531,946", "Tax Rate for Calcs": "0", "Tax Effect of Unusual Items": "-83,897"}}, "bs": {"12/31/2020": {"Duration": "12/31/2020", "Total Assets": "4,898,975", "Total Liabilities Net Minority Interest": "1,242,525", "Total Equity Gross Minority Interest": "3,656,450", "Total Capitalization": "4,050,042", "Common Stock Equity": "3,615,577", "Capital Lease Obligations": "25,956", "Net Tangible Assets": "3,522,986", "Working Capital": "504,195", "Invested Capital": "4,116,709", "Tangible Book Value": "3,522,986", "Total Debt": "527,088", "Net Debt": "49,170", "Share Issued": "174,931", "Ordinary Shares Number": "174,931", "Treasury Shares Number": "-"}, "12/31/2019": {"Duration": "12/31/2019", "Total Assets": "4,648,920", "Total Liabilities Net Minority Interest": "1,175,107", "Total Equity Gross Minority Interest": "3,473,813", "Total Capitalization": "3,827,574", "Common Stock Equity": "3,414,509", "Capital Lease Obligations": "25,056", "Net Tangible Assets": "3,321,918", "Working Capital": "214,137", "Invested Capital": "3,894,241", "Tangible Book Value": "3,321,918", "Total Debt": "504,788", "Net Debt": "301,990", "Share Issued": "164,963", "Ordinary Shares Number": "164,963", "Treasury Shares Number": "-"}, "12/31/2018": {"Duration": "12/31/2018", "Total Assets": "4,628,926", "Total Liabilities Net Minority Interest": "1,281,840", "Total Equity Gross Minority Interest": "3,347,086", "Total Capitalization": "3,879,649", "Common Stock Equity": "3,283,672", "Capital Lease Obligations": "6,538", "Net Tangible Assets": "3,191,081", "Working Capital": "372,996", "Invested Capital": "3,879,649", "Tangible Book Value": "3,191,081", "Total Debt": "602,515", "Net Debt": "309,665", "Share Issued": "159,143", "Ordinary Shares Number": "158,802", "Treasury Shares Number": "341.219"}}, "cf": {"TTM": {"Duration": "TTM", "Operating Cash Flow": "425,607", "Investing Cash Flow": "-244,229", "Financing Cash Flow": "92,842", "Cash Flow from Discontinued Operation": "-", "End Cash Position": "451,962", "Income Tax Paid Supplemental Data": "-", "Interest Paid Supplemental Data": "-", "Capital Expenditure": "-206,376", "Issuance of Capital Stock": "95,992", "Issuance of Debt": "150,000", "Repayment of Debt": "-142,521", "Repurchase of Capital Stock": "-3,550", "Free Cash Flow": "219,231"}, "12/31/2020": {"Duration": "12/31/2020", "Operating Cash Flow": "425,607", "Investing Cash Flow": "-244,229", "Financing Cash Flow": "92,842", "Cash Flow from Discontinued Operation": "-", "End Cash Position": "451,962", "Income Tax Paid Supplemental Data": "-", "Interest Paid Supplemental Data": "-", "Capital Expenditure": "-206,376", "Issuance of Capital Stock": "95,992", "Issuance of Debt": "150,000", "Repayment of Debt": "-142,521", "Repurchase of Capital Stock": "-3,550", "Free Cash Flow": "219,231"}, "12/31/2019": {"Duration": "12/31/2019", "Operating Cash Flow": "165,826", "Investing Cash Flow": "-188,874", "Financing Cash Flow": "-85,455", "Cash Flow from Discontinued Operation": "-67", "End Cash Position": "177,742", "Income Tax Paid Supplemental Data": "-", "Interest Paid Supplemental Data": "-", "Capital Expenditure": "-219,943", "Issuance of Capital Stock": "40,066", "Issuance of Debt": "494,000", "Repayment of Debt": "-606,729", "Repurchase of Capital Stock": "0", "Free Cash Flow": "-54,117"}, "12/31/2018": {"Duration": "12/31/2018", "Operating Cash Flow": "66,316", "Investing Cash Flow": "-257,397", "Financing Cash Flow": "-2,108", "Cash Flow from Discontinued Operation": "-", "End Cash Position": "286,312", "Income Tax Paid Supplemental Data": "36,879", "Interest Paid Supplemental Data": "36,750", "Capital Expenditure": "-312,081", "Issuance of Capital Stock": "0", "Issuance of Debt": "-", "Repayment of Debt": "-", "Repurchase of Capital Stock": "-2,108", "Free Cash Flow": "-245,765"}}}}, {"HMY": {"quote": {"03/29/2021": {"value": "4.4000", "Market Cap": "2.56B", "Beta (5Y Monthly)": "0.85", "PE Ratio (TTM)": "10.28", "EPS (TTM)": "0.4280", "Earnings Date": "N/A", "Forward Dividend & Yield": "0.07 (1.65%)", "Ex-Dividend Date": "Apr 15, 2021", "1y Target Est": "3.90"}}, "fin": {"TTM": {"Duration": "TTM", "Total Revenue": "7,802,851", "Cost of Revenue": "4,922,802", "Gross Profit": "2,880,049", "Operating Expense": "234,685", "Operating Income": "2,645,363", "Net Non Operating Interest Income Expense": "-10,372", "Other Income Expense": "2,425,587", "Pretax Income": "5,060,579", "Tax Provision": "629,752", "Net Income Common Stockholders": "4,402,207", "Diluted NI Available to Com Stockholders": "4,402,207", "Basic EPS": "-", "Diluted EPS": "-", "Basic Average Shares": "-", "Diluted Average Shares": "-", "Total Operating Income as Reported": "3,909,289", "Total Expenses": "5,157,488", "Interest Income": "-", "Interest Expense": "25,239", "Net Interest Income": "-10,372", "Net Income from Continuing & Discontinued Operation": "4,402,207", "Normalized Income": "2,295,485", "EBIT": "5,085,818", "EBITDA": "5,085,818", "Reconciled Cost of Revenue": "4,922,802", "Reconciled Depreciation": "-", "Net Income from Continuing Operation Net Minority Interest": "4,402,207", "Total Unusual Items Excluding Goodwill": "2,406,149", "Total Unusual Items": "2,406,149", "Normalized EBITDA": "2,679,669", "Tax Rate for Calcs": "0", "Tax Effect of Unusual Items": "299,428"}, "6/30/2020": {"Duration": "6/30/2020", "Total Revenue": "29,245,000", "Cost of Revenue": "25,908,000", "Gross Profit": "3,337,000", "Operating Expense": "2,017,000", "Operating Income": "1,320,000", "Net Non Operating Interest Income Expense": "-404,000", "Other Income Expense": "-1,511,000", "Pretax Income": "-595,000", "Tax Provision": "255,000", "Net Income Common Stockholders": "-878,000", "Diluted NI Available to Com Stockholders": "-878,000", "Basic EPS": "-0.09", "Diluted EPS": "-0.10", "Basic Average Shares": "535,000", "Diluted Average Shares": "547,000", "Total Operating Income as Reported": "-358,000", "Total Expenses": "27,925,000", "Interest Income": "257,000", "Interest Expense": "661,000", "Net Interest Income": "-404,000", "Net Income from Continuing & Discontinued Operation": "-878,000", "Normalized Income": "277,600", "EBIT": "66,000", "EBITDA": "-", "Reconciled Cost of Revenue": "25,908,000", "Reconciled Depreciation": "3,508,000", "Net Income from Continuing Operation Net Minority Interest": "-878,000", "Total Unusual Items Excluding Goodwill": "-1,605,000", "Total Unusual Items": "-1,605,000", "Normalized EBITDA": "5,179,000", "Tax Rate for Calcs": "0", "Tax Effect of Unusual Items": "-449,400"}, "6/30/2019": {"Duration": "6/30/2019", "Total Revenue": "26,912,000", "Cost of Revenue": "28,869,000", "Gross Profit": "-1,957,000", "Operating Expense": "963,000", "Operating Income": "-2,920,000", "Net Non Operating Interest Income Expense": "-331,000", "Other Income Expense": "505,000", "Pretax Income": "-2,746,000", "Tax Provision": "-139,000", "Net Income Common Stockholders": "-2,607,000", "Diluted NI Available to Com Stockholders": "-2,607,000", "Basic EPS": "-0.35", "Diluted EPS": "-0.36", "Basic Average Shares": "524,000", "Diluted Average Shares": "533,000", "Total Operating Income as Reported": "-2,538,000", "Total Expenses": "29,832,000", "Interest Income": "244,000", "Interest Expense": "575,000", "Net Interest Income": "-331,000", "Net Income from Continuing & Discontinued Operation": "-2,607,000", "Normalized Income": "-3,030,700", "EBIT": "-2,171,000", "EBITDA": "-", "Reconciled Cost of Revenue": "28,869,000", "Reconciled Depreciation": "4,054,000", "Net Income from Continuing Operation Net Minority Interest": "-2,607,000", "Total Unusual Items Excluding Goodwill": "446,000", "Total Unusual Items": "446,000", "Normalized EBITDA": "1,437,000", "Tax Rate for Calcs": "0", "Tax Effect of Unusual Items": "22,300"}, "6/30/2018": {"Duration": "6/30/2018", "Total Revenue": "21,854,305", "Cost of Revenue": "24,834,438", "Gross Profit": "-2,980,133", "Operating Expense": "1,020,971", "Operating Income": "-4,001,104", "Net Non Operating Interest Income Expense": "-68,985", "Other Income Expense": "-607,064", "Pretax Income": "-4,677,152", "Tax Provision": "-248,344", "Net Income Common Stockholders": "-4,428,808", "Diluted NI Available to Com Stockholders": "-4,428,808", "Basic EPS": "-0.72", "Diluted EPS": "-0.72", "Basic Average Shares": "445,896", "Diluted Average Shares": "465,319", "Total Operating Income as Reported": "-4,621,965", "Total Expenses": "25,855,409", "Interest Income": "289,735", "Interest Expense": "358,720", "Net Interest Income": "-68,985", "Net Income from Continuing & Discontinued Operation": "-4,428,808", "Normalized Income": "-3,814,785", "EBIT": "-4,318,433", "EBITDA": "-", "Reconciled Cost of Revenue": "24,834,438", "Reconciled Depreciation": "2,759,382", "Net Income from Continuing Operation Net Minority Interest": "-4,428,808", "Total Unusual Items Excluding Goodwill": "-648,455", "Total Unusual Items": "-648,455", "Normalized EBITDA": "-910,596", "Tax Rate for Calcs": "0", "Tax Effect of Unusual Items": "-34,431"}}, "bs": {"6/30/2020": {"Duration": "6/30/2020", "Total Assets": "44,692,000", "Total Liabilities Net Minority Interest": "21,317,000", "Total Equity Gross Minority Interest": "23,375,000", "Total Capitalization": "30,834,000", "Common Stock Equity": "23,371,000", "Capital Lease Obligations": "141,000", "Net Tangible Assets": "22,835,000", "Working Capital": "2,606,000", "Invested Capital": "30,834,000", "Tangible Book Value": "22,835,000", "Total Debt": "7,859,000", "Net Debt": "1,106,000", "Share Issued": "603,143", "Ordinary Shares Number": "596,760", "Treasury Shares Number": "6,383"}, "6/30/2019": {"Duration": "6/30/2019", "Total Assets": "36,736,000", "Total Liabilities Net Minority Interest": "14,122,000", "Total Equity Gross Minority Interest": "22,614,000", "Total Capitalization": "28,440,000", "Common Stock Equity": "22,614,000", "Capital Lease Obligations": "-", "Net Tangible Assets": "22,081,000", "Working Capital": "1,143,000", "Invested Capital": "28,440,000", "Tangible Book Value": "22,081,000", "Total Debt": "5,915,000", "Net Debt": "4,833,000", "Share Issued": "539,841", "Ordinary Shares Number": "533,201", "Treasury Shares Number": "6,640"}, "6/30/2018": {"Duration": "6/30/2018", "Total Assets": "39,486,756", "Total Liabilities Net Minority Interest": "14,169,427", "Total Equity Gross Minority Interest": "25,317,330", "Total Capitalization": "30,242,827", "Common Stock Equity": "25,317,330", "Capital Lease Obligations": "-", "Net Tangible Assets": "24,806,844", "Working Capital": "551,876", "Invested Capital": "30,982,341", "Tangible Book Value": "24,806,844", "Total Debt": "5,665,011", "Net Debt": "4,961,369", "Share Issued": "500,299", "Ordinary Shares Number": "500,252", "Treasury Shares Number": "47.381"}}, "cf": {"TTM": {"Duration": "TTM", "Operating Cash Flow": "3,319,230", "Investing Cash Flow": "-3,652,834", "Financing Cash Flow": "-1,629,952", "End Cash Position": "-713,555", "Capital Expenditure": "-304,842", "Issuance of Capital Stock": "200,511", "Issuance of Debt": "-4,362,597", "Repayment of Debt": "2,540,307", "Free Cash Flow": "3,014,388"}, "6/30/2020": {"Duration": "6/30/2020", "Operating Cash Flow": "4,723,000", "Investing Cash Flow": "-3,558,000", "Financing Cash Flow": "4,305,000", "End Cash Position": "6,357,000", "Capital Expenditure": "-3,610,000", "Issuance of Capital Stock": "3,466,000", "Issuance of Debt": "6,541,000", "Repayment of Debt": "-5,699,000", "Free Cash Flow": "1,113,000"}, "6/30/2019": {"Duration": "6/30/2019", "Operating Cash Flow": "4,679,000", "Investing Cash Flow": "-4,797,000", "Financing Cash Flow": "380,000", "End Cash Position": "993,000", "Capital Expenditure": "-5,036,000", "Issuance of Capital Stock": "211,000", "Issuance of Debt": "1,522,000", "Repayment of Debt": "-1,353,000", "Free Cash Flow": "-357,000"}, "6/30/2018": {"Duration": "6/30/2018", "Operating Cash Flow": "4,180,464", "Investing Cash Flow": "-9,078,367", "Financing Cash Flow": "4,415,011", "End Cash Position": "703,642", "Capital Expenditure": "-4,911,700", "Issuance of Capital Stock": "1,089,956", "Issuance of Debt": "7,795,254", "Repayment of Debt": "-4,304,636", "Free Cash Flow": "-731,236"}}}}, {"KGC": {"quote": {"03/29/2021": {"value": "6.72", "Market Cap": "8.437B", "Beta (5Y Monthly)": "1.03", "PE Ratio (TTM)": "6.34", "EPS (TTM)": "1.06", "Earnings Date": "N/A", "Forward Dividend & Yield": "0.12 (1.79%)", "Ex-Dividend Date": "Mar 02, 2021", "1y Target Est": "11.65"}}, "fin": {"TTM": {"Duration": "TTM", "Total Revenue": "4,213,400", "Cost of Revenue": "1,917,100", "Gross Profit": "2,296,300", "Operating Expense": "396,900", "Operating Income": "1,899,400", "Net Non Operating Interest Income Expense": "-108,300", "Other Income Expense": "7,400", "Pretax Income": "1,798,500", "Tax Provision": "439,800", "Net Income Common Stockholders": "1,342,400", "Diluted NI Available to Com Stockholders": "1,342,400", "Basic EPS": "-", "Diluted EPS": "-", "Basic Average Shares": "-", "Diluted Average Shares": "-", "Total Operating Income as Reported": "1,899,400", "Total Expenses": "2,314,000", "Interest Income": "4,300", "Interest Expense": "112,600", "Net Interest Income": "-108,300", "Net Income from Continuing & Discontinued Operation": "1,342,400", "Normalized Income": "1,342,400", "EBIT": "1,911,100", "EBITDA": "2,753,400", "Reconciled Cost of Revenue": "1,917,100", "Reconciled Depreciation": "842,300", "Net Income from Continuing Operation Net Minority Interest": "1,342,400", "Total Unusual Items Excluding Goodwill": "72,400", "Total Unusual Items": "72,400", "Normalized EBITDA": "2,753,400", "Tax Rate for Calcs": "0", "Tax Effect of Unusual Items": "0"}, "12/31/2020": {"Duration": "12/31/2020", "Total Revenue": "4,213,400", "Cost of Revenue": "1,917,100", "Gross Profit": "2,296,300", "Operating Expense": "396,900", "Operating Income": "1,899,400", "Net Non Operating Interest Income Expense": "-108,300", "Other Income Expense": "7,400", "Pretax Income": "1,798,500", "Tax Provision": "439,800", "Net Income Common Stockholders": "1,342,400", "Diluted NI Available to Com Stockholders": "1,342,400", "Basic EPS": "-", "Diluted EPS": "-", "Basic Average Shares": "-", "Diluted Average Shares": "-", "Total Operating Income as Reported": "1,899,400", "Total Expenses": "2,314,000", "Interest Income": "4,300", "Interest Expense": "112,600", "Net Interest Income": "-108,300", "Net Income from Continuing & Discontinued Operation": "1,342,400", "Normalized Income": "1,342,400", "EBIT": "1,911,100", "EBITDA": "-", "Reconciled Cost of Revenue": "1,917,100", "Reconciled Depreciation": "842,300", "Net Income from Continuing Operation Net Minority Interest": "1,342,400", "Total Unusual Items Excluding Goodwill": "-", "Total Unusual Items": "-", "Normalized EBITDA": "2,753,400", "Tax Rate for Calcs": "0", "Tax Effect of Unusual Items": "0"}, "12/31/2019": {"Duration": "12/31/2019", "Total Revenue": "3,497,300", "Cost of Revenue": "2,148,400", "Gross Profit": "1,348,900", "Operating Expense": "388,800", "Operating Income": "960,100", "Net Non Operating Interest Income Expense": "-69,000", "Other Income Expense": "72,700", "Pretax Income": "963,800", "Tax Provision": "246,700", "Net Income Common Stockholders": "718,600", "Diluted NI Available to Com Stockholders": "718,600", "Basic EPS": "0.57", "Diluted EPS": "0.57", "Basic Average Shares": "1,252,300", "Diluted Average Shares": "1,262,300", "Total Operating Income as Reported": "991,100", "Total Expenses": "2,537,200", "Interest Income": "7,900", "Interest Expense": "76,900", "Net Interest Income": "-69,000", "Net Income from Continuing & Discontinued Operation": "718,600", "Normalized Income": "664,734", "EBIT": "1,040,700", "EBITDA": "-", "Reconciled Cost of Revenue": "2,148,400", "Reconciled Depreciation": "731,300", "Net Income from Continuing Operation Net Minority Interest": "718,600", "Total Unusual Items Excluding Goodwill": "72,400", "Total Unusual Items": "72,400", "Normalized EBITDA": "1,699,600", "Tax Rate for Calcs": "0", "Tax Effect of Unusual Items": "18,534"}, "12/31/2018": {"Duration": "12/31/2018", "Total Revenue": "3,212,600", "Cost of Revenue": "2,632,900", "Gross Profit": "579,700", "Operating Expense": "408,300", "Operating Income": "171,400", "Net Non Operating Interest Income Expense": "-61,100", "Other Income Expense": "2,900", "Pretax Income": "113,200", "Tax Provision": "138,800", "Net Income Common Stockholders": "-23,600", "Diluted NI Available to Com Stockholders": "-23,600", "Basic EPS": "-0.02", "Diluted EPS": "-0.02", "Basic Average Shares": "1,249,500", "Diluted Average Shares": "1,249,500", "Total Operating Income as Reported": "200,500", "Total Expenses": "3,041,200", "Interest Income": "11,000", "Interest Expense": "72,100", "Net Interest Income": "-61,100", "Net Income from Continuing & Discontinued Operation": "-23,600", "Normalized Income": "-18,969", "EBIT": "185,300", "EBITDA": "-", "Reconciled Cost of Revenue": "2,632,900", "Reconciled Depreciation": "772,400", "Net Income from Continuing Operation Net Minority Interest": "-23,600", "Total Unusual Items Excluding Goodwill": "-6,300", "Total Unusual Items": "-6,300", "Normalized EBITDA": "964,000", "Tax Rate for Calcs": "0", "Tax Effect of Unusual Items": "-1,669"}}, "bs": {"12/31/2020": {"Duration": "12/31/2020", "Total Assets": "10,933,200", "Total Liabilities Net Minority Interest": "4,270,200", "Total Equity Gross Minority Interest": "6,663,000", "Total Capitalization": "8,020,700", "Common Stock Equity": "6,596,500", "Capital Lease Obligations": "46,300", "Net Tangible Assets": "6,437,700", "Working Capital": "1,101,300", "Invested Capital": "8,520,400", "Tangible Book Value": "6,437,700", "Total Debt": "1,970,200", "Net Debt": "713,000", "Share Issued": "1,258,320", "Ordinary Shares Number": "1,258,320"}, "12/31/2019": {"Duration": "12/31/2019", "Total Assets": "9,076,000", "Total Liabilities Net Minority Interest": "3,743,400", "Total Equity Gross Minority Interest": "5,332,600", "Total Capitalization": "7,155,900", "Common Stock Equity": "5,318,500", "Capital Lease Obligations": "54,900", "Net Tangible Assets": "5,159,700", "Working Capital": "1,209,200", "Invested Capital": "7,155,900", "Tangible Book Value": "5,159,700", "Total Debt": "1,892,300", "Net Debt": "1,262,300", "Share Issued": "1,253,766", "Ordinary Shares Number": "1,253,766"}, "12/31/2018": {"Duration": "12/31/2018", "Total Assets": "8,063,800", "Total Liabilities Net Minority Interest": "3,536,500", "Total Equity Gross Minority Interest": "4,527,300", "Total Capitalization": "6,241,700", "Common Stock Equity": "4,506,700", "Capital Lease Obligations": "-", "Net Tangible Assets": "4,344,000", "Working Capital": "985,500", "Invested Capital": "6,241,700", "Tangible Book Value": "4,344,000", "Total Debt": "1,735,000", "Net Debt": "1,386,000", "Share Issued": "1,250,229", "Ordinary Shares Number": "1,250,229"}}, "cf": {"TTM": {"Duration": "TTM", "Operating Cash Flow": "1,957,600", "Investing Cash Flow": "-1,249,100", "Financing Cash Flow": "-67,700", "End Cash Position": "1,210,900", "Capital Expenditure": "-964,000", "Issuance of Capital Stock": "-", "Issuance of Debt": "950,000", "Repayment of Debt": "-870,700", "Free Cash Flow": "993,600"}, "12/31/2020": {"Duration": "12/31/2020", "Operating Cash Flow": "1,957,600", "Investing Cash Flow": "-1,249,100", "Financing Cash Flow": "-67,700", "End Cash Position": "1,210,900", "Capital Expenditure": "-964,000", "Issuance of Capital Stock": "-", "Issuance of Debt": "950,000", "Repayment of Debt": "-870,700", "Free Cash Flow": "993,600"}, "12/31/2019": {"Duration": "12/31/2019", "Operating Cash Flow": "1,224,900", "Investing Cash Flow": "-1,026,600", "Financing Cash Flow": "25,100", "End Cash Position": "575,100", "Capital Expenditure": "-1,105,200", "Issuance of Capital Stock": "-", "Issuance of Debt": "300,000", "Repayment of Debt": "-214,300", "Free Cash Flow": "119,700"}, "12/31/2018": {"Duration": "12/31/2018", "Operating Cash Flow": "788,700", "Investing Cash Flow": "-1,387,000", "Financing Cash Flow": "-72,600", "End Cash Position": "349,000", "Capital Expenditure": "-1,043,400", "Issuance of Capital Stock": "-", "Issuance of Debt": "80,000", "Repayment of Debt": "-80,000", "Free Cash Flow": "-254,700"}}}}, {"IAG": {"quote": {"03/29/2021": {"value": "3.0700", "Market Cap": "1.444B", "Beta (5Y Monthly)": "0.99", "PE Ratio (TTM)": "34.49", "EPS (TTM)": "0.0890", "Earnings Date": "N/A", "Forward Dividend & Yield": "N/A (N/A)", "Ex-Dividend Date": "Jul 01, 2013", "1y Target Est": "7.65"}}, "fin": {"TTM": {"Duration": "TTM", "Total Revenue": "1,241,700", "Cost of Revenue": "991,400", "Gross Profit": "250,300", "Operating Expense": "103,000", "Operating Income": "147,300", "Net Non Operating Interest Income Expense": "-14,400", "Other Income Expense": "-34,100", "Pretax Income": "98,800", "Tax Provision": "44,100", "Net Income Common Stockholders": "42,600", "Diluted NI Available to Com Stockholders": "42,600", "Basic EPS": "-", "Diluted EPS": "-", "Basic Average Shares": "-", "Diluted Average Shares": "-", "Total Operating Income as Reported": "145,400", "Total Expenses": "1,094,400", "Interest Income": "8,900", "Interest Expense": "9,100", "Net Interest Income": "-14,400", "Net Income from Continuing & Discontinued Operation": "42,600", "Normalized Income": "75,177", "EBIT": "107,900", "EBITDA": "375,900", "Reconciled Cost of Revenue": "725,000", "Reconciled Depreciation": "268,000", "Net Income from Continuing Operation Net Minority Interest": "38,500", "Total Unusual Items Excluding Goodwill": "-49,900", "Total Unusual Items": "-49,900", "Normalized EBITDA": "425,800", "Tax Rate for Calcs": "0", "Tax Effect of Unusual Items": "-13,223"}, "12/31/2020": {"Duration": "12/31/2020", "Total Revenue": "1,241,700", "Cost of Revenue": "991,400", "Gross Profit": "250,300", "Operating Expense": "103,000", "Operating Income": "147,300", "Net Non Operating Interest Income Expense": "-14,400", "Other Income Expense": "-34,100", "Pretax Income": "98,800", "Tax Provision": "44,100", "Net Income Common Stockholders": "42,600", "Diluted NI Available to Com Stockholders": "42,600", "Basic EPS": "-", "Diluted EPS": "-", "Basic Average Shares": "-", "Diluted Average Shares": "-", "Total Operating Income as Reported": "145,400", "Total Expenses": "1,094,400", "Interest Income": "8,900", "Interest Expense": "9,100", "Net Interest Income": "-14,400", "Net Income from Continuing & Discontinued Operation": "42,600", "Normalized Income": "75,177", "EBIT": "107,900", "EBITDA": "-", "Reconciled Cost of Revenue": "725,000", "Reconciled Depreciation": "268,000", "Net Income from Continuing Operation Net Minority Interest": "38,500", "Total Unusual Items Excluding Goodwill": "-49,900", "Total Unusual Items": "-49,900", "Normalized EBITDA": "425,800", "Tax Rate for Calcs": "0", "Tax Effect of Unusual Items": "-13,223"}, "12/31/2019": {"Duration": "12/31/2019", "Total Revenue": "1,065,300", "Cost of Revenue": "995,700", "Gross Profit": "69,600", "Operating Expense": "110,200", "Operating Income": "-40,600", "Net Non Operating Interest Income Expense": "-1,800", "Other Income Expense": "-285,900", "Pretax Income": "-328,300", "Tax Provision": "30,400", "Net Income Common Stockholders": "-412,600", "Diluted NI Available to Com Stockholders": "-412,600", "Basic EPS": "-0.88", "Diluted EPS": "-0.88", "Basic Average Shares": "468,000", "Diluted Average Shares": "468,000", "Total Operating Income as Reported": "-338,100", "Total Expenses": "1,105,900", "Interest Income": "12,600", "Interest Expense": "8,100", "Net Interest Income": "-1,800", "Net Income from Continuing & Discontinued Operation": "-412,600", "Normalized Income": "-164,192", "EBIT": "-320,200", "EBITDA": "-", "Reconciled Cost of Revenue": "720,600", "Reconciled Depreciation": "276,600", "Net Income from Continuing Operation Net Minority Interest": "-373,300", "Total Unusual Items Excluding Goodwill": "-284,500", "Total Unusual Items": "-284,500", "Normalized EBITDA": "240,900", "Tax Rate for Calcs": "0", "Tax Effect of Unusual Items": "-75,392"}, "12/31/2018": {"Duration": "12/31/2018", "Total Revenue": "1,111,000", "Cost of Revenue": "974,100", "Gross Profit": "136,900", "Operating Expense": "94,000", "Operating Income": "42,900", "Net Non Operating Interest Income Expense": "4,500", "Other Income Expense": "-29,100", "Pretax Income": "18,300", "Tax Provision": "38,000", "Net Income Common Stockholders": "-28,200", "Diluted NI Available to Com Stockholders": "-28,200", "Basic EPS": "-0.06", "Diluted EPS": "-0.06", "Basic Average Shares": "466,500", "Diluted Average Shares": "466,500", "Total Operating Income as Reported": "34,100", "Total Expenses": "1,068,100", "Interest Income": "13,300", "Interest Expense": "2,700", "Net Interest Income": "4,500", "Net Income from Continuing & Discontinued Operation": "-28,200", "Normalized Income": "2,450", "EBIT": "21,000", "EBITDA": "-", "Reconciled Cost of Revenue": "708,700", "Reconciled Depreciation": "266,200", "Net Income from Continuing Operation Net Minority Interest": "-28,200", "Total Unusual Items Excluding Goodwill": "-41,700", "Total Unusual Items": "-41,700", "Normalized EBITDA": "328,900", "Tax Rate for Calcs": "0", "Tax Effect of Unusual Items": "-11,050"}}, "bs": {"12/31/2020": {"Duration": "12/31/2020", "Total Assets": "4,154,300", "Total Liabilities Net Minority Interest": "1,608,800", "Total Equity Gross Minority Interest": "2,545,500", "Total Capitalization": "2,916,900", "Common Stock Equity": "2,458,200", "Capital Lease Obligations": "66,800", "Net Tangible Assets": "2,458,200", "Working Capital": "1,060,700", "Invested Capital": "2,924,800", "Tangible Book Value": "2,458,200", "Total Debt": "533,400", "Share Issued": "475,316", "Ordinary Shares Number": "475,316"}, "12/31/2019": {"Duration": "12/31/2019", "Total Assets": "3,862,100", "Total Liabilities Net Minority Interest": "1,443,300", "Total Equity Gross Minority Interest": "2,418,800", "Total Capitalization": "2,750,000", "Common Stock Equity": "2,346,100", "Capital Lease Obligations": "58,800", "Net Tangible Assets": "2,346,100", "Working Capital": "997,000", "Invested Capital": "2,754,600", "Tangible Book Value": "2,346,100", "Total Debt": "467,300", "Share Issued": "469,057", "Ordinary Shares Number": "469,057"}, "12/31/2018": {"Duration": "12/31/2018", "Total Assets": "3,961,000", "Total Liabilities Net Minority Interest": "1,168,400", "Total Equity Gross Minority Interest": "2,792,600", "Total Capitalization": "3,131,100", "Common Stock Equity": "2,732,600", "Capital Lease Obligations": "-", "Net Tangible Assets": "2,732,600", "Working Capital": "859,700", "Invested Capital": "3,131,100", "Tangible Book Value": "2,732,600", "Total Debt": "398,500", "Share Issued": "466,830", "Ordinary Shares Number": "466,830"}}, "cf": {"TTM": {"Duration": "TTM", "Operating Cash Flow": "347,600", "Investing Cash Flow": "-246,200", "Financing Cash Flow": "800", "End Cash Position": "941,500", "Capital Expenditure": "-317,200", "Issuance of Capital Stock": "-", "Issuance of Debt": "454,500", "Repayment of Debt": "-444,000", "Free Cash Flow": "30,400"}, "12/31/2020": {"Duration": "12/31/2020", "Operating Cash Flow": "347,600", "Investing Cash Flow": "-246,200", "Financing Cash Flow": "800", "End Cash Position": "941,500", "Capital Expenditure": "-317,200", "Issuance of Capital Stock": "-", "Issuance of Debt": "454,500", "Repayment of Debt": "-444,000", "Free Cash Flow": "30,400"}, "12/31/2019": {"Duration": "12/31/2019", "Operating Cash Flow": "363,000", "Investing Cash Flow": "-149,800", "Financing Cash Flow": "800", "End Cash Position": "830,600", "Capital Expenditure": "-274,400", "Issuance of Capital Stock": "-", "Issuance of Debt": "23,300", "Repayment of Debt": "-9,100", "Free Cash Flow": "88,600"}, "12/31/2018": {"Duration": "12/31/2018", "Operating Cash Flow": "191,100", "Investing Cash Flow": "-224,900", "Financing Cash Flow": "-10,500", "End Cash Position": "615,100", "Capital Expenditure": "-336,000", "Issuance of Capital Stock": "0", "Issuance of Debt": "0", "Repayment of Debt": "-1,200", "Free Cash Flow": "-144,900"}}}}, {"GORO": {"quote": {"03/29/2021": {"value": "2.6600", "Market Cap": "198.008M", "Beta (5Y Monthly)": "1.93", "PE Ratio (TTM)": "42.90", "EPS (TTM)": "0.0620", "Earnings Date": "Feb 25, 2021", "Forward Dividend & Yield": "0.04 (1.50%)", "Ex-Dividend Date": "Apr 09, 2021", "1y Target Est": "5.25"}}, "fin": {"TTM": {"Duration": "TTM", "Total Revenue": "90,692", "Cost of Revenue": "78,205", "Gross Profit": "12,487", "Operating Expense": "12,969", "Operating Income": "-482", "Other Income Expense": "-276", "Pretax Income": "-758", "Tax Provision": "5,573", "Net Income Common Stockholders": "4,359", "Diluted NI Available to Com Stockholders": "4,359", "Basic EPS": "-", "Diluted EPS": "-", "Basic Average Shares": "-", "Diluted Average Shares": "-", "Total Expenses": "91,174", "Net Income from Continuing & Discontinued Operation": "4,359", "Normalized Income": "-6,160", "EBIT": "-482", "EBITDA": "17,119", "Reconciled Cost of Revenue": "78,205", "Reconciled Depreciation": "17,601", "Net Income from Continuing Operation Net Minority Interest": "-6,331", "Total Unusual Items Excluding Goodwill": "-234", "Total Unusual Items": "-234", "Normalized EBITDA": "17,353", "Tax Rate for Calcs": "0", "Tax Effect of Unusual Items": "-63.18"}, "12/31/2020": {"Duration": "12/31/2020", "Total Revenue": "90,692", "Cost of Revenue": "78,205", "Gross Profit": "12,487", "Operating Expense": "12,969", "Operating Income": "-482", "Other Income Expense": "-276", "Pretax Income": "-758", "Tax Provision": "5,573", "Net Income Common Stockholders": "4,359", "Diluted NI Available to Com Stockholders": "4,359", "Basic EPS": "0.06", "Diluted EPS": "0.06", "Basic Average Shares": "69,903", "Diluted Average Shares": "70,686", "Total Expenses": "91,174", "Net Income from Continuing & Discontinued Operation": "4,359", "Normalized Income": "-6,160", "EBIT": "-482", "EBITDA": "-", "Reconciled Cost of Revenue": "78,205", "Reconciled Depreciation": "17,601", "Net Income from Continuing Operation Net Minority Interest": "-6,331", "Total Unusual Items Excluding Goodwill": "-234", "Total Unusual Items": "-234", "Normalized EBITDA": "17,353", "Tax Rate for Calcs": "0", "Tax Effect of Unusual Items": "-63.18"}, "12/31/2019": {"Duration": "12/31/2019", "Total Revenue": "135,366", "Cost of Revenue": "106,251", "Gross Profit": "29,115", "Operating Expense": "14,486", "Operating Income": "14,629", "Other Income Expense": "253", "Pretax Income": "14,882", "Tax Provision": "9,050", "Net Income Common Stockholders": "5,832", "Diluted NI Available to Com Stockholders": "5,832", "Basic EPS": "0.09", "Diluted EPS": "0.09", "Basic Average Shares": "63,681", "Diluted Average Shares": "64,033", "Total Expenses": "120,737", "Net Income from Continuing & Discontinued Operation": "5,832", "Normalized Income": "5,521", "EBIT": "14,629", "EBITDA": "-", "Reconciled Cost of Revenue": "106,251", "Reconciled Depreciation": "23,318", "Net Income from Continuing Operation Net Minority Interest": "5,832", "Total Unusual Items Excluding Goodwill": "426", "Total Unusual Items": "426", "Normalized EBITDA": "37,521", "Tax Rate for Calcs": "0", "Tax Effect of Unusual Items": "115.02"}, "12/31/2018": {"Duration": "12/31/2018", "Total Revenue": "115,308", "Cost of Revenue": "81,618", "Gross Profit": "33,690", "Operating Expense": "15,502", "Operating Income": "18,188", "Other Income Expense": "-1,637", "Pretax Income": "16,551", "Tax Provision": "7,263", "Net Income Common Stockholders": "9,288", "Diluted NI Available to Com Stockholders": "9,288", "Basic EPS": "0.16", "Diluted EPS": "0.16", "Basic Average Shares": "57,535", "Diluted Average Shares": "58,370", "Total Expenses": "97,120", "Net Income from Continuing & Discontinued Operation": "9,288", "Normalized Income": "10,496", "EBIT": "18,188", "EBITDA": "-", "Reconciled Cost of Revenue": "81,618", "Reconciled Depreciation": "15,169", "Net Income from Continuing Operation Net Minority Interest": "9,288", "Total Unusual Items Excluding Goodwill": "-1,655", "Total Unusual Items": "-1,655", "Normalized EBITDA": "35,012", "Tax Rate for Calcs": "0", "Tax Effect of Unusual Items": "-446.85"}}, "bs": {"12/31/2020": {"Duration": "12/31/2020", "Total Assets": "105,734", "Total Liabilities Net Minority Interest": "15,196", "Total Equity Gross Minority Interest": "90,538", "Total Capitalization": "90,538", "Common Stock Equity": "90,538", "Capital Lease Obligations": "-", "Net Tangible Assets": "90,538", "Working Capital": "30,788", "Invested Capital": "90,538", "Tangible Book Value": "90,538", "Total Debt": "-", "Share Issued": "74,713", "Ordinary Shares Number": "74,377", "Treasury Shares Number": "336.398"}, "12/31/2019": {"Duration": "12/31/2019", "Total Assets": "193,012", "Total Liabilities Net Minority Interest": "34,954", "Total Equity Gross Minority Interest": "158,058", "Total Capitalization": "158,840", "Common Stock Equity": "158,058", "Capital Lease Obligations": "8,328", "Net Tangible Assets": "158,058", "Working Capital": "22,680", "Invested Capital": "159,719", "Tangible Book Value": "158,058", "Total Debt": "9,989", "Share Issued": "66,028", "Ordinary Shares Number": "65,692", "Treasury Shares Number": "336.398"}, "12/31/2018": {"Duration": "12/31/2018", "Total Assets": "150,331", "Total Liabilities Net Minority Interest": "23,069", "Total Equity Gross Minority Interest": "127,262", "Total Capitalization": "128,640", "Common Stock Equity": "127,262", "Capital Lease Obligations": "1,243", "Net Tangible Assets": "127,262", "Working Capital": "13,499", "Invested Capital": "129,405", "Tangible Book Value": "127,262", "Total Debt": "3,386", "Share Issued": "59,187", "Ordinary Shares Number": "58,850", "Treasury Shares Number": "336.398"}}, "cf": {"TTM": {"Duration": "TTM", "Operating Cash Flow": "35,397", "Investing Cash Flow": "-14,453", "Financing Cash Flow": "-5,221", "End Cash Position": "25,405", "Income Tax Paid Supplemental Data": "2,734", "Interest Paid Supplemental Data": "20", "Capital Expenditure": "-12,811", "Issuance of Capital Stock": "25,795", "Repayment of Debt": "-", "Free Cash Flow": "22,586"}, "12/31/2020": {"Duration": "12/31/2020", "Operating Cash Flow": "35,397", "Investing Cash Flow": "-14,453", "Financing Cash Flow": "-5,221", "End Cash Position": "25,405", "Income Tax Paid Supplemental Data": "2,734", "Interest Paid Supplemental Data": "20", "Capital Expenditure": "-12,811", "Issuance of Capital Stock": "25,795", "Repayment of Debt": "-", "Free Cash Flow": "22,586"}, "12/31/2019": {"Duration": "12/31/2019", "Operating Cash Flow": "21,416", "Investing Cash Flow": "-39,472", "Financing Cash Flow": "21,825", "End Cash Position": "11,076", "Income Tax Paid Supplemental Data": "3,743", "Interest Paid Supplemental Data": "157", "Capital Expenditure": "-39,474", "Issuance of Capital Stock": "24,449", "Repayment of Debt": "-1,231", "Free Cash Flow": "-18,058"}, "12/31/2018": {"Duration": "12/31/2018", "Operating Cash Flow": "22,256", "Investing Cash Flow": "-40,070", "Financing Cash Flow": "3,452", "End Cash Position": "7,762", "Income Tax Paid Supplemental Data": "7,068", "Interest Paid Supplemental Data": "177", "Capital Expenditure": "-40,076", "Issuance of Capital Stock": "4,319", "Repayment of Debt": "-979", "Free Cash Flow": "-17,820"}}}}, {"FNV": {"quote": {"03/29/2021": {"value": "123.40", "Market Cap": "23.564B", "Beta (5Y Monthly)": "0.43", "PE Ratio (TTM)": "72.16", "EPS (TTM)": "1.71", "Earnings Date": "N/A", "Forward Dividend & Yield": "1.20 (0.97%)", "Ex-Dividend Date": "Mar 10, 2021", "1y Target Est": "81.27"}}, "fin": {"TTM": {"Duration": "TTM", "Total Revenue": "1,020,200", "Cost of Revenue": "399,800", "Gross Profit": "620,400", "Operating Expense": "28,800", "Operating Income": "591,600", "Net Non Operating Interest Income Expense": "200", "Other Income Expense": "-252,300", "Pretax Income": "339,500", "Tax Provision": "13,300", "Net Income Common Stockholders": "326,200", "Diluted NI Available to Com Stockholders": "326,200", "Basic EPS": "-", "Diluted EPS": "-", "Basic Average Shares": "-", "Diluted Average Shares": "-", "Total Operating Income as Reported": "336,500", "Total Expenses": "428,600", "Interest Income": "3,700", "Interest Expense": "400", "Net Interest Income": "200", "Net Income from Continuing & Discontinued Operation": "326,200", "Normalized Income": "568,616", "EBIT": "339,900", "EBITDA": "580,900", "Reconciled Cost of Revenue": "399,800", "Reconciled Depreciation": "241,000", "Net Income from Continuing Operation Net Minority Interest": "326,200", "Total Unusual Items Excluding Goodwill": "-252,300", "Total Unusual Items": "-252,300", "Normalized EBITDA": "833,200", "Tax Rate for Calcs": "0", "Tax Effect of Unusual Items": "-9,884"}, "12/31/2020": {"Duration": "12/31/2020", "Total Revenue": "1,020,200", "Cost of Revenue": "399,800", "Gross Profit": "620,400", "Operating Expense": "28,800", "Operating Income": "591,600", "Net Non Operating Interest Income Expense": "200", "Other Income Expense": "-252,300", "Pretax Income": "339,500", "Tax Provision": "13,300", "Net Income Common Stockholders": "326,200", "Diluted NI Available to Com Stockholders": "326,200", "Basic EPS": "-", "Diluted EPS": "-", "Basic Average Shares": "-", "Diluted Average Shares": "-", "Total Operating Income as Reported": "336,500", "Total Expenses": "428,600", "Interest Income": "3,700", "Interest Expense": "400", "Net Interest Income": "200", "Net Income from Continuing & Discontinued Operation": "326,200", "Normalized Income": "568,616", "EBIT": "339,900", "EBITDA": "-", "Reconciled Cost of Revenue": "399,800", "Reconciled Depreciation": "241,000", "Net Income from Continuing Operation Net Minority Interest": "326,200", "Total Unusual Items Excluding Goodwill": "-252,300", "Total Unusual Items": "-252,300", "Normalized EBITDA": "833,200", "Tax Rate for Calcs": "0", "Tax Effect of Unusual Items": "-9,884"}, "12/31/2019": {"Duration": "12/31/2019", "Total Revenue": "844,100", "Cost of Revenue": "408,000", "Gross Profit": "436,100", "Operating Expense": "28,800", "Operating Income": "407,300", "Net Non Operating Interest Income Expense": "-7,100", "Other Income Expense": "5,700", "Pretax Income": "405,900", "Tax Provision": "61,800", "Net Income Common Stockholders": "344,100", "Diluted NI Available to Com Stockholders": "344,100", "Basic EPS": "1.83", "Diluted EPS": "1.83", "Basic Average Shares": "187,700", "Diluted Average Shares": "188,000", "Total Operating Income as Reported": "410,200", "Total Expenses": "436,800", "Interest Income": "3,500", "Interest Expense": "7,600", "Net Interest Income": "-7,100", "Net Income from Continuing & Discontinued Operation": "344,100", "Normalized Income": "339,268", "EBIT": "413,500", "EBITDA": "-", "Reconciled Cost of Revenue": "408,000", "Reconciled Depreciation": "263,200", "Net Income from Continuing Operation Net Minority Interest": "344,100", "Total Unusual Items Excluding Goodwill": "5,700", "Total Unusual Items": "5,700", "Normalized EBITDA": "671,000", "Tax Rate for Calcs": "0", "Tax Effect of Unusual Items": "867.8492"}, "12/31/2018": {"Duration": "12/31/2018", "Total Revenue": "653,200", "Cost of Revenue": "365,900", "Gross Profit": "287,300", "Operating Expense": "22,600", "Operating Income": "264,700", "Net Non Operating Interest Income Expense": "-1,500", "Other Income Expense": "-74,100", "Pretax Income": "189,100", "Tax Provision": "50,100", "Net Income Common Stockholders": "139,000", "Diluted NI Available to Com Stockholders": "139,000", "Basic EPS": "0.75", "Diluted EPS": "0.75", "Basic Average Shares": "186,100", "Diluted Average Shares": "186,400", "Total Operating Income as Reported": "188,800", "Total Expenses": "388,500", "Interest Income": "3,100", "Interest Expense": "4,600", "Net Interest Income": "-1,500", "Net Income from Continuing & Discontinued Operation": "139,000", "Normalized Income": "193,468", "EBIT": "193,700", "EBITDA": "-", "Reconciled Cost of Revenue": "365,900", "Reconciled Depreciation": "247,700", "Net Income from Continuing Operation Net Minority Interest": "139,000", "Total Unusual Items Excluding Goodwill": "-74,100", "Total Unusual Items": "-74,100", "Normalized EBITDA": "515,500", "Tax Rate for Calcs": "0", "Tax Effect of Unusual Items": "-19,632"}}, "bs": {"12/31/2020": {"Duration": "12/31/2020", "Total Assets": "5,592,900", "Total Liabilities Net Minority Interest": "149,100", "Total Equity Gross Minority Interest": "5,443,800", "Total Capitalization": "5,443,800", "Common Stock Equity": "5,443,800", "Capital Lease Obligations": "-", "Net Tangible Assets": "5,443,800", "Working Capital": "610,500", "Invested Capital": "5,443,800", "Tangible Book Value": "5,443,800", "Total Debt": "-", "Net Debt": "-", "Share Issued": "190,956", "Ordinary Shares Number": "190,956"}, "12/31/2019": {"Duration": "12/31/2019", "Total Assets": "5,280,600", "Total Liabilities Net Minority Interest": "218,400", "Total Equity Gross Minority Interest": "5,062,200", "Total Capitalization": "5,142,200", "Common Stock Equity": "5,062,200", "Capital Lease Obligations": "2,600", "Net Tangible Assets": "5,062,200", "Working Capital": "225,300", "Invested Capital": "5,142,200", "Tangible Book Value": "5,062,200", "Total Debt": "82,600", "Net Debt": "-", "Share Issued": "189,381", "Ordinary Shares Number": "189,381"}, "12/31/2018": {"Duration": "12/31/2018", "Total Assets": "4,931,800", "Total Liabilities Net Minority Interest": "299,900", "Total Equity Gross Minority Interest": "4,631,900", "Total Capitalization": "4,839,500", "Common Stock Equity": "4,631,900", "Capital Lease Obligations": "-", "Net Tangible Assets": "4,631,900", "Working Capital": "153,500", "Invested Capital": "4,839,500", "Tangible Book Value": "4,631,900", "Total Debt": "207,600", "Net Debt": "137,900", "Share Issued": "186,692", "Ordinary Shares Number": "186,692"}}, "cf": {"TTM": {"Duration": "TTM", "Operating Cash Flow": "803,900", "Investing Cash Flow": "-309,000", "Financing Cash Flow": "-91,800", "End Cash Position": "534,200", "Income Tax Paid Supplemental Data": "51,200", "Interest Paid Supplemental Data": "2,400", "Capital Expenditure": "-312,600", "Issuance of Capital Stock": "135,700", "Issuance of Debt": "0", "Repayment of Debt": "-80,000", "Free Cash Flow": "491,300"}, "12/31/2020": {"Duration": "12/31/2020", "Operating Cash Flow": "803,900", "Investing Cash Flow": "-309,000", "Financing Cash Flow": "-91,800", "End Cash Position": "534,200", "Income Tax Paid Supplemental Data": "51,200", "Interest Paid Supplemental Data": "2,400", "Capital Expenditure": "-312,600", "Issuance of Capital Stock": "135,700", "Issuance of Debt": "0", "Repayment of Debt": "-80,000", "Free Cash Flow": "491,300"}, "12/31/2019": {"Duration": "12/31/2019", "Operating Cash Flow": "617,700", "Investing Cash Flow": "-436,100", "Financing Cash Flow": "-119,800", "End Cash Position": "132,100", "Income Tax Paid Supplemental Data": "38,600", "Interest Paid Supplemental Data": "9,500", "Capital Expenditure": "-445,200", "Issuance of Capital Stock": "136,000", "Issuance of Debt": "435,000", "Repayment of Debt": "-565,000", "Free Cash Flow": "172,500"}, "12/31/2018": {"Duration": "12/31/2018", "Operating Cash Flow": "474,800", "Investing Cash Flow": "-988,700", "Financing Cash Flow": "77,600", "End Cash Position": "69,700", "Income Tax Paid Supplemental Data": "28,500", "Interest Paid Supplemental Data": "3,700", "Capital Expenditure": "-989,600", "Issuance of Capital Stock": "-", "Issuance of Debt": "237,000", "Repayment of Debt": "-27,000", "Free Cash Flow": "-514,800"}}}}, {"LODE": {"quote": {"03/29/2021": {"value": "4.8300", "Market Cap": "205.06M", "Beta (5Y Monthly)": "1.87", "PE Ratio (TTM)": "9.88", "EPS (TTM)": "0.4890", "Earnings Date": "Mar 11, 2021", "Forward Dividend & Yield": "N/A (N/A)", "Ex-Dividend Date": "N/A", "1y Target Est": "9.25"}}, "fin": {"TTM": {"Duration": "TTM", "Total Revenue": "201.7", "Cost of Revenue": "1,156", "Gross Profit": "-954.718", "Operating Expense": "4,520", "Operating Income": "-5,474", "Net Non Operating Interest Income Expense": "-421.887", "Other Income Expense": "20,828", "Pretax Income": "14,932", "Net Income Common Stockholders": "14,932", "Diluted NI Available to Com Stockholders": "14,932", "Basic EPS": "-", "Diluted EPS": "-", "Basic Average Shares": "-", "Diluted Average Shares": "-", "Total Operating Income as Reported": "-5,474", "Total Expenses": "5,676", "Interest Expense": "421.887", "Net Interest Income": "-421.887", "Net Income from Continuing & Discontinued Operation": "14,932", "Normalized Income": "-1,574", "EBIT": "15,354", "EBITDA": "16,571", "Reconciled Cost of Revenue": "1,156", "Reconciled Depreciation": "1,217", "Net Income from Continuing Operation Net Minority Interest": "14,932", "Total Unusual Items Excluding Goodwill": "22,612", "Total Unusual Items": "22,612", "Normalized EBITDA": "-6,040", "Tax Rate for Calcs": "0", "Tax Effect of Unusual Items": "6,105"}, "12/31/2020": {"Duration": "12/31/2020", "Total Revenue": "201.7", "Cost of Revenue": "1,156", "Gross Profit": "-954.718", "Operating Expense": "4,520", "Operating Income": "-5,474", "Net Non Operating Interest Income Expense": "-421.887", "Other Income Expense": "20,828", "Pretax Income": "14,932", "Net Income Common Stockholders": "14,932", "Diluted NI Available to Com Stockholders": "14,932", "Basic EPS": "-", "Diluted EPS": "-", "Basic Average Shares": "-", "Diluted Average Shares": "-", "Total Operating Income as Reported": "-5,474", "Total Expenses": "5,676", "Interest Expense": "421.887", "Net Interest Income": "-421.887", "Net Income from Continuing & Discontinued Operation": "14,932", "Normalized Income": "-1,574", "EBIT": "15,354", "EBITDA": "-", "Reconciled Cost of Revenue": "1,156", "Reconciled Depreciation": "1,217", "Net Income from Continuing Operation Net Minority Interest": "14,932", "Total Unusual Items Excluding Goodwill": "22,612", "Total Unusual Items": "22,612", "Normalized EBITDA": "-6,040", "Tax Rate for Calcs": "0", "Tax Effect of Unusual Items": "6,105"}, "12/31/2019": {"Duration": "12/31/2019", "Total Revenue": "179.632", "Cost of Revenue": "1,710", "Gross Profit": "-1,531", "Operating Expense": "3,814", "Operating Income": "-5,344", "Net Non Operating Interest Income Expense": "-879.53", "Other Income Expense": "2,418", "Pretax Income": "-3,806", "Net Income Common Stockholders": "-3,805", "Diluted NI Available to Com Stockholders": "-3,805", "Basic EPS": "-0.20", "Diluted EPS": "-0.20", "Basic Average Shares": "19,456", "Diluted Average Shares": "19,456", "Total Operating Income as Reported": "-5,344", "Total Expenses": "5,524", "Interest Expense": "879.53", "Net Interest Income": "-879.53", "Net Income from Continuing & Discontinued Operation": "-3,805", "Normalized Income": "-3,805", "EBIT": "-2,926", "EBITDA": "-", "Reconciled Cost of Revenue": "1,710", "Reconciled Depreciation": "1,817", "Net Income from Continuing Operation Net Minority Interest": "-3,805", "Total Unusual Items Excluding Goodwill": "-", "Total Unusual Items": "-", "Normalized EBITDA": "-1,109", "Tax Rate for Calcs": "0", "Tax Effect of Unusual Items": "0"}, "12/31/2018": {"Duration": "12/31/2018", "Total Revenue": "150.289", "Cost of Revenue": "2,930", "Gross Profit": "-2,780", "Operating Expense": "4,620", "Operating Income": "-7,400", "Net Non Operating Interest Income Expense": "-1,410", "Other Income Expense": "-669.932", "Pretax Income": "-9,481", "Net Income Common Stockholders": "-9,481", "Diluted NI Available to Com Stockholders": "-9,481", "Basic EPS": "-0.80", "Diluted EPS": "-0.80", "Basic Average Shares": "11,926", "Diluted Average Shares": "11,926", "Total Operating Income as Reported": "-7,400", "Total Expenses": "7,551", "Interest Expense": "1,410", "Net Interest Income": "-1,410", "Net Income from Continuing & Discontinued Operation": "-9,481", "Normalized Income": "-9,481", "EBIT": "-8,070", "EBITDA": "-", "Reconciled Cost of Revenue": "2,930", "Reconciled Depreciation": "3,148", "Net Income from Continuing Operation Net Minority Interest": "-9,481", "Total Unusual Items Excluding Goodwill": "-", "Total Unusual Items": "-", "Normalized EBITDA": "-4,922", "Tax Rate for Calcs": "0", "Tax Effect of Unusual Items": "0"}}, "bs": {"12/31/2020": {"Duration": "12/31/2020", "Total Assets": "43,124", "Total Liabilities Net Minority Interest": "11,344", "Total Equity Gross Minority Interest": "31,779", "Total Capitalization": "31,779", "Common Stock Equity": "31,779", "Net Tangible Assets": "31,779", "Working Capital": "16,009", "Invested Capital": "35,337", "Tangible Book Value": "31,779", "Total Debt": "3,558", "Net Debt": "1,126", "Share Issued": "34,981", "Ordinary Shares Number": "34,981"}, "12/31/2019": {"Duration": "12/31/2019", "Total Assets": "39,570", "Total Liabilities Net Minority Interest": "16,077", "Total Equity Gross Minority Interest": "23,493", "Total Capitalization": "28,307", "Common Stock Equity": "23,223", "Net Tangible Assets": "23,223", "Working Capital": "8,905", "Invested Capital": "28,635", "Tangible Book Value": "23,223", "Total Debt": "5,412", "Net Debt": "4,396", "Share Issued": "27,236", "Ordinary Shares Number": "27,236"}, "12/31/2018": {"Duration": "12/31/2018", "Total Assets": "28,612", "Total Liabilities Net Minority Interest": "19,227", "Total Equity Gross Minority Interest": "9,385", "Total Capitalization": "18,243", "Common Stock Equity": "9,385", "Net Tangible Assets": "9,385", "Working Capital": "6,175", "Invested Capital": "18,553", "Tangible Book Value": "9,385", "Total Debt": "9,168", "Net Debt": "8,679", "Share Issued": "15,068", "Ordinary Shares Number": "15,068"}}, "cf": {"TTM": {"Duration": "TTM", "Operating Cash Flow": "-3,765", "Investing Cash Flow": "3,208", "Financing Cash Flow": "1,973", "End Cash Position": "2,432", "Income Tax Paid Supplemental Data": "0", "Interest Paid Supplemental Data": "783.325", "Capital Expenditure": "-130.75", "Issuance of Capital Stock": "4,198", "Issuance of Debt": "5,470", "Repayment of Debt": "-7,565", "Free Cash Flow": "-3,895"}, "12/31/2020": {"Duration": "12/31/2020", "Operating Cash Flow": "-3,765", "Investing Cash Flow": "3,208", "Financing Cash Flow": "1,973", "End Cash Position": "2,432", "Income Tax Paid Supplemental Data": "0", "Interest Paid Supplemental Data": "783.325", "Capital Expenditure": "-130.75", "Issuance of Capital Stock": "4,198", "Issuance of Debt": "5,470", "Repayment of Debt": "-7,565", "Free Cash Flow": "-3,895"}, "12/31/2019": {"Duration": "12/31/2019", "Operating Cash Flow": "-2,307", "Investing Cash Flow": "2,642", "Financing Cash Flow": "192.125", "End Cash Position": "1,016", "Income Tax Paid Supplemental Data": "-", "Interest Paid Supplemental Data": "-", "Capital Expenditure": "-2,436", "Issuance of Capital Stock": "5,186", "Issuance of Debt": "0", "Repayment of Debt": "-4,724", "Free Cash Flow": "-4,744"}, "12/31/2018": {"Duration": "12/31/2018", "Operating Cash Flow": "-4,027", "Investing Cash Flow": "-1,629", "Financing Cash Flow": "4,078", "End Cash Position": "488.657", "Income Tax Paid Supplemental Data": "0", "Interest Paid Supplemental Data": "112.05", "Capital Expenditure": "-1,656", "Issuance of Capital Stock": "4,233", "Issuance of Debt": "0", "Repayment of Debt": "-2,071", "Free Cash Flow": "-5,683"}}}}, {"TRX": {"quote": {"03/29/2021": {"value": "0.5920", "Market Cap": "151.116M", "Beta (5Y Monthly)": "0.95", "PE Ratio (TTM)": "N/A", "EPS (TTM)": "-0.0720", "Earnings Date": "N/A", "Forward Dividend & Yield": "N/A (N/A)", "Ex-Dividend Date": "N/A", "1y Target Est": "N/A"}}, "fin": {"TTM": {"Duration": "TTM", "Total Revenue": "0", "Cost of Revenue": "282.554", "Gross Profit": "-282.554", "Operating Expense": "10,788", "Operating Income": "-11,070", "Net Non Operating Interest Income Expense": "-4,252", "Other Income Expense": "-1,706", "Pretax Income": "-17,029", "Tax Provision": "-", "Net Income Common Stockholders": "-15,528", "Diluted NI Available to Com Stockholders": "-15,528", "Basic EPS": "-", "Diluted EPS": "-", "Basic Average Shares": "-", "Diluted Average Shares": "-", "Total Operating Income as Reported": "-", "Total Expenses": "11,070", "Interest Expense": "3,038", "Net Interest Income": "-4,252", "Net Income from Continuing & Discontinued Operation": "-15,528", "Normalized Income": "-14,622", "EBIT": "-13,990", "EBITDA": "-13,708", "Reconciled Cost of Revenue": "282.554", "Reconciled Depreciation": "282.554", "Net Income from Continuing Operation Net Minority Interest": "-15,528", "Total Unusual Items Excluding Goodwill": "-905.883", "Total Unusual Items": "-905.883", "Normalized EBITDA": "-12,802", "Tax Rate for Calcs": "0", "Tax Effect of Unusual Items": "0"}, "8/31/2020": {"Duration": "8/31/2020", "Total Revenue": "0", "Cost of Revenue": "295.858", "Gross Profit": "-295.858", "Operating Expense": "10,335", "Operating Income": "-10,631", "Net Non Operating Interest Income Expense": "-4,628", "Other Income Expense": "-962.825", "Pretax Income": "-16,222", "Tax Provision": "-", "Net Income Common Stockholders": "-15,279", "Diluted NI Available to Com Stockholders": "-15,279", "Basic EPS": "-0.10", "Diluted EPS": "-0.10", "Basic Average Shares": "166,511", "Diluted Average Shares": "166,511", "Total Operating Income as Reported": "-", "Total Expenses": "10,631", "Interest Expense": "3,429", "Net Interest Income": "-4,628", "Net Income from Continuing & Discontinued Operation": "-15,279", "Normalized Income": "-14,249", "EBIT": "-12,792", "EBITDA": "-", "Reconciled Cost of Revenue": "295.858", "Reconciled Depreciation": "295.858", "Net Income from Continuing Operation Net Minority Interest": "-15,279", "Total Unusual Items Excluding Goodwill": "-1,030", "Total Unusual Items": "-1,030", "Normalized EBITDA": "-11,467", "Tax Rate for Calcs": "0", "Tax Effect of Unusual Items": "0"}, "8/31/2019": {"Duration": "8/31/2019", "Total Revenue": "0", "Cost of Revenue": "353.115", "Gross Profit": "-353.115", "Operating Expense": "4,751", "Operating Income": "-5,104", "Net Non Operating Interest Income Expense": "-1,622", "Other Income Expense": "-22,591", "Pretax Income": "-29,318", "Tax Provision": "-", "Net Income Common Stockholders": "-29,199", "Diluted NI Available to Com Stockholders": "-29,199", "Basic EPS": "-0.22", "Diluted EPS": "-0.22", "Basic Average Shares": "136,050", "Diluted Average Shares": "136,050", "Total Operating Income as Reported": "-", "Total Expenses": "5,104", "Interest Expense": "633.807", "Net Interest Income": "-1,622", "Net Income from Continuing & Discontinued Operation": "-29,199", "Normalized Income": "-6,608", "EBIT": "-28,684", "EBITDA": "-", "Reconciled Cost of Revenue": "353.115", "Reconciled Depreciation": "353.115", "Net Income from Continuing Operation Net Minority Interest": "-29,199", "Total Unusual Items Excluding Goodwill": "-22,591", "Total Unusual Items": "-22,591", "Normalized EBITDA": "-5,739", "Tax Rate for Calcs": "0", "Tax Effect of Unusual Items": "0"}, "8/31/2018": {"Duration": "8/31/2018", "Total Revenue": "0", "Cost of Revenue": "386.845", "Gross Profit": "-386.845", "Operating Expense": "4,625", "Operating Income": "-5,012", "Net Non Operating Interest Income Expense": "-1,394", "Other Income Expense": "-491.659", "Pretax Income": "-6,897", "Tax Provision": "-", "Net Income Common Stockholders": "-6,697", "Diluted NI Available to Com Stockholders": "-6,697", "Basic EPS": "-0.06", "Diluted EPS": "-0.06", "Basic Average Shares": "122,905", "Diluted Average Shares": "122,905", "Total Operating Income as Reported": "-", "Total Expenses": "5,012", "Interest Expense": "574.765", "Net Interest Income": "-1,394", "Net Income from Continuing & Discontinued Operation": "-6,697", "Normalized Income": "-6,206", "EBIT": "-6,323", "EBITDA": "-", "Reconciled Cost of Revenue": "386.845", "Reconciled Depreciation": "386.845", "Net Income from Continuing Operation Net Minority Interest": "-6,697", "Total Unusual Items Excluding Goodwill": "-491.659", "Total Unusual Items": "-491.659", "Normalized EBITDA": "-5,444", "Tax Rate for Calcs": "0", "Tax Effect of Unusual Items": "0"}}, "bs": {"8/31/2020": {"Duration": "8/31/2020", "Total Assets": "49,811", "Total Liabilities Net Minority Interest": "17,331", "Total Equity Gross Minority Interest": "32,480", "Total Capitalization": "32,841", "Common Stock Equity": "32,841", "Capital Lease Obligations": "88.207", "Net Tangible Assets": "32,841", "Working Capital": "-6,774", "Invested Capital": "39,488", "Tangible Book Value": "32,841", "Total Debt": "6,735", "Net Debt": "1,353", "Share Issued": "199,975", "Ordinary Shares Number": "199,975"}, "8/31/2019": {"Duration": "8/31/2019", "Total Assets": "38,119", "Total Liabilities Net Minority Interest": "18,455", "Total Equity Gross Minority Interest": "19,664", "Total Capitalization": "19,082", "Common Stock Equity": "19,082", "Capital Lease Obligations": "78.784", "Net Tangible Assets": "19,082", "Working Capital": "-9,096", "Invested Capital": "26,010", "Tangible Book Value": "19,082", "Total Debt": "7,006", "Net Debt": "3,538", "Share Issued": "150,392", "Ordinary Shares Number": "150,392"}, "8/31/2018": {"Duration": "8/31/2018", "Total Assets": "53,235", "Total Liabilities Net Minority Interest": "18,909", "Total Equity Gross Minority Interest": "34,326", "Total Capitalization": "33,626", "Common Stock Equity": "33,626", "Capital Lease Obligations": "67.819", "Net Tangible Assets": "33,626", "Working Capital": "-12,011", "Invested Capital": "41,123", "Tangible Book Value": "33,626", "Total Debt": "7,566", "Net Debt": "7,072", "Share Issued": "125,163", "Ordinary Shares Number": "125,163"}}, "cf": {"TTM": {"Duration": "TTM", "Operating Cash Flow": "-9,215", "Investing Cash Flow": "-9,110", "Financing Cash Flow": "18,274", "End Cash Position": "2,673", "Capital Expenditure": "-10,485", "Issuance of Capital Stock": "4,634", "Issuance of Debt": "14,029", "Repayment of Debt": "-283.393", "Free Cash Flow": "-19,699"}, "8/31/2020": {"Duration": "8/31/2020", "Operating Cash Flow": "-8,564", "Investing Cash Flow": "-9,116", "Financing Cash Flow": "19,585", "End Cash Position": "5,294", "Capital Expenditure": "-9,612", "Issuance of Capital Stock": "4,634", "Issuance of Debt": "15,225", "Repayment of Debt": "-283.393", "Free Cash Flow": "-18,176"}, "8/31/2019": {"Duration": "8/31/2019", "Operating Cash Flow": "-4,818", "Investing Cash Flow": "-3,052", "Financing Cash Flow": "10,833", "End Cash Position": "3,389", "Capital Expenditure": "-3,052", "Issuance of Capital Stock": "8,938", "Issuance of Debt": "1,884", "Repayment of Debt": "0", "Free Cash Flow": "-7,869"}, "8/31/2018": {"Duration": "8/31/2018", "Operating Cash Flow": "-2,351", "Investing Cash Flow": "-1,312", "Financing Cash Flow": "3,078", "End Cash Position": "426.062", "Capital Expenditure": "-1,312", "Issuance of Capital Stock": "0", "Issuance of Debt": "3,067", "Repayment of Debt": "0", "Free Cash Flow": "-3,663"}}}}, {"GSV": {"quote": {"03/29/2021": {"value": "0.6044", "Market Cap": "215.56M", "Beta (5Y Monthly)": "0.79", "PE Ratio (TTM)": "N/A", "EPS (TTM)": "-0.0230", "Earnings Date": "N/A", "Forward Dividend & Yield": "N/A (N/A)", "Ex-Dividend Date": "N/A", "1y Target Est": "1.81"}}, "fin": {"TTM": {"Duration": "TTM", "Total Revenue": "0", "Cost of Revenue": "338.468", "Gross Profit": "-338.468", "Operating Expense": "7,994", "Operating Income": "-8,333", "Net Non Operating Interest Income Expense": "2.925", "Other Income Expense": "40.973", "Pretax Income": "-8,289", "Net Income Common Stockholders": "-8,289", "Diluted NI Available to Com Stockholders": "-8,289", "Basic EPS": "-", "Diluted EPS": "-", "Basic Average Shares": "-", "Diluted Average Shares": "-", "Rent Expense Supplemental": "-", "Total Expenses": "8,333", "Interest Income": "54.614", "Interest Expense": "51.689", "Net Interest Income": "2.925", "Net Income from Continuing & Discontinued Operation": "-8,289", "Normalized Income": "-8,330", "EBIT": "-8,237", "EBITDA": "-7,899", "Reconciled Cost of Revenue": "338.468", "Reconciled Depreciation": "338.468", "Net Income from Continuing Operation Net Minority Interest": "-8,289", "Total Unusual Items Excluding Goodwill": "40.973", "Total Unusual Items": "40.973", "Normalized EBITDA": "-7,940", "Tax Rate for Calcs": "0", "Tax Effect of Unusual Items": "0"}, "12/31/2019": {"Duration": "12/31/2019", "Total Revenue": "0", "Cost of Revenue": "362.108", "Gross Profit": "-362.108", "Operating Expense": "9,146", "Operating Income": "-9,508", "Net Non Operating Interest Income Expense": "59.512", "Other Income Expense": "-270.134", "Pretax Income": "-9,719", "Net Income Common Stockholders": "-9,719", "Diluted NI Available to Com Stockholders": "-9,719", "Basic EPS": "-0.04", "Diluted EPS": "-0.04", "Basic Average Shares": "267,354", "Diluted Average Shares": "267,354", "Rent Expense Supplemental": "0", "Total Expenses": "9,508", "Interest Income": "119.25", "Interest Expense": "59.738", "Net Interest Income": "59.512", "Net Income from Continuing & Discontinued Operation": "-9,719", "Normalized Income": "-9,449", "EBIT": "-9,659", "EBITDA": "-", "Reconciled Cost of Revenue": "362.108", "Reconciled Depreciation": "362.108", "Net Income from Continuing Operation Net Minority Interest": "-9,719", "Total Unusual Items Excluding Goodwill": "-270.134", "Total Unusual Items": "-270.134", "Normalized EBITDA": "-9,027", "Tax Rate for Calcs": "0", "Tax Effect of Unusual Items": "0"}, "12/31/2018": {"Duration": "12/31/2018", "Total Revenue": "0", "Cost of Revenue": "178.181", "Gross Profit": "-178.181", "Operating Expense": "11,090", "Operating Income": "-11,269", "Net Non Operating Interest Income Expense": "397.158", "Other Income Expense": "632.518", "Pretax Income": "-10,239", "Net Income Common Stockholders": "-10,239", "Diluted NI Available to Com Stockholders": "-10,239", "Basic EPS": "-0.04", "Diluted EPS": "-0.04", "Basic Average Shares": "253,213", "Diluted Average Shares": "253,213", "Rent Expense Supplemental": "281.48", "Total Expenses": "11,269", "Interest Income": "397.158", "Interest Expense": "-", "Net Interest Income": "397.158", "Net Income from Continuing & Discontinued Operation": "-10,239", "Normalized Income": "-10,871", "EBIT": "-11,269", "EBITDA": "-", "Reconciled Cost of Revenue": "178.181", "Reconciled Depreciation": "178.181", "Net Income from Continuing Operation Net Minority Interest": "-10,239", "Total Unusual Items Excluding Goodwill": "632.518", "Total Unusual Items": "632.518", "Normalized EBITDA": "-11,723", "Tax Rate for Calcs": "0", "Tax Effect of Unusual Items": "0"}}, "bs": {"12/31/2019": {"Duration": "12/31/2019", "Total Assets": "232,221", "Total Liabilities Net Minority Interest": "4,360", "Total Equity Gross Minority Interest": "227,861", "Total Capitalization": "227,861", "Common Stock Equity": "227,861", "Capital Lease Obligations": "729.878", "Net Tangible Assets": "227,861", "Working Capital": "4,911", "Invested Capital": "227,861", "Tangible Book Value": "227,861", "Total Debt": "729.878", "Share Issued": "277,528", "Ordinary Shares Number": "277,528"}, "12/31/2018": {"Duration": "12/31/2018", "Total Assets": "218,134", "Total Liabilities Net Minority Interest": "2,955", "Total Equity Gross Minority Interest": "215,180", "Total Capitalization": "215,180", "Common Stock Equity": "215,180", "Capital Lease Obligations": "-", "Net Tangible Assets": "215,180", "Working Capital": "15,904", "Invested Capital": "215,180", "Tangible Book Value": "215,180", "Total Debt": "-", "Share Issued": "259,810", "Ordinary Shares Number": "259,810"}}, "cf": {"TTM": {"Duration": "TTM", "Operating Cash Flow": "-5,891", "Investing Cash Flow": "-19,677", "Financing Cash Flow": "36,514", "End Cash Position": "25,916", "Capital Expenditure": "-18,152", "Issuance of Capital Stock": "37,499", "Repayment of Debt": "-157.557", "Free Cash Flow": "-24,042"}, "12/31/2019": {"Duration": "12/31/2019", "Operating Cash Flow": "-6,297", "Investing Cash Flow": "-24,203", "Financing Cash Flow": "19,427", "End Cash Position": "7,261", "Capital Expenditure": "-24,131", "Issuance of Capital Stock": "21,045", "Repayment of Debt": "-135.945", "Free Cash Flow": "-30,428"}, "12/31/2018": {"Duration": "12/31/2018", "Operating Cash Flow": "-6,737", "Investing Cash Flow": "-41,319", "Financing Cash Flow": "47,932", "End Cash Position": "18,334", "Capital Expenditure": "-40,781", "Issuance of Capital Stock": "48,908", "Repayment of Debt": "-", "Free Cash Flow": "-47,519"}}}}, {"VGZ": {"quote": {"03/29/2021": {"value": "1.0600", "Market Cap": "110.027M", "Beta (5Y Monthly)": "1.24", "PE Ratio (TTM)": "265.00", "EPS (TTM)": "0.0040", "Earnings Date": "Mar 01, 2021", "Forward Dividend & Yield": "N/A (N/A)", "Ex-Dividend Date": "N/A", "1y Target Est": "2.50"}}, "fin": {"TTM": {"Duration": "TTM", "Total Revenue": "0", "Cost of Revenue": "48", "Gross Profit": "-48", "Operating Expense": "8,322", "Operating Income": "-8,370", "Net Non Operating Interest Income Expense": "16", "Other Income Expense": "8,774", "Pretax Income": "420", "Net Income Common Stockholders": "420", "Diluted NI Available to Com Stockholders": "420", "Basic EPS": "-", "Diluted EPS": "-", "Basic Average Shares": "-", "Diluted Average Shares": "-", "Total Operating Income as Reported": "-2,262", "Total Expenses": "8,370", "Interest Income": "16", "Net Interest Income": "16", "Net Income from Continuing & Discontinued Operation": "420", "Normalized Income": "-5,794", "EBIT": "-8,370", "EBITDA": "-8,322", "Reconciled Cost of Revenue": "48", "Reconciled Depreciation": "48", "Net Income from Continuing Operation Net Minority Interest": "420", "Total Unusual Items Excluding Goodwill": "8,513", "Total Unusual Items": "8,513", "Normalized EBITDA": "-16,835", "Tax Rate for Calcs": "0", "Tax Effect of Unusual Items": "2,299"}, "12/31/2020": {"Duration": "12/31/2020", "Total Revenue": "0", "Cost of Revenue": "48", "Gross Profit": "-48", "Operating Expense": "8,322", "Operating Income": "-8,370", "Net Non Operating Interest Income Expense": "16", "Other Income Expense": "8,774", "Pretax Income": "420", "Net Income Common Stockholders": "420", "Diluted NI Available to Com Stockholders": "420", "Basic EPS": "-", "Diluted EPS": "-", "Basic Average Shares": "-", "Diluted Average Shares": "-", "Total Operating Income as Reported": "-2,262", "Total Expenses": "8,370", "Interest Income": "16", "Net Interest Income": "16", "Net Income from Continuing & Discontinued Operation": "420", "Normalized Income": "-5,794", "EBIT": "-8,370", "EBITDA": "-", "Reconciled Cost of Revenue": "48", "Reconciled Depreciation": "48", "Net Income from Continuing Operation Net Minority Interest": "420", "Total Unusual Items Excluding Goodwill": "8,513", "Total Unusual Items": "8,513", "Normalized EBITDA": "-16,835", "Tax Rate for Calcs": "0", "Tax Effect of Unusual Items": "2,299"}, "12/31/2019": {"Duration": "12/31/2019", "Total Revenue": "0", "Cost of Revenue": "52", "Gross Profit": "-52", "Operating Expense": "8,033", "Operating Income": "-8,085", "Net Non Operating Interest Income Expense": "121", "Other Income Expense": "-1,422", "Pretax Income": "-9,386", "Net Income Common Stockholders": "-9,386", "Diluted NI Available to Com Stockholders": "-9,386", "Basic EPS": "-0.09", "Diluted EPS": "-0.09", "Basic Average Shares": "100,533", "Diluted Average Shares": "100,533", "Total Operating Income as Reported": "-8,085", "Total Expenses": "8,085", "Interest Income": "121", "Net Interest Income": "121", "Net Income from Continuing & Discontinued Operation": "-9,386", "Normalized Income": "-7,743", "EBIT": "-8,085", "EBITDA": "-", "Reconciled Cost of Revenue": "52", "Reconciled Depreciation": "52", "Net Income from Continuing Operation Net Minority Interest": "-9,386", "Total Unusual Items Excluding Goodwill": "-1,643", "Total Unusual Items": "-1,643", "Normalized EBITDA": "-6,390", "Tax Rate for Calcs": "0", "Tax Effect of Unusual Items": "0"}, "12/31/2018": {"Duration": "12/31/2018", "Total Revenue": "0", "Cost of Revenue": "983", "Gross Profit": "-983", "Operating Expense": "8,875", "Operating Income": "-9,858", "Net Non Operating Interest Income Expense": "368", "Other Income Expense": "776", "Pretax Income": "-8,714", "Net Income Common Stockholders": "-8,714", "Diluted NI Available to Com Stockholders": "-8,714", "Basic EPS": "-0.09", "Diluted EPS": "-0.09", "Basic Average Shares": "99,738", "Diluted Average Shares": "99,738", "Total Operating Income as Reported": "-10,858", "Total Expenses": "9,858", "Interest Income": "368", "Net Interest Income": "368", "Net Income from Continuing & Discontinued Operation": "-8,714", "Normalized Income": "-9,430", "EBIT": "-9,858", "EBITDA": "-", "Reconciled Cost of Revenue": "983", "Reconciled Depreciation": "983", "Net Income from Continuing Operation Net Minority Interest": "-8,714", "Total Unusual Items Excluding Goodwill": "716", "Total Unusual Items": "716", "Normalized EBITDA": "-9,591", "Tax Rate for Calcs": "0", "Tax Effect of Unusual Items": "0"}}, "bs": {"12/31/2020": {"Duration": "12/31/2020", "Total Assets": "17,230", "Total Liabilities Net Minority Interest": "1,379", "Total Equity Gross Minority Interest": "15,851", "Total Capitalization": "15,851", "Common Stock Equity": "15,851", "Capital Lease Obligations": "13", "Net Tangible Assets": "15,851", "Working Capital": "8,281", "Invested Capital": "15,851", "Tangible Book Value": "15,851", "Total Debt": "13", "Share Issued": "103,172", "Ordinary Shares Number": "103,172"}, "12/31/2019": {"Duration": "12/31/2019", "Total Assets": "16,684", "Total Liabilities Net Minority Interest": "4,038", "Total Equity Gross Minority Interest": "12,646", "Total Capitalization": "12,646", "Common Stock Equity": "12,646", "Capital Lease Obligations": "8", "Net Tangible Assets": "12,646", "Working Capital": "7,756", "Invested Capital": "12,646", "Tangible Book Value": "12,646", "Total Debt": "8", "Share Issued": "100,698", "Ordinary Shares Number": "100,698"}, "12/31/2018": {"Duration": "12/31/2018", "Total Assets": "22,126", "Total Liabilities Net Minority Interest": "872", "Total Equity Gross Minority Interest": "21,254", "Total Capitalization": "21,254", "Common Stock Equity": "21,254", "Capital Lease Obligations": "-", "Net Tangible Assets": "21,254", "Working Capital": "13,198", "Invested Capital": "21,254", "Tangible Book Value": "21,254", "Total Debt": "-", "Share Issued": "100,268", "Ordinary Shares Number": "100,268"}}, "cf": {"TTM": {"Duration": "TTM", "Operating Cash Flow": "-6,955", "Investing Cash Flow": "11,628", "Financing Cash Flow": "1,681", "End Cash Position": "7,762", "Capital Expenditure": "-68", "Issuance of Capital Stock": "1,768", "Free Cash Flow": "-7,023"}, "12/31/2020": {"Duration": "12/31/2020", "Operating Cash Flow": "-6,955", "Investing Cash Flow": "11,628", "Financing Cash Flow": "1,681", "End Cash Position": "7,762", "Capital Expenditure": "-68", "Issuance of Capital Stock": "1,768", "Free Cash Flow": "-7,023"}, "12/31/2019": {"Duration": "12/31/2019", "Operating Cash Flow": "-7,053", "Investing Cash Flow": "7,377", "Financing Cash Flow": "13", "End Cash Position": "1,408", "Capital Expenditure": "-40", "Issuance of Capital Stock": "-", "Free Cash Flow": "-7,093"}, "12/31/2018": {"Duration": "12/31/2018", "Operating Cash Flow": "-8,567", "Investing Cash Flow": "8,304", "Financing Cash Flow": "-97", "End Cash Position": "1,071", "Capital Expenditure": "-63", "Issuance of Capital Stock": "-", "Free Cash Flow": "-8,630"}}}}, {"DRD": {"quote": {"03/29/2021": {"value": "9.36", "Market Cap": "780.294M", "Beta (5Y Monthly)": "1.39", "PE Ratio (TTM)": "9.50", "EPS (TTM)": "0.99", "Earnings Date": "N/A", "Forward Dividend & Yield": "0.52 (5.53%)", "Ex-Dividend Date": "Mar 04, 2021", "1y Target Est": "19.00"}}, "fin": {"TTM": {"Duration": "TTM", "Total Revenue": "4,185,000", "Cost of Revenue": "2,937,900", "Gross Profit": "1,247,100", "Operating Expense": "276,600", "Operating Income": "970,500", "Net Non Operating Interest Income Expense": "3,400", "Other Income Expense": "5,000", "Pretax Income": "978,900", "Tax Provision": "343,900", "Net Income Common Stockholders": "635,000", "Diluted NI Available to Com Stockholders": "635,000", "Basic EPS": "-", "Diluted EPS": "-", "Basic Average Shares": "-", "Diluted Average Shares": "-", "Total Operating Income as Reported": "937,900", "Total Expenses": "3,214,500", "Interest Income": "67,000", "Interest Expense": "59,100", "Net Interest Income": "3,400", "Net Income from Continuing & Discontinued Operation": "635,000", "Normalized Income": "631,757", "EBIT": "1,038,000", "EBITDA": "1,308,800", "Reconciled Cost of Revenue": "2,937,900", "Reconciled Depreciation": "270,800", "Net Income from Continuing Operation Net Minority Interest": "635,000", "Total Unusual Items Excluding Goodwill": "5,000", "Total Unusual Items": "5,000", "Normalized EBITDA": "1,303,800", "Tax Rate for Calcs": "0", "Tax Effect of Unusual Items": "1,757"}, "6/30/2020": {"Duration": "6/30/2020", "Total Revenue": "4,185,000", "Cost of Revenue": "2,937,900", "Gross Profit": "1,247,100", "Operating Expense": "276,600", "Operating Income": "970,500", "Net Non Operating Interest Income Expense": "3,400", "Other Income Expense": "5,000", "Pretax Income": "978,900", "Tax Provision": "343,900", "Net Income Common Stockholders": "635,000", "Diluted NI Available to Com Stockholders": "635,000", "Basic EPS": "-", "Diluted EPS": "-", "Basic Average Shares": "-", "Diluted Average Shares": "-", "Total Operating Income as Reported": "937,900", "Total Expenses": "3,214,500", "Interest Income": "67,000", "Interest Expense": "59,100", "Net Interest Income": "3,400", "Net Income from Continuing & Discontinued Operation": "635,000", "Normalized Income": "631,757", "EBIT": "1,038,000", "EBITDA": "-", "Reconciled Cost of Revenue": "2,937,900", "Reconciled Depreciation": "270,800", "Net Income from Continuing Operation Net Minority Interest": "635,000", "Total Unusual Items Excluding Goodwill": "5,000", "Total Unusual Items": "5,000", "Normalized EBITDA": "1,303,800", "Tax Rate for Calcs": "0", "Tax Effect of Unusual Items": "1,757"}, "6/30/2019": {"Duration": "6/30/2019", "Total Revenue": "2,762,100", "Cost of Revenue": "2,553,900", "Gross Profit": "208,200", "Operating Expense": "60,400", "Operating Income": "147,800", "Net Non Operating Interest Income Expense": "-50,600", "Other Income Expense": "7,900", "Pretax Income": "105,100", "Tax Provision": "26,600", "Net Income Common Stockholders": "78,500", "Diluted NI Available to Com Stockholders": "78,500", "Basic EPS": "1.18", "Diluted EPS": "1.15", "Basic Average Shares": "66,455", "Diluted Average Shares": "67,994", "Total Operating Income as Reported": "125,200", "Total Expenses": "2,614,300", "Interest Income": "20,000", "Interest Expense": "67,100", "Net Interest Income": "-50,600", "Net Income from Continuing & Discontinued Operation": "78,500", "Normalized Income": "72,599", "EBIT": "172,200", "EBITDA": "-", "Reconciled Cost of Revenue": "2,553,900", "Reconciled Depreciation": "169,100", "Net Income from Continuing Operation Net Minority Interest": "78,500", "Total Unusual Items Excluding Goodwill": "7,900", "Total Unusual Items": "7,900", "Normalized EBITDA": "333,400", "Tax Rate for Calcs": "0", "Tax Effect of Unusual Items": "1,999"}, "6/30/2018": {"Duration": "6/30/2018", "Total Revenue": "2,490,400", "Cost of Revenue": "2,347,700", "Gross Profit": "142,700", "Operating Expense": "83,200", "Operating Income": "59,500", "Net Non Operating Interest Income Expense": "-27,100", "Other Income Expense": "-", "Pretax Income": "32,400", "Tax Provision": "25,900", "Net Income Common Stockholders": "6,500", "Diluted NI Available to Com Stockholders": "6,500", "Basic EPS": "0.15", "Diluted EPS": "0.15", "Basic Average Shares": "42,207", "Diluted Average Shares": "42,207", "Total Operating Income as Reported": "52,000", "Total Expenses": "2,430,900", "Interest Income": "22,500", "Interest Expense": "45,600", "Net Interest Income": "-27,100", "Net Income from Continuing & Discontinued Operation": "6,500", "Normalized Income": "6,500", "EBIT": "78,000", "EBITDA": "-", "Reconciled Cost of Revenue": "2,347,700", "Reconciled Depreciation": "168,000", "Net Income from Continuing Operation Net Minority Interest": "6,500", "Total Unusual Items Excluding Goodwill": "0", "Total Unusual Items": "0", "Normalized EBITDA": "246,000", "Tax Rate for Calcs": "0", "Tax Effect of Unusual Items": "0"}}, "bs": {"6/30/2020": {"Duration": "6/30/2020", "Total Assets": "5,675,200", "Total Liabilities Net Minority Interest": "1,635,000", "Total Equity Gross Minority Interest": "4,040,200", "Total Capitalization": "4,040,200", "Common Stock Equity": "4,040,200", "Capital Lease Obligations": "47,100", "Net Tangible Assets": "4,040,200", "Working Capital": "1,443,900", "Invested Capital": "4,040,200", "Tangible Book Value": "4,040,200", "Total Debt": "47,100", "Share Issued": "874,064", "Ordinary Shares Number": "864,589", "Treasury Shares Number": "9,475"}, "6/30/2019": {"Duration": "6/30/2019", "Total Assets": "4,060,000", "Total Liabilities Net Minority Interest": "1,371,400", "Total Equity Gross Minority Interest": "2,688,600", "Total Capitalization": "2,688,600", "Common Stock Equity": "2,688,600", "Capital Lease Obligations": "11,000", "Net Tangible Assets": "2,688,600", "Working Capital": "197,900", "Invested Capital": "2,688,600", "Tangible Book Value": "2,688,600", "Total Debt": "11,000", "Share Issued": "705,905", "Ordinary Shares Number": "696,430", "Treasury Shares Number": "9,475"}, "6/30/2018": {"Duration": "6/30/2018", "Total Assets": "2,360,400", "Total Liabilities Net Minority Interest": "1,093,100", "Total Equity Gross Minority Interest": "1,267,300", "Total Capitalization": "1,267,300", "Common Stock Equity": "1,267,300", "Capital Lease Obligations": "14,700", "Net Tangible Assets": "1,267,300", "Working Capital": "305,600", "Invested Capital": "1,267,300", "Tangible Book Value": "1,267,300", "Total Debt": "14,700", "Share Issued": "440,791", "Ordinary Shares Number": "431,430", "Treasury Shares Number": "9,361"}}, "cf": {"TTM": {"Duration": "TTM", "Operating Cash Flow": "1,128,900", "Investing Cash Flow": "-202,500", "Financing Cash Flow": "509,200", "End Cash Position": "1,715,100", "Capital Expenditure": "-181,100", "Issuance of Capital Stock": "1,085,600", "Issuance of Debt": "0", "Repayment of Debt": "-11,400", "Repurchase of Capital Stock": "0", "Free Cash Flow": "947,800"}, "6/30/2020": {"Duration": "6/30/2020", "Operating Cash Flow": "1,128,900", "Investing Cash Flow": "-202,500", "Financing Cash Flow": "509,200", "End Cash Position": "1,715,100", "Capital Expenditure": "-181,100", "Issuance of Capital Stock": "1,085,600", "Issuance of Debt": "0", "Repayment of Debt": "-11,400", "Repurchase of Capital Stock": "0", "Free Cash Flow": "947,800"}, "6/30/2019": {"Duration": "6/30/2019", "Operating Cash Flow": "288,300", "Investing Cash Flow": "-303,000", "Financing Cash Flow": "-7,900", "End Cash Position": "279,500", "Capital Expenditure": "-347,400", "Issuance of Capital Stock": "-", "Issuance of Debt": "192,000", "Repayment of Debt": "-195,700", "Repurchase of Capital Stock": "-300", "Free Cash Flow": "-59,100"}, "6/30/2018": {"Duration": "6/30/2018", "Operating Cash Flow": "233,800", "Investing Cash Flow": "-140,400", "Financing Cash Flow": "-45,000", "End Cash Position": "302,100", "Capital Expenditure": "-125,900", "Issuance of Capital Stock": "0", "Issuance of Debt": "-", "Repayment of Debt": "-2,800", "Repurchase of Capital Stock": "0", "Free Cash Flow": "107,900"}}}}, {"XPL": {"quote": {"03/29/2021": {"value": "0.8155", "Market Cap": "47.608M", "Beta (5Y Monthly)": "1.72", "PE Ratio (TTM)": "N/A", "EPS (TTM)": "-0.0160", "Earnings Date": "N/A", "Forward Dividend & Yield": "N/A (N/A)", "Ex-Dividend Date": "N/A", "1y Target Est": "0.90"}}, "fin": {"TTM": {"Duration": "TTM", "Total Revenue": "0", "Cost of Revenue": "438", "Gross Profit": "-438", "Operating Expense": "1,044", "Operating Income": "-1,482", "Net Non Operating Interest Income Expense": "127", "Other Income Expense": "416", "Pretax Income": "-939", "Tax Provision": "-", "Net Income Common Stockholders": "-939", "Diluted NI Available to Com Stockholders": "-939", "Basic EPS": "-", "Diluted EPS": "-", "Basic Average Shares": "-", "Diluted Average Shares": "-", "Total Expenses": "1,482", "Interest Income": "127", "Net Interest Income": "127", "Net Income from Continuing & Discontinued Operation": "-939", "Normalized Income": "-1,251", "EBIT": "-1,482", "EBITDA": "-1,419", "Reconciled Cost of Revenue": "438", "Reconciled Depreciation": "63", "Net Income from Continuing Operation Net Minority Interest": "-939", "Total Unusual Items Excluding Goodwill": "312", "Total Unusual Items": "312", "Normalized EBITDA": "-1,731", "Tax Rate for Calcs": "0", "Tax Effect of Unusual Items": "0"}, "12/31/2020": {"Duration": "12/31/2020", "Total Revenue": "0", "Cost of Revenue": "438", "Gross Profit": "-438", "Operating Expense": "1,044", "Operating Income": "-1,482", "Net Non Operating Interest Income Expense": "127", "Other Income Expense": "416", "Pretax Income": "-939", "Tax Provision": "-", "Net Income Common Stockholders": "-939", "Diluted NI Available to Com Stockholders": "-939", "Basic EPS": "-0.02", "Diluted EPS": "-0.02", "Basic Average Shares": "58,116", "Diluted Average Shares": "58,116", "Total Expenses": "1,482", "Interest Income": "127", "Net Interest Income": "127", "Net Income from Continuing & Discontinued Operation": "-939", "Normalized Income": "-1,251", "EBIT": "-1,482", "EBITDA": "-", "Reconciled Cost of Revenue": "438", "Reconciled Depreciation": "63", "Net Income from Continuing Operation Net Minority Interest": "-939", "Total Unusual Items Excluding Goodwill": "312", "Total Unusual Items": "312", "Normalized EBITDA": "-1,731", "Tax Rate for Calcs": "0", "Tax Effect of Unusual Items": "0"}, "12/31/2019": {"Duration": "12/31/2019", "Total Revenue": "408", "Cost of Revenue": "1,832", "Gross Profit": "-1,424", "Operating Expense": "1,368", "Operating Income": "-2,792", "Net Non Operating Interest Income Expense": "252", "Other Income Expense": "-749", "Pretax Income": "-3,289", "Tax Provision": "-", "Net Income Common Stockholders": "-3,289", "Diluted NI Available to Com Stockholders": "-3,289", "Basic EPS": "-0.06", "Diluted EPS": "-0.06", "Basic Average Shares": "58,143", "Diluted Average Shares": "58,143", "Total Expenses": "3,200", "Interest Income": "252", "Net Interest Income": "252", "Net Income from Continuing & Discontinued Operation": "-3,289", "Normalized Income": "-2,540", "EBIT": "-2,792", "EBITDA": "-", "Reconciled Cost of Revenue": "1,832", "Reconciled Depreciation": "62", "Net Income from Continuing Operation Net Minority Interest": "-3,289", "Total Unusual Items Excluding Goodwill": "-749", "Total Unusual Items": "-749", "Normalized EBITDA": "-1,981", "Tax Rate for Calcs": "0", "Tax Effect of Unusual Items": "0"}, "12/31/2018": {"Duration": "12/31/2018", "Total Revenue": "502", "Cost of Revenue": "1,279", "Gross Profit": "-777", "Operating Expense": "1,954", "Operating Income": "-2,731", "Net Non Operating Interest Income Expense": "192", "Other Income Expense": "-1,059", "Pretax Income": "-3,598", "Tax Provision": "-", "Net Income Common Stockholders": "-3,598", "Diluted NI Available to Com Stockholders": "-3,598", "Basic EPS": "-0.06", "Diluted EPS": "-0.06", "Basic Average Shares": "58,360", "Diluted Average Shares": "58,360", "Total Expenses": "3,233", "Interest Income": "192", "Net Interest Income": "192", "Net Income from Continuing & Discontinued Operation": "-3,598", "Normalized Income": "-2,539", "EBIT": "-2,731", "EBITDA": "-", "Reconciled Cost of Revenue": "1,279", "Reconciled Depreciation": "25", "Net Income from Continuing Operation Net Minority Interest": "-3,598", "Total Unusual Items Excluding Goodwill": "-1,059", "Total Unusual Items": "-1,059", "Normalized EBITDA": "-1,647", "Tax Rate for Calcs": "0", "Tax Effect of Unusual Items": "0"}}, "bs": {"12/31/2020": {"Duration": "12/31/2020", "Total Assets": "23,801", "Total Liabilities Net Minority Interest": "299", "Total Equity Gross Minority Interest": "23,502", "Total Capitalization": "23,502", "Common Stock Equity": "23,502", "Capital Lease Obligations": "7", "Net Tangible Assets": "23,502", "Working Capital": "7,875", "Invested Capital": "23,512", "Tangible Book Value": "23,502", "Total Debt": "17", "Share Issued": "58,108", "Ordinary Shares Number": "58,108"}, "12/31/2019": {"Duration": "12/31/2019", "Total Assets": "24,532", "Total Liabilities Net Minority Interest": "401", "Total Equity Gross Minority Interest": "24,131", "Total Capitalization": "24,131", "Common Stock Equity": "24,131", "Capital Lease Obligations": "48", "Net Tangible Assets": "24,131", "Working Capital": "8,487", "Invested Capital": "24,131", "Tangible Book Value": "24,131", "Total Debt": "48", "Share Issued": "58,133", "Ordinary Shares Number": "58,133"}, "12/31/2018": {"Duration": "12/31/2018", "Total Assets": "27,903", "Total Liabilities Net Minority Interest": "813", "Total Equity Gross Minority Interest": "27,090", "Total Capitalization": "27,090", "Common Stock Equity": "27,090", "Capital Lease Obligations": "-", "Net Tangible Assets": "27,090", "Working Capital": "11,448", "Invested Capital": "27,090", "Tangible Book Value": "27,090", "Total Debt": "-", "Share Issued": "58,171", "Ordinary Shares Number": "58,171"}}, "cf": {"TTM": {"Duration": "TTM", "Operating Cash Flow": "-1,010", "Investing Cash Flow": "976", "Financing Cash Flow": "65", "End Cash Position": "605", "Issuance of Debt": "70", "Repurchase of Capital Stock": "-5", "Free Cash Flow": "-1,010"}, "12/31/2020": {"Duration": "12/31/2020", "Operating Cash Flow": "-1,010", "Investing Cash Flow": "976", "Financing Cash Flow": "65", "End Cash Position": "605", "Issuance of Debt": "70", "Repurchase of Capital Stock": "-5", "Free Cash Flow": "-1,010"}, "12/31/2019": {"Duration": "12/31/2019", "Operating Cash Flow": "-2,639", "Investing Cash Flow": "3,109", "Financing Cash Flow": "-13", "End Cash Position": "574", "Issuance of Debt": "-", "Repurchase of Capital Stock": "-13", "Free Cash Flow": "-2,639"}, "12/31/2018": {"Duration": "12/31/2018", "Operating Cash Flow": "-1,357", "Investing Cash Flow": "1,361", "Financing Cash Flow": "-101", "End Cash Position": "117", "Issuance of Debt": "-", "Repurchase of Capital Stock": "-101", "Free Cash Flow": "-1,357"}}}}, {"MYNG": {"quote": {"03/29/2021": {"value": "", "Net Assets": "N/A", "Beta (5Y Monthly)": "N/A", "Yield": "N/A", "5y Average Return": "N/A", "Holdings Turnover": "N/A", "Last Dividend": "N/A", "Average for Category": "N/A", "Inception Date": "N/A"}}, "fin": {}, "bs": {}, "cf": {}}}, {"APLL": {"quote": {"03/29/2021": {"value": "", "Net Assets": "N/A", "Beta (5Y Monthly)": "N/A", "Yield": "N/A", "5y Average Return": "N/A", "Holdings Turnover": "N/A", "Last Dividend": "N/A", "Average for Category": "N/A", "Inception Date": "N/A"}}, "fin": {}, "bs": {}, "cf": {}}}, {"GFI": {"quote": {"03/29/2021": {"value": "9.36", "Market Cap": "8.089B", "Beta (5Y Monthly)": "0.61", "PE Ratio (TTM)": "11.41", "EPS (TTM)": "0.82", "Earnings Date": "N/A", "Forward Dividend & Yield": "0.31 (3.30%)", "Ex-Dividend Date": "Mar 11, 2021", "1y Target Est": "12.72"}}, "fin": {"TTM": {"Duration": "TTM", "Total Revenue": "3,342,900", "Cost of Revenue": "2,207,500", "Gross Profit": "1,135,400", "Operating Expense": "100,300", "Operating Income": "1,035,100", "Net Non Operating Interest Income Expense": "-105,200", "Other Income Expense": "-455,600", "Pretax Income": "474,300", "Tax Provision": "217,500", "Net Income Common Stockholders": "246,600", "Diluted NI Available to Com Stockholders": "246,600", "Basic EPS": "-", "Diluted EPS": "-", "Basic Average Shares": "-", "Diluted Average Shares": "-", "Total Expenses": "2,307,800", "Interest Income": "-", "Interest Expense": "111,200", "Net Interest Income": "-105,200", "Net Income from Continuing & Discontinued Operation": "246,600", "Normalized Income": "555,408", "EBIT": "585,500", "EBITDA": "1,208,700", "Reconciled Cost of Revenue": "2,207,500", "Reconciled Depreciation": "623,200", "Net Income from Continuing Operation Net Minority Interest": "246,600", "Total Unusual Items Excluding Goodwill": "-428,900", "Total Unusual Items": "-428,900", "Normalized EBITDA": "1,637,600", "Tax Rate for Calcs": "0", "Tax Effect of Unusual Items": "-120,092"}, "12/31/2019": {"Duration": "12/31/2019", "Total Revenue": "2,967,100", "Cost of Revenue": "2,107,200", "Gross Profit": "859,900", "Operating Expense": "112,400", "Operating Income": "747,500", "Net Non Operating Interest Income Expense": "-94,900", "Other Income Expense": "-302,300", "Pretax Income": "350,300", "Tax Provision": "175,600", "Net Income Common Stockholders": "161,600", "Diluted NI Available to Com Stockholders": "161,600", "Basic EPS": "0.20", "Diluted EPS": "0.19", "Basic Average Shares": "827,387", "Diluted Average Shares": "850,526", "Total Expenses": "2,219,600", "Interest Income": "7,300", "Interest Expense": "100,900", "Net Interest Income": "-94,900", "Net Income from Continuing & Discontinued Operation": "161,600", "Normalized Income": "332,816", "EBIT": "451,200", "EBITDA": "-", "Reconciled Cost of Revenue": "2,107,200", "Reconciled Depreciation": "610,000", "Net Income from Continuing Operation Net Minority Interest": "161,600", "Total Unusual Items Excluding Goodwill": "-237,800", "Total Unusual Items": "-237,800", "Normalized EBITDA": "1,299,000", "Tax Rate for Calcs": "0", "Tax Effect of Unusual Items": "-66,584"}, "12/31/2018": {"Duration": "12/31/2018", "Total Revenue": "2,577,800", "Cost of Revenue": "2,105,500", "Gross Profit": "472,300", "Operating Expense": "138,300", "Operating Income": "334,000", "Net Non Operating Interest Income Expense": "-80,600", "Other Income Expense": "-664,100", "Pretax Income": "-410,700", "Tax Provision": "-65,900", "Net Income Common Stockholders": "-348,200", "Diluted NI Available to Com Stockholders": "-348,200", "Basic EPS": "-0.42", "Diluted EPS": "-0.42", "Basic Average Shares": "821,533", "Diluted Average Shares": "821,533", "Total Expenses": "2,243,800", "Interest Income": "7,400", "Interest Expense": "86,000", "Net Interest Income": "-80,600", "Net Income from Continuing & Discontinued Operation": "-348,200", "Normalized Income": "161,008", "EBIT": "-324,700", "EBITDA": "-", "Reconciled Cost of Revenue": "2,105,500", "Reconciled Depreciation": "668,400", "Net Income from Continuing Operation Net Minority Interest": "-348,200", "Total Unusual Items Excluding Goodwill": "-606,200", "Total Unusual Items": "-606,200", "Normalized EBITDA": "949,900", "Tax Rate for Calcs": "0", "Tax Effect of Unusual Items": "-96,992"}}, "bs": {"12/31/2019": {"Duration": "12/31/2019", "Total Assets": "6,561,300", "Total Liabilities Net Minority Interest": "3,652,600", "Total Equity Gross Minority Interest": "2,908,700", "Total Capitalization": "3,937,900", "Common Stock Equity": "2,777,000", "Capital Lease Obligations": "332,900", "Net Tangible Assets": "2,777,000", "Working Capital": "-266,700", "Invested Capital": "4,622,800", "Tangible Book Value": "2,777,000", "Total Debt": "2,178,700", "Net Debt": "1,330,800", "Share Issued": "828,633", "Ordinary Shares Number": "828,633"}, "12/31/2018": {"Duration": "12/31/2018", "Total Assets": "6,104,300", "Total Liabilities Net Minority Interest": "3,397,400", "Total Equity Gross Minority Interest": "2,706,900", "Total Capitalization": "4,511,400", "Common Stock Equity": "2,586,100", "Capital Lease Obligations": "88,600", "Net Tangible Assets": "2,586,100", "Working Capital": "305,600", "Invested Capital": "4,597,700", "Tangible Book Value": "2,586,100", "Total Debt": "2,100,200", "Net Debt": "1,611,900", "Share Issued": "821,533", "Ordinary Shares Number": "821,533"}}, "cf": {"TTM": {"Duration": "TTM", "Operating Cash Flow": "937,200", "Investing Cash Flow": "-420,700", "Financing Cash Flow": "300", "Other Cash Adjustment Inside Change in Cash": "-", "End Cash Position": "965,600", "Capital Expenditure": "-494,900", "Issuance of Capital Stock": "-", "Issuance of Debt": "64,900", "Repayment of Debt": "-313,600", "Free Cash Flow": "442,300"}, "12/31/2019": {"Duration": "12/31/2019", "Operating Cash Flow": "845,000", "Investing Cash Flow": "-446,800", "Financing Cash Flow": "-104,600", "Other Cash Adjustment Inside Change in Cash": "-47,700", "End Cash Position": "515,000", "Capital Expenditure": "-612,500", "Issuance of Capital Stock": "-", "Issuance of Debt": "1,538,000", "Repayment of Debt": "-1,642,600", "Free Cash Flow": "232,500"}, "12/31/2018": {"Duration": "12/31/2018", "Operating Cash Flow": "557,800", "Investing Cash Flow": "-886,800", "Financing Cash Flow": "257,300", "Other Cash Adjustment Inside Change in Cash": "-55,300", "End Cash Position": "399,700", "Capital Expenditure": "-814,200", "Issuance of Capital Stock": "0", "Issuance of Debt": "691,700", "Repayment of Debt": "-434,400", "Free Cash Flow": "-256,400"}}}}, {"RGLD": {"quote": {"03/29/2021": {"value": "105.94", "Market Cap": "6.95B", "Beta (5Y Monthly)": "0.66", "PE Ratio (TTM)": "27.37", "EPS (TTM)": "3.87", "Earnings Date": "May 04, 2021 - May 10, 2021", "Forward Dividend & Yield": "1.20 (1.13%)", "Ex-Dividend Date": "Mar 31, 2021", "1y Target Est": "138.08"}}, "fin": {"TTM": {"Duration": "TTM", "Total Revenue": "561,642", "Cost of Revenue": "284,828", "Gross Profit": "276,814", "Operating Expense": "31,944", "Operating Income": "244,870", "Net Non Operating Interest Income Expense": "-6,137", "Other Income Expense": "37,294", "Pretax Income": "276,027", "Tax Provision": "22,401", "Net Income Common Stockholders": "254,397", "Diluted NI Available to Com Stockholders": "254,397", "Basic EPS": "-", "Diluted EPS": "-", "Basic Average Shares": "-", "Diluted Average Shares": "-", "Total Operating Income as Reported": "277,435", "Total Expenses": "316,772", "Interest Income": "2,079", "Interest Expense": "8,216", "Net Interest Income": "-6,137", "Net Income from Continuing & Discontinued Operation": "254,397", "Normalized Income": "220,130", "EBIT": "284,243", "EBITDA": "475,112", "Reconciled Cost of Revenue": "284,828", "Reconciled Depreciation": "190,869", "Net Income from Continuing Operation Net Minority Interest": "254,397", "Total Unusual Items Excluding Goodwill": "37,294", "Total Unusual Items": "37,294", "Normalized EBITDA": "437,818", "Tax Rate for Calcs": "0", "Tax Effect of Unusual Items": "3,027"}, "6/30/2020": {"Duration": "6/30/2020", "Total Revenue": "498,819", "Cost of Revenue": "263,148", "Gross Profit": "235,671", "Operating Expense": "35,385", "Operating Income": "200,286", "Net Non Operating Interest Income Expense": "-7,767", "Other Income Expense": "77", "Pretax Income": "192,596", "Tax Provision": "-3,654", "Net Income Common Stockholders": "199,343", "Diluted NI Available to Com Stockholders": "199,343", "Basic EPS": "3.04", "Diluted EPS": "3.03", "Basic Average Shares": "65,523", "Diluted Average Shares": "65,643", "Total Operating Income as Reported": "198,945", "Total Expenses": "298,533", "Interest Income": "2,046", "Interest Expense": "9,813", "Net Interest Income": "-7,767", "Net Income from Continuing & Discontinued Operation": "199,343", "Normalized Income": "199,287", "EBIT": "202,409", "EBITDA": "-", "Reconciled Cost of Revenue": "263,148", "Reconciled Depreciation": "175,434", "Net Income from Continuing Operation Net Minority Interest": "199,343", "Total Unusual Items Excluding Goodwill": "77", "Total Unusual Items": "77", "Normalized EBITDA": "377,766", "Tax Rate for Calcs": "0", "Tax Effect of Unusual Items": "20.79"}, "6/30/2019": {"Duration": "6/30/2019", "Total Revenue": "423,056", "Cost of Revenue": "244,703", "Gross Profit": "178,353", "Operating Expense": "37,646", "Operating Income": "140,707", "Net Non Operating Interest Income Expense": "-27,330", "Other Income Expense": "-6,800", "Pretax Income": "106,577", "Tax Provision": "17,498", "Net Income Common Stockholders": "93,825", "Diluted NI Available to Com Stockholders": "93,825", "Basic EPS": "1.43", "Diluted EPS": "1.43", "Basic Average Shares": "65,395", "Diluted Average Shares": "65,506", "Total Operating Income as Reported": "140,707", "Total Expenses": "282,349", "Interest Income": "2,320", "Interest Expense": "29,650", "Net Interest Income": "-27,330", "Net Income from Continuing & Discontinued Operation": "93,825", "Normalized Income": "99,510", "EBIT": "136,227", "EBITDA": "-", "Reconciled Cost of Revenue": "244,703", "Reconciled Depreciation": "163,056", "Net Income from Continuing Operation Net Minority Interest": "93,825", "Total Unusual Items Excluding Goodwill": "-6,800", "Total Unusual Items": "-6,800", "Normalized EBITDA": "306,083", "Tax Rate for Calcs": "0", "Tax Effect of Unusual Items": "-1,115"}, "6/30/2018": {"Duration": "6/30/2018", "Total Revenue": "459,042", "Cost of Revenue": "249,803", "Gross Profit": "209,239", "Operating Expense": "44,410", "Operating Income": "164,829", "Net Non Operating Interest Income Expense": "-30,044", "Other Income Expense": "-239,364", "Pretax Income": "-104,579", "Tax Provision": "14,772", "Net Income Common Stockholders": "-113,134", "Diluted NI Available to Com Stockholders": "-113,134", "Basic EPS": "-1.73", "Diluted EPS": "-1.73", "Basic Average Shares": "65,292", "Diluted Average Shares": "65,292", "Total Operating Income as Reported": "-74,535", "Total Expenses": "294,213", "Interest Income": "4,170", "Interest Expense": "34,214", "Net Interest Income": "-30,044", "Net Income from Continuing & Discontinued Operation": "-113,134", "Normalized Income": "61,602", "EBIT": "-70,365", "EBITDA": "-", "Reconciled Cost of Revenue": "249,803", "Reconciled Depreciation": "163,696", "Net Income from Continuing Operation Net Minority Interest": "-113,134", "Total Unusual Items Excluding Goodwill": "-239,364", "Total Unusual Items": "-239,364", "Normalized EBITDA": "332,695", "Tax Rate for Calcs": "0", "Tax Effect of Unusual Items": "-64,628"}}, "bs": {"6/30/2020": {"Duration": "6/30/2020", "Total Assets": "2,766,287", "Total Liabilities Net Minority Interest": "464,168", "Total Equity Gross Minority Interest": "2,302,119", "Total Capitalization": "2,572,656", "Common Stock Equity": "2,272,217", "Net Tangible Assets": "2,272,217", "Working Capital": "318,595", "Invested Capital": "2,572,656", "Tangible Book Value": "2,272,217", "Total Debt": "300,439", "Net Debt": "-", "Share Issued": "65,531", "Ordinary Shares Number": "65,531", "Preferred Shares Number": "0.001"}, "6/30/2019": {"Duration": "6/30/2019", "Total Assets": "2,544,151", "Total Liabilities Net Minority Interest": "373,698", "Total Equity Gross Minority Interest": "2,170,453", "Total Capitalization": "2,351,235", "Common Stock Equity": "2,136,681", "Net Tangible Assets": "2,136,681", "Working Capital": "121,069", "Invested Capital": "2,351,235", "Tangible Book Value": "2,136,681", "Total Debt": "214,554", "Net Debt": "95,079", "Share Issued": "65,440", "Ordinary Shares Number": "65,440", "Preferred Shares Number": "0.001"}, "6/30/2018": {"Duration": "6/30/2018", "Total Assets": "2,682,016", "Total Liabilities Net Minority Interest": "540,747", "Total Equity Gross Minority Interest": "2,141,269", "Total Capitalization": "2,453,194", "Common Stock Equity": "2,102,167", "Net Tangible Assets": "2,102,167", "Working Capital": "74,424", "Invested Capital": "2,453,194", "Tangible Book Value": "2,102,167", "Total Debt": "351,027", "Net Debt": "262,277", "Share Issued": "65,360", "Ordinary Shares Number": "65,360", "Preferred Shares Number": "0.001"}}, "cf": {"TTM": {"Duration": "TTM", "Operating Cash Flow": "385,320", "Investing Cash Flow": "-72,701", "Financing Cash Flow": "-11,264", "End Cash Position": "381,859", "Income Tax Paid Supplemental Data": "-", "Interest Paid Supplemental Data": "-", "Capital Expenditure": "-132,400", "Issuance of Debt": "-", "Repayment of Debt": "-135,000", "Repurchase of Capital Stock": "-2,848", "Free Cash Flow": "252,920"}, "6/30/2020": {"Duration": "6/30/2020", "Operating Cash Flow": "340,752", "Investing Cash Flow": "-152,859", "Financing Cash Flow": "11,760", "End Cash Position": "319,128", "Income Tax Paid Supplemental Data": "-", "Interest Paid Supplemental Data": "-", "Capital Expenditure": "-155,985", "Issuance of Debt": "200,000", "Repayment of Debt": "-115,000", "Repurchase of Capital Stock": "-4,180", "Free Cash Flow": "184,767"}, "6/30/2019": {"Duration": "6/30/2019", "Operating Cash Flow": "253,166", "Investing Cash Flow": "-5,595", "Financing Cash Flow": "-216,846", "End Cash Position": "119,475", "Income Tax Paid Supplemental Data": "44,435", "Interest Paid Supplemental Data": "10,638", "Capital Expenditure": "-1,055", "Issuance of Debt": "220,000", "Repayment of Debt": "-370,000", "Repurchase of Capital Stock": "-1,595", "Free Cash Flow": "252,111"}, "6/30/2018": {"Duration": "6/30/2018", "Operating Cash Flow": "328,824", "Investing Cash Flow": "-10,590", "Financing Cash Flow": "-315,331", "End Cash Position": "88,750", "Income Tax Paid Supplemental Data": "-", "Interest Paid Supplemental Data": "16,049", "Capital Expenditure": "-11,812", "Issuance of Debt": "0", "Repayment of Debt": "-250,000", "Repurchase of Capital Stock": "-4,042", "Free Cash Flow": "317,012"}}}}, {"NGD": {"quote": {"03/29/2021": {"value": "1.6400", "Market Cap": "1.106B", "Beta (5Y Monthly)": "1.85", "PE Ratio (TTM)": "N/A", "EPS (TTM)": "-0.1200", "Earnings Date": "N/A", "Forward Dividend & Yield": "N/A (N/A)", "Ex-Dividend Date": "N/A", "1y Target Est": "3.81"}}, "fin": {"TTM": {"Duration": "TTM", "Total Revenue": "643,400", "Cost of Revenue": "533,000", "Gross Profit": "110,400", "Operating Expense": "29,000", "Operating Income": "81,400", "Net Non Operating Interest Income Expense": "-54,800", "Other Income Expense": "-101,600", "Pretax Income": "-75,000", "Tax Provision": "4,300", "Net Income Common Stockholders": "-79,300", "Diluted NI Available to Com Stockholders": "-79,300", "Basic EPS": "-", "Diluted EPS": "-", "Basic Average Shares": "-", "Diluted Average Shares": "-", "Total Operating Income as Reported": "81,400", "Total Expenses": "562,000", "Interest Income": "1,100", "Interest Expense": "49,300", "Net Interest Income": "-54,800", "Net Income from Continuing & Discontinued Operation": "-79,300", "Normalized Income": "-9,254", "EBIT": "-25,700", "EBITDA": "168,900", "Reconciled Cost of Revenue": "533,000", "Reconciled Depreciation": "194,600", "Net Income from Continuing Operation Net Minority Interest": "-79,300", "Total Unusual Items Excluding Goodwill": "-95,300", "Total Unusual Items": "-95,300", "Normalized EBITDA": "264,200", "Tax Rate for Calcs": "0", "Tax Effect of Unusual Items": "-25,254"}, "12/31/2020": {"Duration": "12/31/2020", "Total Revenue": "643,400", "Cost of Revenue": "533,000", "Gross Profit": "110,400", "Operating Expense": "29,000", "Operating Income": "81,400", "Net Non Operating Interest Income Expense": "-54,800", "Other Income Expense": "-101,600", "Pretax Income": "-75,000", "Tax Provision": "4,300", "Net Income Common Stockholders": "-79,300", "Diluted NI Available to Com Stockholders": "-79,300", "Basic EPS": "-", "Diluted EPS": "-", "Basic Average Shares": "-", "Diluted Average Shares": "-", "Total Operating Income as Reported": "81,400", "Total Expenses": "562,000", "Interest Income": "1,100", "Interest Expense": "49,300", "Net Interest Income": "-54,800", "Net Income from Continuing & Discontinued Operation": "-79,300", "Normalized Income": "-9,254", "EBIT": "-25,700", "EBITDA": "-", "Reconciled Cost of Revenue": "533,000", "Reconciled Depreciation": "194,600", "Net Income from Continuing Operation Net Minority Interest": "-79,300", "Total Unusual Items Excluding Goodwill": "-95,300", "Total Unusual Items": "-95,300", "Normalized EBITDA": "264,200", "Tax Rate for Calcs": "0", "Tax Effect of Unusual Items": "-25,254"}, "12/31/2019": {"Duration": "12/31/2019", "Total Revenue": "630,600", "Cost of Revenue": "612,500", "Gross Profit": "18,100", "Operating Expense": "27,600", "Operating Income": "-9,500", "Net Non Operating Interest Income Expense": "-56,500", "Other Income Expense": "-7,900", "Pretax Income": "-73,900", "Tax Provision": "-400", "Net Income Common Stockholders": "-73,500", "Diluted NI Available to Com Stockholders": "-73,500", "Basic EPS": "-0.12", "Diluted EPS": "-0.12", "Basic Average Shares": "611,100", "Diluted Average Shares": "611,100", "Total Operating Income as Reported": "-7,900", "Total Expenses": "640,100", "Interest Income": "2,200", "Interest Expense": "51,200", "Net Interest Income": "-56,500", "Net Income from Continuing & Discontinued Operation": "-73,500", "Normalized Income": "-66,140", "EBIT": "-22,700", "EBITDA": "-", "Reconciled Cost of Revenue": "612,500", "Reconciled Depreciation": "241,700", "Net Income from Continuing Operation Net Minority Interest": "-73,500", "Total Unusual Items Excluding Goodwill": "-7,400", "Total Unusual Items": "-7,400", "Normalized EBITDA": "226,400", "Tax Rate for Calcs": "0", "Tax Effect of Unusual Items": "-40.0541"}, "12/31/2018": {"Duration": "12/31/2018", "Total Revenue": "604,500", "Cost of Revenue": "565,300", "Gross Profit": "39,200", "Operating Expense": "28,900", "Operating Income": "10,300", "Net Non Operating Interest Income Expense": "-65,500", "Other Income Expense": "-1,040,800", "Pretax Income": "-1,096,000", "Tax Provision": "-25,200", "Net Income Common Stockholders": "-1,225,700", "Diluted NI Available to Com Stockholders": "-1,225,700", "Basic EPS": "-2.12", "Diluted EPS": "-2.12", "Basic Average Shares": "578,700", "Diluted Average Shares": "578,700", "Total Operating Income as Reported": "-1,046,600", "Total Expenses": "594,200", "Interest Income": "1,500", "Interest Expense": "62,200", "Net Interest Income": "-65,500", "Net Income from Continuing & Discontinued Operation": "-1,225,700", "Normalized Income": "-51,980", "EBIT": "-1,033,800", "EBITDA": "-", "Reconciled Cost of Revenue": "565,300", "Reconciled Depreciation": "241,200", "Net Income from Continuing Operation Net Minority Interest": "-1,070,800", "Total Unusual Items Excluding Goodwill": "-1,041,100", "Total Unusual Items": "-1,041,100", "Normalized EBITDA": "248,500", "Tax Rate for Calcs": "0", "Tax Effect of Unusual Items": "-22,280"}}, "bs": {"12/31/2020": {"Duration": "12/31/2020", "Total Assets": "2,250,100", "Total Liabilities Net Minority Interest": "1,460,800", "Total Equity Gross Minority Interest": "789,300", "Total Capitalization": "1,278,500", "Common Stock Equity": "789,300", "Capital Lease Obligations": "19,500", "Net Tangible Assets": "789,300", "Working Capital": "260,100", "Invested Capital": "1,278,500", "Tangible Book Value": "789,300", "Total Debt": "508,700", "Net Debt": "302,900", "Share Issued": "680,250", "Ordinary Shares Number": "680,250"}, "12/31/2019": {"Duration": "12/31/2019", "Total Assets": "2,158,500", "Total Liabilities Net Minority Interest": "1,197,200", "Total Equity Gross Minority Interest": "961,300", "Total Capitalization": "1,675,800", "Common Stock Equity": "961,300", "Capital Lease Obligations": "23,900", "Net Tangible Assets": "961,300", "Working Capital": "56,800", "Invested Capital": "1,675,800", "Tangible Book Value": "961,300", "Total Debt": "738,400", "Net Debt": "631,100", "Share Issued": "675,957", "Ordinary Shares Number": "675,957"}, "12/31/2018": {"Duration": "12/31/2018", "Total Assets": "2,169,600", "Total Liabilities Net Minority Interest": "1,210,300", "Total Equity Gross Minority Interest": "959,300", "Total Capitalization": "1,739,800", "Common Stock Equity": "959,300", "Capital Lease Obligations": "-", "Net Tangible Assets": "959,300", "Working Capital": "159,500", "Invested Capital": "1,739,800", "Tangible Book Value": "959,300", "Total Debt": "780,500", "Net Debt": "676,800", "Share Issued": "579,115", "Ordinary Shares Number": "579,115"}}, "cf": {"TTM": {"Duration": "TTM", "Operating Cash Flow": "294,800", "Investing Cash Flow": "-173,200", "Financing Cash Flow": "-21,900", "Other Cash Adjustment Inside Change in Cash": "-", "End Cash Position": "186,300", "Capital Expenditure": "-284,200", "Issuance of Capital Stock": "10,200", "Issuance of Debt": "296,600", "Repayment of Debt": "-262,600", "Free Cash Flow": "10,600"}, "12/31/2020": {"Duration": "12/31/2020", "Operating Cash Flow": "294,800", "Investing Cash Flow": "-173,200", "Financing Cash Flow": "-21,900", "Other Cash Adjustment Inside Change in Cash": "-", "End Cash Position": "186,300", "Capital Expenditure": "-284,200", "Issuance of Capital Stock": "10,200", "Issuance of Debt": "296,600", "Repayment of Debt": "-262,600", "Free Cash Flow": "10,600"}, "12/31/2019": {"Duration": "12/31/2019", "Operating Cash Flow": "263,500", "Investing Cash Flow": "-234,000", "Financing Cash Flow": "-50,200", "Other Cash Adjustment Inside Change in Cash": "0", "End Cash Position": "83,400", "Capital Expenditure": "-253,300", "Issuance of Capital Stock": "106,700", "Issuance of Debt": "30,000", "Repayment of Debt": "-113,000", "Free Cash Flow": "10,200"}, "12/31/2018": {"Duration": "12/31/2018", "Operating Cash Flow": "245,100", "Investing Cash Flow": "-32,200", "Financing Cash Flow": "-312,700", "Other Cash Adjustment Inside Change in Cash": "-12,200", "End Cash Position": "103,700", "Capital Expenditure": "-213,900", "Issuance of Capital Stock": "0", "Issuance of Debt": "0", "Repayment of Debt": "-234,000", "Free Cash Flow": "31,200"}}}}, {"SA": {"quote": {"03/29/2021": {"value": "16.59", "Market Cap": "1.241B", "Beta (5Y Monthly)": "0.74", "PE Ratio (TTM)": "N/A", "EPS (TTM)": "-0.18", "Earnings Date": "N/A", "Forward Dividend & Yield": "N/A (N/A)", "Ex-Dividend Date": "N/A", "1y Target Est": "48.76"}}, "fin": {"TTM": {"Duration": "TTM", "Total Revenue": "0", "Operating Expense": "16,530", "Operating Income": "-16,530", "Net Non Operating Interest Income Expense": "-701", "Other Income Expense": "1,489", "Pretax Income": "-15,742", "Tax Provision": "-800", "Net Income Common Stockholders": "-14,942", "Diluted NI Available to Com Stockholders": "-14,942", "Basic EPS": "-", "Diluted EPS": "-", "Basic Average Shares": "-", "Diluted Average Shares": "-", "Total Expenses": "16,530", "Interest Income": "114", "Interest Expense": "815", "Net Interest Income": "-701", "Net Income from Continuing & Discontinued Operation": "-14,942", "Normalized Income": "-14,942", "EBIT": "-14,927", "EBITDA": "-14,891", "Reconciled Depreciation": "36", "Net Income from Continuing Operation Net Minority Interest": "-14,942", "Total Unusual Items Excluding Goodwill": "-", "Total Unusual Items": "-", "Normalized EBITDA": "-14,891", "Tax Rate for Calcs": "0", "Tax Effect of Unusual Items": "0"}, "12/31/2020": {"Duration": "12/31/2020", "Total Revenue": "0", "Operating Expense": "16,530", "Operating Income": "-16,530", "Net Non Operating Interest Income Expense": "-701", "Other Income Expense": "1,489", "Pretax Income": "-15,742", "Tax Provision": "-800", "Net Income Common Stockholders": "-14,942", "Diluted NI Available to Com Stockholders": "-14,942", "Basic EPS": "-0.23", "Diluted EPS": "-0.23", "Basic Average Shares": "66,370", "Diluted Average Shares": "66,370", "Total Expenses": "16,530", "Interest Income": "114", "Interest Expense": "815", "Net Interest Income": "-701", "Net Income from Continuing & Discontinued Operation": "-14,942", "Normalized Income": "-14,942", "EBIT": "-14,927", "EBITDA": "-", "Reconciled Depreciation": "36", "Net Income from Continuing Operation Net Minority Interest": "-14,942", "Total Unusual Items Excluding Goodwill": "-", "Total Unusual Items": "-", "Normalized EBITDA": "-14,891", "Tax Rate for Calcs": "0", "Tax Effect of Unusual Items": "0"}, "12/31/2019": {"Duration": "12/31/2019", "Total Revenue": "0", "Operating Expense": "13,340", "Operating Income": "-13,340", "Net Non Operating Interest Income Expense": "12", "Other Income Expense": "1,018", "Pretax Income": "-12,310", "Tax Provision": "-697", "Net Income Common Stockholders": "-11,613", "Diluted NI Available to Com Stockholders": "-11,613", "Basic EPS": "-0.19", "Diluted EPS": "-0.19", "Basic Average Shares": "62,360", "Diluted Average Shares": "62,360", "Total Expenses": "13,340", "Interest Income": "279", "Interest Expense": "267", "Net Interest Income": "12", "Net Income from Continuing & Discontinued Operation": "-11,613", "Normalized Income": "-11,613", "EBIT": "-12,043", "EBITDA": "-", "Reconciled Depreciation": "36", "Net Income from Continuing Operation Net Minority Interest": "-11,613", "Total Unusual Items Excluding Goodwill": "0", "Total Unusual Items": "0", "Normalized EBITDA": "-12,007", "Tax Rate for Calcs": "0", "Tax Effect of Unusual Items": "0"}, "12/31/2018": {"Duration": "12/31/2018", "Total Revenue": "0", "Operating Expense": "19,809", "Operating Income": "-19,809", "Net Non Operating Interest Income Expense": "20", "Other Income Expense": "4,816", "Pretax Income": "-14,973", "Tax Provision": "4,967", "Net Income Common Stockholders": "-19,940", "Diluted NI Available to Com Stockholders": "-19,940", "Basic EPS": "-0.34", "Diluted EPS": "-0.34", "Basic Average Shares": "59,105", "Diluted Average Shares": "59,105", "Total Expenses": "19,809", "Interest Income": "164", "Interest Expense": "144", "Net Interest Income": "20", "Net Income from Continuing & Discontinued Operation": "-19,940", "Normalized Income": "-18,958", "EBIT": "-14,829", "EBITDA": "-", "Reconciled Depreciation": "-", "Net Income from Continuing Operation Net Minority Interest": "-19,940", "Total Unusual Items Excluding Goodwill": "-1,336", "Total Unusual Items": "-1,336", "Normalized EBITDA": "-13,493", "Tax Rate for Calcs": "0", "Tax Effect of Unusual Items": "-354.04"}}, "bs": {"12/31/2020": {"Duration": "12/31/2020", "Total Assets": "647,817", "Total Liabilities Net Minority Interest": "33,099", "Total Equity Gross Minority Interest": "614,718", "Total Capitalization": "614,718", "Common Stock Equity": "614,718", "Capital Lease Obligations": "248", "Net Tangible Assets": "614,718", "Working Capital": "36,035", "Invested Capital": "614,718", "Tangible Book Value": "614,718", "Total Debt": "248", "Share Issued": "74,162", "Ordinary Shares Number": "74,162"}, "12/31/2019": {"Duration": "12/31/2019", "Total Assets": "449,372", "Total Liabilities Net Minority Interest": "34,349", "Total Equity Gross Minority Interest": "415,023", "Total Capitalization": "415,023", "Common Stock Equity": "415,023", "Capital Lease Obligations": "274", "Net Tangible Assets": "415,023", "Working Capital": "12,523", "Invested Capital": "415,023", "Tangible Book Value": "415,023", "Total Debt": "274", "Share Issued": "63,510", "Ordinary Shares Number": "63,510"}, "12/31/2018": {"Duration": "12/31/2018", "Total Assets": "423,460", "Total Liabilities Net Minority Interest": "36,905", "Total Equity Gross Minority Interest": "386,555", "Total Capitalization": "386,555", "Common Stock Equity": "386,555", "Capital Lease Obligations": "-", "Net Tangible Assets": "386,555", "Working Capital": "17,971", "Invested Capital": "386,555", "Tangible Book Value": "386,555", "Total Debt": "-", "Share Issued": "61,233", "Ordinary Shares Number": "61,233"}}, "cf": {"TTM": {"Duration": "TTM", "Operating Cash Flow": "-10,522", "Investing Cash Flow": "-180,464", "Financing Cash Flow": "199,721", "End Cash Position": "17,528", "Capital Expenditure": "-158,795", "Issuance of Capital Stock": "195,440", "Repayment of Debt": "-21", "Free Cash Flow": "-169,317"}, "12/31/2020": {"Duration": "12/31/2020", "Operating Cash Flow": "-10,522", "Investing Cash Flow": "-180,464", "Financing Cash Flow": "199,721", "End Cash Position": "17,528", "Capital Expenditure": "-158,795", "Issuance of Capital Stock": "195,440", "Repayment of Debt": "-21", "Free Cash Flow": "-169,317"}, "12/31/2019": {"Duration": "12/31/2019", "Operating Cash Flow": "-10,896", "Investing Cash Flow": "-14,771", "Financing Cash Flow": "31,532", "End Cash Position": "8,793", "Capital Expenditure": "-27,201", "Issuance of Capital Stock": "-", "Repayment of Debt": "-24", "Free Cash Flow": "-38,097"}, "12/31/2018": {"Duration": "12/31/2018", "Operating Cash Flow": "-9,406", "Investing Cash Flow": "-42,648", "Financing Cash Flow": "50,932", "End Cash Position": "2,927", "Capital Expenditure": "-37,068", "Issuance of Capital Stock": "41,596", "Repayment of Debt": "-", "Free Cash Flow": "-46,474"}}}}, {"GSS": {"quote": {"03/29/2021": {"value": "3.1400", "Market Cap": "345.328M", "Beta (5Y Monthly)": "0.41", "PE Ratio (TTM)": "N/A", "EPS (TTM)": "-0.4730", "Earnings Date": "N/A", "Forward Dividend & Yield": "N/A (N/A)", "Ex-Dividend Date": "N/A", "1y Target Est": "5.80"}}, "fin": {"TTM": {"Duration": "TTM", "Total Revenue": "272,481", "Cost of Revenue": "148,149", "Gross Profit": "124,332", "Operating Expense": "24,957", "Operating Income": "99,375", "Net Non Operating Interest Income Expense": "-11,842", "Other Income Expense": "-1,114", "Pretax Income": "86,419", "Tax Provision": "48,266", "Net Income Common Stockholders": "-52,140", "Average Dilution Earnings": "3,383", "Diluted NI Available to Com Stockholders": "-48,757", "Basic EPS": "-", "Diluted EPS": "-", "Basic Average Shares": "-", "Diluted Average Shares": "-", "Total Expenses": "173,106", "Interest Income": "289", "Interest Expense": "12,645", "Net Interest Income": "-11,842", "Net Income from Continuing & Discontinued Operation": "-52,140", "Normalized Income": "3,697", "EBIT": "99,064", "EBITDA": "123,305", "Reconciled Cost of Revenue": "148,149", "Reconciled Depreciation": "24,241", "Net Income from Continuing Operation Net Minority Interest": "4,294", "Total Unusual Items Excluding Goodwill": "812", "Total Unusual Items": "812", "Normalized EBITDA": "122,493", "Tax Rate for Calcs": "0", "Tax Effect of Unusual Items": "215.18"}, "12/31/2020": {"Duration": "12/31/2020", "Total Revenue": "272,481", "Cost of Revenue": "148,149", "Gross Profit": "124,332", "Operating Expense": "24,957", "Operating Income": "99,375", "Net Non Operating Interest Income Expense": "-11,842", "Other Income Expense": "-1,114", "Pretax Income": "86,419", "Tax Provision": "48,266", "Net Income Common Stockholders": "-52,140", "Average Dilution Earnings": "3,383", "Diluted NI Available to Com Stockholders": "-48,757", "Basic EPS": "-0.47", "Diluted EPS": "-0.47", "Basic Average Shares": "110,300", "Diluted Average Shares": "124,800", "Total Expenses": "173,106", "Interest Income": "289", "Interest Expense": "12,645", "Net Interest Income": "-11,842", "Net Income from Continuing & Discontinued Operation": "-52,140", "Normalized Income": "3,697", "EBIT": "99,064", "EBITDA": "-", "Reconciled Cost of Revenue": "148,149", "Reconciled Depreciation": "24,241", "Net Income from Continuing Operation Net Minority Interest": "4,294", "Total Unusual Items Excluding Goodwill": "812", "Total Unusual Items": "812", "Normalized EBITDA": "122,493", "Tax Rate for Calcs": "0", "Tax Effect of Unusual Items": "215.18"}, "12/31/2019": {"Duration": "12/31/2019", "Total Revenue": "264,737", "Cost of Revenue": "215,394", "Gross Profit": "49,343", "Operating Expense": "30,058", "Operating Income": "19,285", "Net Non Operating Interest Income Expense": "-7,372", "Other Income Expense": "-62,448", "Pretax Income": "-50,535", "Tax Provision": "27,439", "Net Income Common Stockholders": "-67,434", "Average Dilution Earnings": "-", "Diluted NI Available to Com Stockholders": "-67,434", "Basic EPS": "-0.62", "Diluted EPS": "-0.62", "Basic Average Shares": "109,000", "Diluted Average Shares": "109,000", "Total Expenses": "245,452", "Interest Income": "1,442", "Interest Expense": "15,003", "Net Interest Income": "-7,372", "Net Income from Continuing & Discontinued Operation": "-67,434", "Normalized Income": "-24,738", "EBIT": "-35,532", "EBITDA": "-", "Reconciled Cost of Revenue": "215,394", "Reconciled Depreciation": "29,608", "Net Income from Continuing Operation Net Minority Interest": "-67,434", "Total Unusual Items Excluding Goodwill": "-58,090", "Total Unusual Items": "-58,090", "Normalized EBITDA": "52,166", "Tax Rate for Calcs": "0", "Tax Effect of Unusual Items": "-15,394"}, "12/31/2018": {"Duration": "12/31/2018", "Total Revenue": "273,017", "Cost of Revenue": "257,668", "Gross Profit": "15,349", "Operating Expense": "16,998", "Operating Income": "-1,649", "Net Non Operating Interest Income Expense": "-17,472", "Other Income Expense": "7,400", "Pretax Income": "-11,721", "Tax Provision": "12,350", "Net Income Common Stockholders": "-18,123", "Average Dilution Earnings": "0", "Diluted NI Available to Com Stockholders": "-18,123", "Basic EPS": "-0.21", "Diluted EPS": "-0.21", "Basic Average Shares": "84,300", "Diluted Average Shares": "84,300", "Total Expenses": "274,666", "Interest Income": "559", "Interest Expense": "18,031", "Net Interest Income": "-17,472", "Net Income from Continuing & Discontinued Operation": "-18,123", "Normalized Income": "-23,402", "EBIT": "6,310", "EBITDA": "-", "Reconciled Cost of Revenue": "257,668", "Reconciled Depreciation": "33,975", "Net Income from Continuing Operation Net Minority Interest": "-18,123", "Total Unusual Items Excluding Goodwill": "7,182", "Total Unusual Items": "7,182", "Normalized EBITDA": "33,103", "Tax Rate for Calcs": "0", "Tax Effect of Unusual Items": "1,903"}}, "bs": {"12/31/2020": {"Duration": "12/31/2020", "Total Assets": "343,861", "Total Liabilities Net Minority Interest": "318,087", "Total Equity Gross Minority Interest": "25,774", "Total Capitalization": "60,410", "Common Stock Equity": "5,863", "Capital Lease Obligations": "1,481", "Net Tangible Assets": "5,863", "Working Capital": "4,638", "Invested Capital": "110,145", "Tangible Book Value": "5,863", "Total Debt": "105,763", "Net Debt": "43,473", "Share Issued": "111,314", "Ordinary Shares Number": "111,314"}, "12/31/2019": {"Duration": "12/31/2019", "Total Assets": "374,060", "Total Liabilities Net Minority Interest": "406,183", "Total Equity Gross Minority Interest": "-32,123", "Total Capitalization": "139,778", "Common Stock Equity": "50,390", "Capital Lease Obligations": "2,381", "Net Tangible Assets": "50,390", "Working Capital": "-16,557", "Invested Capital": "139,778", "Tangible Book Value": "50,390", "Total Debt": "106,769", "Net Debt": "36,021", "Share Issued": "109,385", "Ordinary Shares Number": "109,385"}, "12/31/2018": {"Duration": "12/31/2018", "Total Assets": "417,987", "Total Liabilities Net Minority Interest": "375,950", "Total Equity Gross Minority Interest": "42,037", "Total Capitalization": "186,702", "Common Stock Equity": "114,010", "Capital Lease Obligations": "1,683", "Net Tangible Assets": "114,010", "Working Capital": "5,850", "Invested Capital": "203,478", "Tangible Book Value": "114,010", "Total Debt": "100,706", "Net Debt": "-", "Share Issued": "108,819", "Ordinary Shares Number": "108,819"}}, "cf": {"TTM": {"Duration": "TTM", "Operating Cash Flow": "60,089", "Investing Cash Flow": "-54,700", "Financing Cash Flow": "2,053", "End Cash Position": "60,809", "Capital Expenditure": "-45,224", "Issuance of Capital Stock": "-", "Issuance of Debt": "9,114", "Repayment of Debt": "-11,694", "Free Cash Flow": "14,865"}, "12/31/2020": {"Duration": "12/31/2020", "Operating Cash Flow": "60,089", "Investing Cash Flow": "-54,700", "Financing Cash Flow": "2,053", "End Cash Position": "60,809", "Capital Expenditure": "-45,224", "Issuance of Capital Stock": "-", "Issuance of Debt": "9,114", "Repayment of Debt": "-11,694", "Free Cash Flow": "14,865"}, "12/31/2019": {"Duration": "12/31/2019", "Operating Cash Flow": "22,841", "Investing Cash Flow": "-67,411", "Financing Cash Flow": "1,430", "End Cash Position": "53,367", "Capital Expenditure": "-73,381", "Issuance of Capital Stock": "0", "Issuance of Debt": "57,386", "Repayment of Debt": "-57,225", "Free Cash Flow": "-50,540"}, "12/31/2018": {"Duration": "12/31/2018", "Operating Cash Flow": "-7,555", "Investing Cash Flow": "-47,951", "Financing Cash Flow": "124,226", "End Cash Position": "96,507", "Capital Expenditure": "-44,935", "Issuance of Capital Stock": "124,772", "Issuance of Debt": "35,000", "Repayment of Debt": "-35,607", "Free Cash Flow": "-52,490"}}}}, {"SAND": {"quote": {"03/29/2021": {"value": "6.84", "Market Cap": "1.332B", "Beta (5Y Monthly)": "0.99", "PE Ratio (TTM)": "97.71", "EPS (TTM)": "0.07", "Earnings Date": "N/A", "Forward Dividend & Yield": "N/A (N/A)", "Ex-Dividend Date": "N/A", "1y Target Est": "6.35"}}, "fin": {"TTM": {"Duration": "TTM", "Total Revenue": "93,025", "Cost of Revenue": "47,170", "Gross Profit": "45,855", "Operating Expense": "13,868", "Operating Income": "31,987", "Net Non Operating Interest Income Expense": "-1,792", "Other Income Expense": "-5,919", "Pretax Income": "24,276", "Tax Provision": "10,459", "Net Income Common Stockholders": "13,817", "Diluted NI Available to Com Stockholders": "13,817", "Basic EPS": "-", "Diluted EPS": "-", "Basic Average Shares": "-", "Diluted Average Shares": "-", "Total Expenses": "61,038", "Interest Income": "315", "Interest Expense": "2,107", "Net Interest Income": "-1,792", "Net Income from Continuing & Discontinued Operation": "13,817", "Normalized Income": "17,780", "EBIT": "26,383", "EBITDA": "59,994", "Reconciled Cost of Revenue": "47,170", "Reconciled Depreciation": "33,611", "Net Income from Continuing Operation Net Minority Interest": "13,817", "Total Unusual Items Excluding Goodwill": "-5,392", "Total Unusual Items": "-5,392", "Normalized EBITDA": "65,386", "Tax Rate for Calcs": "0", "Tax Effect of Unusual Items": "-1,429"}, "12/31/2020": {"Duration": "12/31/2020", "Total Revenue": "93,025", "Cost of Revenue": "47,170", "Gross Profit": "45,855", "Operating Expense": "13,868", "Operating Income": "31,987", "Net Non Operating Interest Income Expense": "-1,792", "Other Income Expense": "-5,919", "Pretax Income": "24,276", "Tax Provision": "10,459", "Net Income Common Stockholders": "13,817", "Diluted NI Available to Com Stockholders": "13,817", "Basic EPS": "-", "Diluted EPS": "-", "Basic Average Shares": "-", "Diluted Average Shares": "-", "Total Expenses": "61,038", "Interest Income": "315", "Interest Expense": "2,107", "Net Interest Income": "-1,792", "Net Income from Continuing & Discontinued Operation": "13,817", "Normalized Income": "17,780", "EBIT": "26,383", "EBITDA": "-", "Reconciled Cost of Revenue": "47,170", "Reconciled Depreciation": "33,611", "Net Income from Continuing Operation Net Minority Interest": "13,817", "Total Unusual Items Excluding Goodwill": "-5,392", "Total Unusual Items": "-5,392", "Normalized EBITDA": "65,386", "Tax Rate for Calcs": "0", "Tax Effect of Unusual Items": "-1,429"}, "12/31/2019": {"Duration": "12/31/2019", "Total Revenue": "89,434", "Cost of Revenue": "56,131", "Gross Profit": "33,303", "Operating Expense": "14,184", "Operating Income": "19,119", "Net Non Operating Interest Income Expense": "-2,747", "Other Income Expense": "6,636", "Pretax Income": "23,008", "Tax Provision": "6,611", "Net Income Common Stockholders": "16,397", "Diluted NI Available to Com Stockholders": "16,397", "Basic EPS": "0.09", "Diluted EPS": "0.09", "Basic Average Shares": "177,620", "Diluted Average Shares": "190,220", "Total Expenses": "70,315", "Interest Income": "756", "Interest Expense": "3,503", "Net Interest Income": "-2,747", "Net Income from Continuing & Discontinued Operation": "16,397", "Normalized Income": "11,615", "EBIT": "26,511", "EBITDA": "-", "Reconciled Cost of Revenue": "56,131", "Reconciled Depreciation": "38,291", "Net Income from Continuing Operation Net Minority Interest": "16,397", "Total Unusual Items Excluding Goodwill": "6,710", "Total Unusual Items": "6,710", "Normalized EBITDA": "58,092", "Tax Rate for Calcs": "0", "Tax Effect of Unusual Items": "1,928"}, "12/31/2018": {"Duration": "12/31/2018", "Total Revenue": "73,150", "Cost of Revenue": "45,031", "Gross Profit": "28,119", "Operating Expense": "11,253", "Operating Income": "16,866", "Net Non Operating Interest Income Expense": "-1,585", "Other Income Expense": "-6,577", "Pretax Income": "8,704", "Tax Provision": "2,832", "Net Income Common Stockholders": "5,872", "Diluted NI Available to Com Stockholders": "5,872", "Basic EPS": "0.03", "Diluted EPS": "0.03", "Basic Average Shares": "183,381", "Diluted Average Shares": "190,986", "Total Expenses": "56,284", "Interest Income": "76", "Interest Expense": "1,661", "Net Interest Income": "-1,585", "Net Income from Continuing & Discontinued Operation": "5,872", "Normalized Income": "10,309", "EBIT": "10,365", "EBITDA": "-", "Reconciled Cost of Revenue": "45,031", "Reconciled Depreciation": "30,091", "Net Income from Continuing Operation Net Minority Interest": "5,872", "Total Unusual Items Excluding Goodwill": "-6,577", "Total Unusual Items": "-6,577", "Normalized EBITDA": "47,033", "Tax Rate for Calcs": "0", "Tax Effect of Unusual Items": "-2,140"}}, "bs": {"12/31/2020": {"Duration": "12/31/2020", "Total Assets": "649,921", "Total Liabilities Net Minority Interest": "11,779", "Total Equity Gross Minority Interest": "638,142", "Total Capitalization": "638,142", "Common Stock Equity": "638,142", "Capital Lease Obligations": "2,868", "Net Tangible Assets": "638,142", "Working Capital": "120,942", "Invested Capital": "638,142", "Tangible Book Value": "638,142", "Total Debt": "2,868", "Net Debt": "-", "Share Issued": "195,253", "Ordinary Shares Number": "195,253"}, "12/31/2019": {"Duration": "12/31/2019", "Total Assets": "623,175", "Total Liabilities Net Minority Interest": "52,279", "Total Equity Gross Minority Interest": "570,896", "Total Capitalization": "615,896", "Common Stock Equity": "570,896", "Capital Lease Obligations": "3,414", "Net Tangible Assets": "570,896", "Working Capital": "24,279", "Invested Capital": "615,896", "Tangible Book Value": "570,896", "Total Debt": "48,414", "Net Debt": "38,029", "Share Issued": "177,228", "Ordinary Shares Number": "177,228"}, "12/31/2018": {"Duration": "12/31/2018", "Total Assets": "588,887", "Total Liabilities Net Minority Interest": "5,490", "Total Equity Gross Minority Interest": "583,397", "Total Capitalization": "583,397", "Common Stock Equity": "583,397", "Capital Lease Obligations": "-", "Net Tangible Assets": "583,397", "Working Capital": "21,719", "Invested Capital": "583,397", "Tangible Book Value": "583,397", "Total Debt": "-", "Net Debt": "-", "Share Issued": "180,882", "Ordinary Shares Number": "180,882"}}, "cf": {"TTM": {"Duration": "TTM", "Operating Cash Flow": "65,616", "Investing Cash Flow": "33,677", "Financing Cash Flow": "7,694", "End Cash Position": "113,776", "Capital Expenditure": "-3,476", "Issuance of Capital Stock": "-", "Issuance of Debt": "41,000", "Repayment of Debt": "-86,000", "Repurchase of Capital Stock": "-23,524", "Free Cash Flow": "62,140"}, "12/31/2020": {"Duration": "12/31/2020", "Operating Cash Flow": "65,616", "Investing Cash Flow": "33,677", "Financing Cash Flow": "7,694", "End Cash Position": "113,776", "Capital Expenditure": "-3,476", "Issuance of Capital Stock": "-", "Issuance of Debt": "41,000", "Repayment of Debt": "-86,000", "Repurchase of Capital Stock": "-23,524", "Free Cash Flow": "62,140"}, "12/31/2019": {"Duration": "12/31/2019", "Operating Cash Flow": "57,339", "Investing Cash Flow": "-65,031", "Financing Cash Flow": "8,749", "End Cash Position": "6,971", "Capital Expenditure": "-61,288", "Issuance of Capital Stock": "-", "Issuance of Debt": "92,500", "Repayment of Debt": "-47,500", "Repurchase of Capital Stock": "-46,613", "Free Cash Flow": "-3,949"}, "12/31/2018": {"Duration": "12/31/2018", "Operating Cash Flow": "46,582", "Investing Cash Flow": "-36,270", "Financing Cash Flow": "-17,151", "End Cash Position": "5,892", "Capital Expenditure": "-46,031", "Issuance of Capital Stock": "-", "Issuance of Debt": "16,000", "Repayment of Debt": "-16,000", "Repurchase of Capital Stock": "-20,464", "Free Cash Flow": "551"}}}}, {"THMG": {"quote": {"03/29/2021": {"value": "0.1800", "Market Cap": "10.826M", "Beta (5Y Monthly)": "0.23", "PE Ratio (TTM)": "6.43", "EPS (TTM)": "0.0280", "Earnings Date": "Apr 29, 2020", "Forward Dividend & Yield": "N/A (N/A)", "Ex-Dividend Date": "N/A", "1y Target Est": "N/A"}}, "fin": {"TTM": {"Duration": "TTM", "Total Revenue": "800", "Cost of Revenue": "23.785", "Gross Profit": "776.215", "Operating Expense": "639.13", "Operating Income": "137.085", "Net Non Operating Interest Income Expense": "-15.813", "Other Income Expense": "1,576", "Pretax Income": "1,697", "Net Income Common Stockholders": "1,692", "Diluted NI Available to Com Stockholders": "1,692", "Basic EPS": "-", "Diluted EPS": "-", "Basic Average Shares": "-", "Diluted Average Shares": "-", "Total Expenses": "662.915", "Interest Income": "-", "Interest Expense": "15.813", "Net Interest Income": "-15.813", "Net Income from Continuing & Discontinued Operation": "1,692", "Normalized Income": "540.4829", "EBIT": "1,713", "EBITDA": "1,737", "Reconciled Cost of Revenue": "23.785", "Reconciled Depreciation": "23.785", "Net Income from Continuing Operation Net Minority Interest": "1,692", "Total Unusual Items Excluding Goodwill": "1,578", "Total Unusual Items": "1,578", "Normalized EBITDA": "159.066", "Tax Rate for Calcs": "0", "Tax Effect of Unusual Items": "426.0149"}, "12/31/2019": {"Duration": "12/31/2019", "Total Revenue": "1,954", "Cost of Revenue": "32.31", "Gross Profit": "1,922", "Operating Expense": "662.985", "Operating Income": "1,259", "Net Non Operating Interest Income Expense": "-21.29", "Other Income Expense": "-150.73", "Pretax Income": "1,087", "Net Income Common Stockholders": "1,082", "Diluted NI Available to Com Stockholders": "1,082", "Basic EPS": "0.02", "Diluted EPS": "0.02", "Basic Average Shares": "59,043", "Diluted Average Shares": "59,330", "Total Expenses": "695.295", "Interest Income": "-", "Interest Expense": "21.29", "Net Interest Income": "-21.29", "Net Income from Continuing & Discontinued Operation": "1,082", "Normalized Income": "1,190", "EBIT": "1,108", "EBITDA": "-", "Reconciled Cost of Revenue": "32.31", "Reconciled Depreciation": "32.31", "Net Income from Continuing Operation Net Minority Interest": "1,082", "Total Unusual Items Excluding Goodwill": "-148.045", "Total Unusual Items": "-148.045", "Normalized EBITDA": "1,289", "Tax Rate for Calcs": "0", "Tax Effect of Unusual Items": "-39.9722"}, "12/31/2018": {"Duration": "12/31/2018", "Total Revenue": "0", "Cost of Revenue": "48.425", "Gross Profit": "-48.425", "Operating Expense": "559.368", "Operating Income": "-607.793", "Net Non Operating Interest Income Expense": "-28.739", "Other Income Expense": "3.845", "Pretax Income": "-632.687", "Net Income Common Stockholders": "-637.687", "Diluted NI Available to Com Stockholders": "-637.687", "Basic EPS": "-0.01", "Diluted EPS": "-0.01", "Basic Average Shares": "57,208", "Diluted Average Shares": "57,208", "Total Expenses": "607.793", "Interest Income": "-", "Interest Expense": "28.739", "Net Interest Income": "-28.739", "Net Income from Continuing & Discontinued Operation": "-637.687", "Normalized Income": "-637.234", "EBIT": "-603.948", "EBITDA": "-", "Reconciled Cost of Revenue": "48.425", "Reconciled Depreciation": "48.425", "Net Income from Continuing Operation Net Minority Interest": "-637.687", "Total Unusual Items Excluding Goodwill": "-0.453", "Total Unusual Items": "-0.453", "Normalized EBITDA": "-555.07", "Tax Rate for Calcs": "0", "Tax Effect of Unusual Items": "0"}}, "bs": {"12/31/2019": {"Duration": "12/31/2019", "Total Assets": "2,330", "Total Liabilities Net Minority Interest": "1,695", "Total Equity Gross Minority Interest": "634.697", "Total Capitalization": "460.995", "Common Stock Equity": "460.995", "Capital Lease Obligations": "16.625", "Net Tangible Assets": "460.995", "Working Capital": "-1,358", "Invested Capital": "567.571", "Tangible Book Value": "460.995", "Total Debt": "123.201", "Net Debt": "-", "Share Issued": "60,157", "Ordinary Shares Number": "60,146", "Treasury Shares Number": "11.7"}, "12/31/2018": {"Duration": "12/31/2018", "Total Assets": "851.166", "Total Liabilities Net Minority Interest": "1,666", "Total Equity Gross Minority Interest": "-814.474", "Total Capitalization": "-988.176", "Common Stock Equity": "-988.176", "Capital Lease Obligations": "-", "Net Tangible Assets": "-988.176", "Working Capital": "-1,568", "Invested Capital": "-861.6", "Tangible Book Value": "-988.176", "Total Debt": "126.576", "Net Debt": "122.866", "Share Issued": "57,657", "Ordinary Shares Number": "57,646", "Treasury Shares Number": "11.7"}}, "cf": {"TTM": {"Duration": "TTM", "Operating Cash Flow": "-216.615", "Investing Cash Flow": "500", "Financing Cash Flow": "13", "End Cash Position": "343.729", "Interest Paid Supplemental Data": "-", "Issuance of Capital Stock": "0", "Issuance of Debt": "38", "Repayment of Debt": "-20", "Free Cash Flow": "-216.615"}, "12/31/2019": {"Duration": "12/31/2019", "Operating Cash Flow": "-316.295", "Investing Cash Flow": "350", "Financing Cash Flow": "215", "End Cash Position": "252.415", "Interest Paid Supplemental Data": "0.736", "Issuance of Capital Stock": "250", "Issuance of Debt": "40", "Repayment of Debt": "-70", "Free Cash Flow": "-316.295"}, "12/31/2018": {"Duration": "12/31/2018", "Operating Cash Flow": "-280.323", "Investing Cash Flow": "0", "Financing Cash Flow": "247.579", "End Cash Position": "3.71", "Interest Paid Supplemental Data": "-", "Issuance of Capital Stock": "252.988", "Issuance of Debt": "0", "Repayment of Debt": "-", "Free Cash Flow": "-280.323"}}}}, {"SRGZ": {"quote": {"03/29/2021": {"value": "0.0400", "Market Cap": "3.892M", "Beta (5Y Monthly)": "0.98", "PE Ratio (TTM)": "N/A", "EPS (TTM)": "-0.0060", "Earnings Date": "N/A", "Forward Dividend & Yield": "N/A (N/A)", "Ex-Dividend Date": "N/A", "1y Target Est": "N/A"}}, "fin": {"TTM": {"Duration": "TTM", "Total Revenue": "0", "Cost of Revenue": "1.665", "Gross Profit": "-1.665", "Operating Expense": "525.593", "Operating Income": "-527.258", "Net Non Operating Interest Income Expense": "-2.665", "Pretax Income": "-529.923", "Tax Provision": "0", "Net Income Common Stockholders": "-529.923", "Diluted NI Available to Com Stockholders": "-529.923", "Basic EPS": "-", "Diluted EPS": "-", "Basic Average Shares": "-", "Diluted Average Shares": "-", "Total Operating Income as Reported": "-527.258", "Rent Expense Supplemental": "-", "Total Expenses": "527.258", "Interest Income": "0.139", "Interest Expense": "2.804", "Net Interest Income": "-2.665", "Net Income from Continuing & Discontinued Operation": "-529.923", "Normalized Income": "-529.923", "EBIT": "-527.119", "EBITDA": "-525.454", "Reconciled Cost of Revenue": "1.665", "Reconciled Depreciation": "1.665", "Net Income from Continuing Operation Net Minority Interest": "-529.923", "Normalized EBITDA": "-525.454", "Tax Rate for Calcs": "0", "Tax Effect of Unusual Items": "0"}, "4/30/2020": {"Duration": "4/30/2020", "Total Revenue": "0", "Cost of Revenue": "1.666", "Gross Profit": "-1.666", "Operating Expense": "452.622", "Operating Income": "-454.288", "Net Non Operating Interest Income Expense": "-0.562", "Pretax Income": "-454.85", "Tax Provision": "0", "Net Income Common Stockholders": "-454.85", "Diluted NI Available to Com Stockholders": "-454.85", "Basic EPS": "-0.01", "Diluted EPS": "-0.01", "Basic Average Shares": "77,395", "Diluted Average Shares": "77,395", "Total Operating Income as Reported": "-454.288", "Rent Expense Supplemental": "0", "Total Expenses": "454.288", "Interest Income": "0.76", "Interest Expense": "1.322", "Net Interest Income": "-0.562", "Net Income from Continuing & Discontinued Operation": "-454.85", "Normalized Income": "-454.85", "EBIT": "-453.528", "EBITDA": "-", "Reconciled Cost of Revenue": "1.666", "Reconciled Depreciation": "1.666", "Net Income from Continuing Operation Net Minority Interest": "-454.85", "Normalized EBITDA": "-451.862", "Tax Rate for Calcs": "0", "Tax Effect of Unusual Items": "0"}, "4/30/2019": {"Duration": "4/30/2019", "Total Revenue": "0", "Cost of Revenue": "1.665", "Gross Profit": "-1.665", "Operating Expense": "335.519", "Operating Income": "-337.184", "Net Non Operating Interest Income Expense": "1.48", "Pretax Income": "-335.704", "Tax Provision": "0", "Net Income Common Stockholders": "-335.704", "Diluted NI Available to Com Stockholders": "-335.704", "Basic EPS": "-0.00", "Diluted EPS": "-0.00", "Basic Average Shares": "76,924", "Diluted Average Shares": "76,924", "Total Operating Income as Reported": "-337.184", "Rent Expense Supplemental": "1.5", "Total Expenses": "337.184", "Interest Income": "2.313", "Interest Expense": "0.833", "Net Interest Income": "1.48", "Net Income from Continuing & Discontinued Operation": "-335.704", "Normalized Income": "-335.704", "EBIT": "-334.871", "EBITDA": "-", "Reconciled Cost of Revenue": "1.665", "Reconciled Depreciation": "1.665", "Net Income from Continuing Operation Net Minority Interest": "-335.704", "Normalized EBITDA": "-333.206", "Tax Rate for Calcs": "0", "Tax Effect of Unusual Items": "0"}, "4/30/2018": {"Duration": "4/30/2018", "Total Revenue": "0", "Cost of Revenue": "0.347", "Gross Profit": "-0.347", "Operating Expense": "426.92", "Operating Income": "-427.267", "Net Non Operating Interest Income Expense": "0.118", "Pretax Income": "-427.149", "Tax Provision": "0", "Net Income Common Stockholders": "-427.149", "Diluted NI Available to Com Stockholders": "-427.149", "Basic EPS": "-0.01", "Diluted EPS": "-0.01", "Basic Average Shares": "66,375", "Diluted Average Shares": "66,375", "Total Operating Income as Reported": "-427.267", "Rent Expense Supplemental": "3", "Total Expenses": "427.267", "Interest Income": "0.896", "Interest Expense": "0.778", "Net Interest Income": "0.118", "Net Income from Continuing & Discontinued Operation": "-427.149", "Normalized Income": "-427.149", "EBIT": "-426.371", "EBITDA": "-", "Reconciled Cost of Revenue": "0.347", "Reconciled Depreciation": "0.347", "Net Income from Continuing Operation Net Minority Interest": "-427.149", "Normalized EBITDA": "-426.024", "Tax Rate for Calcs": "0", "Tax Effect of Unusual Items": "0"}}, "bs": {"4/30/2020": {"Duration": "4/30/2020", "Total Assets": "679.833", "Total Liabilities Net Minority Interest": "183.46", "Total Equity Gross Minority Interest": "496.373", "Total Capitalization": "546.373", "Common Stock Equity": "496.373", "Net Tangible Assets": "496.373", "Working Capital": "-66.512", "Invested Capital": "546.373", "Tangible Book Value": "496.373", "Total Debt": "50", "Net Debt": "23.383", "Share Issued": "77,395", "Ordinary Shares Number": "77,395"}, "4/30/2019": {"Duration": "4/30/2019", "Total Assets": "954.425", "Total Liabilities Net Minority Interest": "19.246", "Total Equity Gross Minority Interest": "935.179", "Total Capitalization": "935.179", "Common Stock Equity": "935.179", "Net Tangible Assets": "935.179", "Working Capital": "443.915", "Invested Capital": "935.179", "Tangible Book Value": "935.179", "Total Debt": "-", "Net Debt": "-", "Share Issued": "77,395", "Ordinary Shares Number": "77,395"}, "4/30/2018": {"Duration": "4/30/2018", "Total Assets": "1,307", "Total Liabilities Net Minority Interest": "95.911", "Total Equity Gross Minority Interest": "1,211", "Total Capitalization": "1,211", "Common Stock Equity": "1,211", "Net Tangible Assets": "1,211", "Working Capital": "759.151", "Invested Capital": "1,211", "Tangible Book Value": "1,211", "Total Debt": "-", "Net Debt": "-", "Share Issued": "76,434", "Ordinary Shares Number": "76,434"}}, "cf": {"TTM": {"Duration": "TTM", "Operating Cash Flow": "-538.537", "Investing Cash Flow": "-12", "Financing Cash Flow": "877.318", "End Cash Position": "346.816", "Interest Paid Supplemental Data": "-", "Capital Expenditure": "-12", "Issuance of Capital Stock": "-", "Issuance of Debt": "80", "Repayment of Debt": "-", "Free Cash Flow": "-550.537"}, "4/30/2020": {"Duration": "4/30/2020", "Operating Cash Flow": "-333.899", "Investing Cash Flow": "-129.8", "Financing Cash Flow": "50", "End Cash Position": "26.617", "Interest Paid Supplemental Data": "0.903", "Capital Expenditure": "-62", "Issuance of Capital Stock": "-", "Issuance of Debt": "50", "Repayment of Debt": "-", "Free Cash Flow": "-395.899"}, "4/30/2019": {"Duration": "4/30/2019", "Operating Cash Flow": "-340.11", "Investing Cash Flow": "-52", "Financing Cash Flow": "0", "End Cash Position": "440.316", "Interest Paid Supplemental Data": "0.833", "Capital Expenditure": "-52", "Issuance of Capital Stock": "0", "Issuance of Debt": "-", "Repayment of Debt": "-", "Free Cash Flow": "-392.11"}, "4/30/2018": {"Duration": "4/30/2018", "Operating Cash Flow": "-304.843", "Investing Cash Flow": "-51.995", "Financing Cash Flow": "1,080", "End Cash Position": "832.426", "Interest Paid Supplemental Data": "0.778", "Capital Expenditure": "-51.995", "Issuance of Capital Stock": "1,080", "Issuance of Debt": "0", "Repayment of Debt": "0", "Free Cash Flow": "-356.838"}}}}, {"PGOL": {"quote": {"03/29/2021": {"value": "0.1294", "Market Cap": "9.625M", "Beta (5Y Monthly)": "1.15", "PE Ratio (TTM)": "6.81", "EPS (TTM)": "0.0190", "Earnings Date": "N/A", "Forward Dividend & Yield": "N/A (N/A)", "Ex-Dividend Date": "N/A", "1y Target Est": "N/A"}}, "fin": {"TTM": {"Duration": "TTM", "Total Revenue": "864.779", "Cost of Revenue": "-", "Gross Profit": "-", "Operating Expense": "996.133", "Operating Income": "-131.354", "Other Income Expense": "-150.09", "Pretax Income": "-281.444", "Net Income Common Stockholders": "-281.443", "Diluted NI Available to Com Stockholders": "-281.443", "Basic EPS": "-", "Diluted EPS": "-", "Basic Average Shares": "-", "Diluted Average Shares": "-", "Total Operating Income as Reported": "-131.354", "Total Expenses": "996.133", "Net Income from Continuing & Discontinued Operation": "-281.443", "Normalized Income": "-119.017", "EBIT": "-131.354", "EBITDA": "-131.354", "Reconciled Cost of Revenue": "-", "Net Income from Continuing Operation Net Minority Interest": "-281.443", "Total Unusual Items Excluding Goodwill": "-162.426", "Total Unusual Items": "-162.426", "Normalized EBITDA": "31.072", "Tax Rate for Calcs": "0", "Tax Effect of Unusual Items": "0"}, "5/31/2019": {"Duration": "5/31/2019", "Total Revenue": "864.779", "Cost of Revenue": "-", "Gross Profit": "-", "Operating Expense": "996.133", "Operating Income": "-131.354", "Other Income Expense": "-150.09", "Pretax Income": "-281.444", "Net Income Common Stockholders": "-281.443", "Diluted NI Available to Com Stockholders": "-281.443", "Basic EPS": "-", "Diluted EPS": "-", "Basic Average Shares": "-", "Diluted Average Shares": "-", "Total Operating Income as Reported": "-131.354", "Total Expenses": "996.133", "Net Income from Continuing & Discontinued Operation": "-281.443", "Normalized Income": "-119.017", "EBIT": "-131.354", "EBITDA": "-", "Reconciled Cost of Revenue": "-", "Net Income from Continuing Operation Net Minority Interest": "-281.443", "Total Unusual Items Excluding Goodwill": "-162.426", "Total Unusual Items": "-162.426", "Normalized EBITDA": "31.072", "Tax Rate for Calcs": "0", "Tax Effect of Unusual Items": "0"}, "5/31/2018": {"Duration": "5/31/2018", "Total Revenue": "0", "Cost of Revenue": "-", "Gross Profit": "-", "Operating Expense": "809.148", "Operating Income": "-809.148", "Other Income Expense": "-302.838", "Pretax Income": "-1,112", "Net Income Common Stockholders": "-1,112", "Diluted NI Available to Com Stockholders": "-1,112", "Basic EPS": "-0.02", "Diluted EPS": "-0.02", "Basic Average Shares": "56,379", "Diluted Average Shares": "56,379", "Total Operating Income as Reported": "-809.148", "Total Expenses": "809.148", "Net Income from Continuing & Discontinued Operation": "-1,112", "Normalized Income": "-809.148", "EBIT": "-809.148", "EBITDA": "-", "Reconciled Cost of Revenue": "-", "Net Income from Continuing Operation Net Minority Interest": "-1,112", "Total Unusual Items Excluding Goodwill": "-302.838", "Total Unusual Items": "-302.838", "Normalized EBITDA": "-506.31", "Tax Rate for Calcs": "0", "Tax Effect of Unusual Items": "0"}}, "bs": {"5/31/2019": {"Duration": "5/31/2019", "Total Assets": "1,706", "Total Liabilities Net Minority Interest": "233.076", "Total Equity Gross Minority Interest": "1,473", "Total Capitalization": "1,473", "Preferred Stock Equity": "0.29", "Common Stock Equity": "1,472", "Net Tangible Assets": "1,473", "Working Capital": "467.595", "Invested Capital": "1,472", "Tangible Book Value": "1,472", "Share Issued": "74,280", "Ordinary Shares Number": "74,280"}, "5/31/2018": {"Duration": "5/31/2018", "Total Assets": "718.388", "Total Liabilities Net Minority Interest": "53.056", "Total Equity Gross Minority Interest": "665.332", "Total Capitalization": "665.332", "Preferred Stock Equity": "0.29", "Common Stock Equity": "665.042", "Net Tangible Assets": "665.332", "Working Capital": "665.332", "Invested Capital": "665.042", "Tangible Book Value": "665.042", "Share Issued": "58,409", "Ordinary Shares Number": "58,409"}}, "cf": {"TTM": {"Duration": "TTM", "Operating Cash Flow": "-46.471", "Investing Cash Flow": "-226.947", "Financing Cash Flow": "2", "End Cash Position": "113.35", "Income Tax Paid Supplemental Data": "0", "Interest Paid Supplemental Data": "0", "Capital Expenditure": "-300", "Issuance of Capital Stock": "0", "Repurchase of Capital Stock": "0", "Free Cash Flow": "-346.471"}, "5/31/2019": {"Duration": "5/31/2019", "Operating Cash Flow": "-46.471", "Investing Cash Flow": "-226.947", "Financing Cash Flow": "2", "End Cash Position": "113.35", "Income Tax Paid Supplemental Data": "0", "Interest Paid Supplemental Data": "0", "Capital Expenditure": "-300", "Issuance of Capital Stock": "0", "Repurchase of Capital Stock": "0", "Free Cash Flow": "-346.471"}, "5/31/2018": {"Duration": "5/31/2018", "Operating Cash Flow": "-399.915", "Investing Cash Flow": "-197.442", "Financing Cash Flow": "5.407", "End Cash Position": "384.768", "Income Tax Paid Supplemental Data": "0", "Interest Paid Supplemental Data": "0", "Capital Expenditure": "-", "Issuance of Capital Stock": "14.5", "Repurchase of Capital Stock": "-9.093", "Free Cash Flow": "-399.915"}}}}, {"GBGD": {"quote": {"03/29/2021": {"value": "0.5500", "Market Cap": "277,906", "Beta (5Y Monthly)": "-0.44", "PE Ratio (TTM)": "N/A", "EPS (TTM)": "-4.3790", "Earnings Date": "N/A", "Forward Dividend & Yield": "N/A (N/A)", "Ex-Dividend Date": "N/A", "1y Target Est": "N/A"}}, "fin": {}, "bs": {}, "cf": {}}}, {"GLLA": {"quote": {"03/29/2021": {"value": "0.0007", "Market Cap": "100,672", "Beta (5Y Monthly)": "13.97", "PE Ratio (TTM)": "N/A", "EPS (TTM)": "-0.0420", "Earnings Date": "Aug 17, 2018 - Aug 20, 2018", "Forward Dividend & Yield": "N/A (N/A)", "Ex-Dividend Date": "N/A", "1y Target Est": "0.57"}}, "fin": {"TTM": {"Duration": "TTM", "Total Revenue": "4,198", "Cost of Revenue": "1,438", "Gross Profit": "2,760", "Operating Expense": "6,093", "Operating Income": "-3,333", "Net Non Operating Interest Income Expense": "-1,796", "Other Income Expense": "-740.623", "Pretax Income": "-5,869", "Tax Provision": "-108.035", "Net Income Common Stockholders": "-5,761", "Diluted NI Available to Com Stockholders": "-5,761", "Basic EPS": "-", "Diluted EPS": "-", "Basic Average Shares": "-", "Diluted Average Shares": "-", "Total Operating Income as Reported": "-3,765", "Total Expenses": "7,531", "Net Interest Income": "-1,796", "Net Income from Continuing & Discontinued Operation": "-5,761", "Normalized Income": "-5,221", "EBIT": "-3,333", "EBITDA": "-3,056", "Reconciled Cost of Revenue": "1,438", "Reconciled Depreciation": "276.826", "Net Income from Continuing Operation Net Minority Interest": "-5,761", "Total Unusual Items Excluding Goodwill": "-740.623", "Total Unusual Items": "-740.623", "Normalized EBITDA": "-2,316", "Tax Rate for Calcs": "0", "Tax Effect of Unusual Items": "-199.9682"}}, "bs": {}, "cf": {"TTM": {"Duration": "TTM", "Operating Cash Flow": "-1,485", "Investing Cash Flow": "-71.345", "Financing Cash Flow": "1,258", "End Cash Position": "15.404", "Income Tax Paid Supplemental Data": "0", "Interest Paid Supplemental Data": "211.894", "Capital Expenditure": "-71.345", "Issuance of Capital Stock": "503.499", "Issuance of Debt": "1,092", "Repayment of Debt": "-275.039", "Free Cash Flow": "-1,556"}}}}, {"THM": {"quote": {"03/29/2021": {"value": "1.0900", "Market Cap": "211.865M", "Beta (5Y Monthly)": "0.79", "PE Ratio (TTM)": "N/A", "EPS (TTM)": "-0.0240", "Earnings Date": "N/A", "Forward Dividend & Yield": "N/A (N/A)", "Ex-Dividend Date": "N/A", "1y Target Est": "5.00"}}, "fin": {"TTM": {"Duration": "TTM", "Total Revenue": "0", "Cost of Revenue": "7.602", "Gross Profit": "-7.602", "Operating Expense": "4,407", "Operating Income": "-4,415", "Net Non Operating Interest Income Expense": "76.361", "Other Income Expense": "-180.25", "Pretax Income": "-4,519", "Net Income Common Stockholders": "-4,519", "Diluted NI Available to Com Stockholders": "-4,519", "Basic EPS": "-", "Diluted EPS": "-", "Basic Average Shares": "-", "Diluted Average Shares": "-", "Rent Expense Supplemental": "135.762", "Total Expenses": "4,415", "Interest Income": "76.361", "Net Interest Income": "76.361", "Net Income from Continuing & Discontinued Operation": "-4,519", "Normalized Income": "-4,328", "EBIT": "-4,415", "EBITDA": "-4,407", "Reconciled Cost of Revenue": "7.602", "Reconciled Depreciation": "7.602", "Net Income from Continuing Operation Net Minority Interest": "-4,519", "Total Unusual Items Excluding Goodwill": "-191.071", "Total Unusual Items": "-191.071", "Normalized EBITDA": "-4,216", "Tax Rate for Calcs": "0", "Tax Effect of Unusual Items": "0"}, "12/31/2020": {"Duration": "12/31/2020", "Total Revenue": "0", "Cost of Revenue": "7.602", "Gross Profit": "-7.602", "Operating Expense": "4,407", "Operating Income": "-4,415", "Net Non Operating Interest Income Expense": "76.361", "Other Income Expense": "-180.25", "Pretax Income": "-4,519", "Net Income Common Stockholders": "-4,519", "Diluted NI Available to Com Stockholders": "-4,519", "Basic EPS": "-", "Diluted EPS": "-", "Basic Average Shares": "-", "Diluted Average Shares": "-", "Rent Expense Supplemental": "135.762", "Total Expenses": "4,415", "Interest Income": "76.361", "Net Interest Income": "76.361", "Net Income from Continuing & Discontinued Operation": "-4,519", "Normalized Income": "-4,328", "EBIT": "-4,415", "EBITDA": "-", "Reconciled Cost of Revenue": "7.602", "Reconciled Depreciation": "7.602", "Net Income from Continuing Operation Net Minority Interest": "-4,519", "Total Unusual Items Excluding Goodwill": "-191.071", "Total Unusual Items": "-191.071", "Normalized EBITDA": "-4,216", "Tax Rate for Calcs": "0", "Tax Effect of Unusual Items": "0"}, "12/31/2019": {"Duration": "12/31/2019", "Total Revenue": "0", "Cost of Revenue": "2.316", "Gross Profit": "-2.316", "Operating Expense": "3,648", "Operating Income": "-3,650", "Net Non Operating Interest Income Expense": "164.533", "Other Income Expense": "-340.471", "Pretax Income": "-3,826", "Net Income Common Stockholders": "-3,826", "Diluted NI Available to Com Stockholders": "-3,826", "Basic EPS": "-0.02", "Diluted EPS": "-0.02", "Basic Average Shares": "187,360", "Diluted Average Shares": "187,360", "Rent Expense Supplemental": "135.737", "Total Expenses": "3,650", "Interest Income": "164.533", "Net Interest Income": "164.533", "Net Income from Continuing & Discontinued Operation": "-3,826", "Normalized Income": "-3,420", "EBIT": "-3,650", "EBITDA": "-", "Reconciled Cost of Revenue": "2.316", "Reconciled Depreciation": "2.316", "Net Income from Continuing Operation Net Minority Interest": "-3,826", "Total Unusual Items Excluding Goodwill": "-406.454", "Total Unusual Items": "-406.454", "Normalized EBITDA": "-3,242", "Tax Rate for Calcs": "0", "Tax Effect of Unusual Items": "0"}, "12/31/2018": {"Duration": "12/31/2018", "Total Revenue": "0", "Cost of Revenue": "3.043", "Gross Profit": "-3.043", "Operating Expense": "4,865", "Operating Income": "-4,868", "Net Non Operating Interest Income Expense": "119.106", "Other Income Expense": "557.08", "Pretax Income": "-4,192", "Net Income Common Stockholders": "-4,192", "Diluted NI Available to Com Stockholders": "-4,192", "Basic EPS": "-0.02", "Diluted EPS": "-0.02", "Basic Average Shares": "181,984", "Diluted Average Shares": "181,984", "Rent Expense Supplemental": "135.736", "Total Expenses": "4,868", "Interest Income": "119.106", "Net Interest Income": "119.106", "Net Income from Continuing & Discontinued Operation": "-4,192", "Normalized Income": "-4,714", "EBIT": "-4,868", "EBITDA": "-", "Reconciled Cost of Revenue": "3.043", "Reconciled Depreciation": "3.043", "Net Income from Continuing Operation Net Minority Interest": "-4,192", "Total Unusual Items Excluding Goodwill": "522.248", "Total Unusual Items": "522.248", "Normalized EBITDA": "-5,387", "Tax Rate for Calcs": "0", "Tax Effect of Unusual Items": "0"}}, "bs": {"12/31/2020": {"Duration": "12/31/2020", "Total Assets": "68,594", "Total Liabilities Net Minority Interest": "492.991", "Total Equity Gross Minority Interest": "68,101", "Total Capitalization": "68,101", "Common Stock Equity": "68,101", "Net Tangible Assets": "68,101", "Working Capital": "12,718", "Invested Capital": "68,101", "Tangible Book Value": "68,101", "Share Issued": "194,908", "Ordinary Shares Number": "194,908"}, "12/31/2019": {"Duration": "12/31/2019", "Total Assets": "62,567", "Total Liabilities Net Minority Interest": "335.757", "Total Equity Gross Minority Interest": "62,231", "Total Capitalization": "62,231", "Common Stock Equity": "62,231", "Net Tangible Assets": "62,231", "Working Capital": "6,840", "Invested Capital": "62,231", "Tangible Book Value": "62,231", "Share Issued": "187,574", "Ordinary Shares Number": "187,574"}, "12/31/2018": {"Duration": "12/31/2018", "Total Assets": "65,724", "Total Liabilities Net Minority Interest": "547.953", "Total Equity Gross Minority Interest": "65,176", "Total Capitalization": "65,176", "Common Stock Equity": "65,176", "Net Tangible Assets": "65,176", "Working Capital": "9,885", "Invested Capital": "65,176", "Tangible Book Value": "65,176", "Share Issued": "186,991", "Ordinary Shares Number": "186,991"}}, "cf": {"TTM": {"Duration": "TTM", "Operating Cash Flow": "-3,889", "Investing Cash Flow": "0", "Financing Cash Flow": "9,818", "End Cash Position": "13,049", "Capital Expenditure": "-", "Issuance of Capital Stock": "10,299", "Free Cash Flow": "-3,889"}, "12/31/2020": {"Duration": "12/31/2020", "Operating Cash Flow": "-3,889", "Investing Cash Flow": "0", "Financing Cash Flow": "9,818", "End Cash Position": "13,049", "Capital Expenditure": "-", "Issuance of Capital Stock": "10,299", "Free Cash Flow": "-3,889"}, "12/31/2019": {"Duration": "12/31/2019", "Operating Cash Flow": "-3,660", "Investing Cash Flow": "-101.692", "Financing Cash Flow": "64.254", "End Cash Position": "6,938", "Capital Expenditure": "-101.692", "Issuance of Capital Stock": "64.254", "Free Cash Flow": "-3,761"}, "12/31/2018": {"Duration": "12/31/2018", "Operating Cash Flow": "-3,492", "Investing Cash Flow": "-54.872", "Financing Cash Flow": "12,070", "End Cash Position": "10,229", "Capital Expenditure": "-69.391", "Issuance of Capital Stock": "12,181", "Free Cash Flow": "-3,561"}}}}, {"NG": {"quote": {"03/29/2021": {"value": "9.05", "Market Cap": "2.994B", "Beta (5Y Monthly)": "0.40", "PE Ratio (TTM)": "N/A", "EPS (TTM)": "-0.10", "Earnings Date": "N/A", "Forward Dividend & Yield": "N/A (N/A)", "Ex-Dividend Date": "N/A", "1y Target Est": "7.25"}}, "fin": {"TTM": {"Duration": "TTM", "Total Revenue": "0", "Cost of Revenue": "7", "Gross Profit": "-7", "Operating Expense": "18,728", "Operating Income": "-18,735", "Net Non Operating Interest Income Expense": "-4,270", "Other Income Expense": "-11,340", "Pretax Income": "-34,345", "Tax Provision": "-781", "Net Income Common Stockholders": "-33,564", "Diluted NI Available to Com Stockholders": "-33,564", "Basic EPS": "-", "Diluted EPS": "-", "Basic Average Shares": "-", "Diluted Average Shares": "-", "Total Operating Income as Reported": "-33,237", "Total Expenses": "18,735", "Interest Income": "1,744", "Interest Expense": "6,014", "Net Interest Income": "-4,270", "Net Income from Continuing & Discontinued Operation": "-33,564", "Normalized Income": "-33,393", "EBIT": "-28,331", "EBITDA": "-28,331", "Reconciled Cost of Revenue": "7", "Net Income from Continuing Operation Net Minority Interest": "-33,564", "Total Unusual Items Excluding Goodwill": "-175", "Total Unusual Items": "-175", "Normalized EBITDA": "-28,156", "Tax Rate for Calcs": "0", "Tax Effect of Unusual Items": "-4.025"}, "11/30/2020": {"Duration": "11/30/2020", "Total Revenue": "0", "Cost of Revenue": "7", "Gross Profit": "-7", "Operating Expense": "18,728", "Operating Income": "-18,735", "Net Non Operating Interest Income Expense": "-4,270", "Other Income Expense": "-11,340", "Pretax Income": "-34,345", "Tax Provision": "-781", "Net Income Common Stockholders": "-33,564", "Diluted NI Available to Com Stockholders": "-33,564", "Basic EPS": "-", "Diluted EPS": "-", "Basic Average Shares": "-", "Diluted Average Shares": "-", "Total Operating Income as Reported": "-33,237", "Total Expenses": "18,735", "Interest Income": "1,744", "Interest Expense": "6,014", "Net Interest Income": "-4,270", "Net Income from Continuing & Discontinued Operation": "-33,564", "Normalized Income": "-33,393", "EBIT": "-28,331", "EBITDA": "-", "Reconciled Cost of Revenue": "7", "Net Income from Continuing Operation Net Minority Interest": "-33,564", "Total Unusual Items Excluding Goodwill": "-175", "Total Unusual Items": "-175", "Normalized EBITDA": "-28,156", "Tax Rate for Calcs": "0", "Tax Effect of Unusual Items": "-4.025"}, "11/30/2019": {"Duration": "11/30/2019", "Total Revenue": "0", "Cost of Revenue": "15", "Gross Profit": "-15", "Operating Expense": "16,306", "Operating Income": "-16,321", "Net Non Operating Interest Income Expense": "124", "Other Income Expense": "-10,286", "Pretax Income": "-26,483", "Tax Provision": "1,278", "Net Income Common Stockholders": "-27,761", "Diluted NI Available to Com Stockholders": "-27,761", "Basic EPS": "-0.09", "Diluted EPS": "-0.09", "Basic Average Shares": "325,785", "Diluted Average Shares": "325,785", "Total Operating Income as Reported": "-26,812", "Total Expenses": "16,321", "Interest Income": "4,190", "Interest Expense": "7,286", "Net Interest Income": "124", "Net Income from Continuing & Discontinued Operation": "-27,761", "Normalized Income": "-27,843", "EBIT": "-19,197", "EBITDA": "-", "Reconciled Cost of Revenue": "15", "Net Income from Continuing Operation Net Minority Interest": "-27,761", "Total Unusual Items Excluding Goodwill": "113", "Total Unusual Items": "113", "Normalized EBITDA": "-19,310", "Tax Rate for Calcs": "0", "Tax Effect of Unusual Items": "30.51"}, "11/30/2018": {"Duration": "11/30/2018", "Total Revenue": "0", "Cost of Revenue": "22", "Gross Profit": "-22", "Operating Expense": "18,471", "Operating Income": "-18,493", "Net Non Operating Interest Income Expense": "-4,463", "Other Income Expense": "-7,984", "Pretax Income": "-30,940", "Tax Provision": "526", "Net Income Common Stockholders": "-112,765", "Diluted NI Available to Com Stockholders": "-112,765", "Basic EPS": "-0.35", "Diluted EPS": "-0.35", "Basic Average Shares": "322,487", "Diluted Average Shares": "322,487", "Total Operating Income as Reported": "-27,291", "Total Expenses": "18,493", "Interest Income": "1,998", "Interest Expense": "6,461", "Net Interest Income": "-4,463", "Net Income from Continuing & Discontinued Operation": "-112,765", "Normalized Income": "-31,286", "EBIT": "-24,479", "EBITDA": "-", "Reconciled Cost of Revenue": "22", "Net Income from Continuing Operation Net Minority Interest": "-31,466", "Total Unusual Items Excluding Goodwill": "-247", "Total Unusual Items": "-247", "Normalized EBITDA": "-24,232", "Tax Rate for Calcs": "0", "Tax Effect of Unusual Items": "-66.69"}}, "bs": {"11/30/2020": {"Duration": "11/30/2020", "Total Assets": "224,441", "Total Liabilities Net Minority Interest": "113,714", "Total Equity Gross Minority Interest": "110,727", "Total Capitalization": "220,528", "Common Stock Equity": "110,727", "Capital Lease Obligations": "611", "Net Tangible Assets": "110,727", "Working Capital": "192,877", "Invested Capital": "220,528", "Tangible Book Value": "110,727", "Total Debt": "110,412", "Net Debt": "48,895", "Share Issued": "330,400", "Ordinary Shares Number": "330,400"}, "11/30/2019": {"Duration": "11/30/2019", "Total Assets": "245,835", "Total Liabilities Net Minority Interest": "107,881", "Total Equity Gross Minority Interest": "137,954", "Total Capitalization": "241,741", "Common Stock Equity": "137,954", "Capital Lease Obligations": "-", "Net Tangible Assets": "137,954", "Working Capital": "146,996", "Invested Capital": "241,741", "Tangible Book Value": "137,954", "Total Debt": "103,787", "Net Debt": "36,238", "Share Issued": "327,630", "Ordinary Shares Number": "327,630"}, "11/30/2018": {"Duration": "11/30/2018", "Total Assets": "260,929", "Total Liabilities Net Minority Interest": "100,241", "Total Equity Gross Minority Interest": "160,688", "Total Capitalization": "257,189", "Common Stock Equity": "160,688", "Capital Lease Obligations": "-", "Net Tangible Assets": "160,688", "Working Capital": "165,723", "Invested Capital": "257,189", "Tangible Book Value": "160,688", "Total Debt": "96,501", "Net Debt": "75,497", "Share Issued": "323,200", "Ordinary Shares Number": "323,200"}}, "cf": {"TTM": {"Duration": "TTM", "Operating Cash Flow": "-10,020", "Investing Cash Flow": "4,724", "Financing Cash Flow": "-1,652", "End Cash Position": "60,906", "Income Tax Paid Supplemental Data": "-", "Interest Paid Supplemental Data": "-", "Repayment of Debt": "-", "Free Cash Flow": "-10,020"}, "11/30/2020": {"Duration": "11/30/2020", "Operating Cash Flow": "-10,020", "Investing Cash Flow": "4,724", "Financing Cash Flow": "-1,652", "End Cash Position": "60,906", "Income Tax Paid Supplemental Data": "-", "Interest Paid Supplemental Data": "-", "Repayment of Debt": "-", "Free Cash Flow": "-10,020"}, "11/30/2019": {"Duration": "11/30/2019", "Operating Cash Flow": "-6,127", "Investing Cash Flow": "53,861", "Financing Cash Flow": "-1,197", "End Cash Position": "67,549", "Income Tax Paid Supplemental Data": "-", "Interest Paid Supplemental Data": "-", "Repayment of Debt": "-", "Free Cash Flow": "-6,127"}, "11/30/2018": {"Duration": "11/30/2018", "Operating Cash Flow": "-10,392", "Investing Cash Flow": "3,528", "Financing Cash Flow": "0", "End Cash Position": "21,004", "Income Tax Paid Supplemental Data": "331", "Interest Paid Supplemental Data": "-", "Repayment of Debt": "-", "Free Cash Flow": "-10,392"}}}}, {"RIC": {"quote": {"03/29/2021": {"value": "", "Net Assets": "N/A", "Beta (5Y Monthly)": "N/A", "Yield": "N/A", "5y Average Return": "N/A", "Holdings Turnover": "N/A", "Last Dividend": "N/A", "Average for Category": "N/A", "Inception Date": "N/A"}}, "fin": {}, "bs": {}, "cf": {}}}, {"KGJI": {"quote": {"03/29/2021": {"value": "0.2023", "Market Cap": "2.276M", "Beta (5Y Monthly)": "-0.00", "PE Ratio (TTM)": "0.50", "EPS (TTM)": "0.4050", "Earnings Date": "Jun 29, 2020 - Jun 30, 2020", "Forward Dividend & Yield": "N/A (N/A)", "Ex-Dividend Date": "Jun 26, 2014", "1y Target Est": "N/A"}}, "fin": {"TTM": {"Duration": "TTM", "Total Revenue": "2,065,512", "Cost of Revenue": "1,850,448", "Gross Profit": "215,065", "Operating Expense": "16,097", "Operating Income": "198,968", "Net Non Operating Interest Income Expense": "-177,760", "Other Income Expense": "-", "Pretax Income": "21,207", "Tax Provision": "16,741", "Net Income Common Stockholders": "4,466", "Diluted NI Available to Com Stockholders": "4,466", "Basic EPS": "-", "Diluted EPS": "-", "Basic Average Shares": "-", "Diluted Average Shares": "-", "Total Operating Income as Reported": "198,968", "Total Expenses": "1,866,545", "Net Income from Continuing & Discontinued Operation": "4,466", "Normalized Income": "4,466", "Interest Income": "1,288", "Interest Expense": "168,094", "Net Interest Income": "-177,760", "EBIT": "189,301", "EBITDA": "190,801", "Reconciled Cost of Revenue": "1,849,386", "Reconciled Depreciation": "1,501", "Net Income from Continuing Operation Net Minority Interest": "4,466", "Total Unusual Items Excluding Goodwill": "-", "Total Unusual Items": "-", "Normalized EBITDA": "190,801", "Tax Rate for Calcs": "0", "Tax Effect of Unusual Items": "0"}, "12/31/2018": {"Duration": "12/31/2018", "Total Revenue": "2,475,666", "Cost of Revenue": "2,211,343", "Gross Profit": "264,323", "Operating Expense": "12,174", "Operating Income": "252,149", "Net Non Operating Interest Income Expense": "-170,929", "Other Income Expense": "63.449", "Pretax Income": "81,283", "Tax Provision": "31,736", "Net Income Common Stockholders": "49,547", "Diluted NI Available to Com Stockholders": "49,547", "Basic EPS": "4.50", "Diluted EPS": "4.50", "Basic Average Shares": "11,019", "Diluted Average Shares": "11,032", "Total Operating Income as Reported": "252,149", "Total Expenses": "2,223,517", "Net Income from Continuing & Discontinued Operation": "49,547", "Normalized Income": "49,547", "Interest Income": "1,764", "Interest Expense": "160,445", "Net Interest Income": "-170,929", "EBIT": "241,728", "EBITDA": "-", "Reconciled Cost of Revenue": "2,210,205", "Reconciled Depreciation": "1,727", "Net Income from Continuing Operation Net Minority Interest": "49,547", "Total Unusual Items Excluding Goodwill": "-", "Total Unusual Items": "-", "Normalized EBITDA": "243,455", "Tax Rate for Calcs": "0", "Tax Effect of Unusual Items": "0"}}, "bs": {"12/31/2018": {"Duration": "12/31/2018", "Total Assets": "2,699,814", "Total Liabilities Net Minority Interest": "2,061,479", "Total Equity Gross Minority Interest": "638,335", "Total Capitalization": "1,527,140", "Common Stock Equity": "638,335", "Net Tangible Assets": "638,335", "Working Capital": "837,289", "Invested Capital": "2,634,787", "Tangible Book Value": "638,335", "Total Debt": "1,996,452", "Net Debt": "1,996,219", "Share Issued": "11,019", "Ordinary Shares Number": "11,019"}}, "cf": {"TTM": {"Duration": "TTM", "Operating Cash Flow": "-165,578", "Investing Cash Flow": "-202,783", "Financing Cash Flow": "356,117", "End Cash Position": "16,496", "Income Tax Paid Supplemental Data": "19,301", "Interest Paid Supplemental Data": "169,186", "Capital Expenditure": "19.064", "Issuance of Debt": "1,093,675", "Repayment of Debt": "-730,015", "Free Cash Flow": "-165,559"}, "12/31/2018": {"Duration": "12/31/2018", "Operating Cash Flow": "365,671", "Investing Cash Flow": "-145.507", "Financing Cash Flow": "-367,573", "End Cash Position": "12,798", "Income Tax Paid Supplemental Data": "10,262", "Interest Paid Supplemental Data": "163,183", "Capital Expenditure": "-145.507", "Issuance of Debt": "1,185,302", "Repayment of Debt": "-1,540,915", "Free Cash Flow": "365,525"}}}}, {"OSTO": {"quote": {"03/29/2021": {"value": "0.2500", "Market Cap": "3.586M", "Beta (5Y Monthly)": "-696.43", "PE Ratio (TTM)": "N/A", "EPS (TTM)": "-0.0230", "Earnings Date": "N/A", "Forward Dividend & Yield": "N/A (N/A)", "Ex-Dividend Date": "N/A", "1y Target Est": "N/A"}}, "fin": {"TTM": {"Duration": "TTM", "Total Revenue": "219.733", "Cost of Revenue": "31.279", "Gross Profit": "188.454", "Operating Expense": "486.375", "Operating Income": "-297.921", "Net Non Operating Interest Income Expense": "-", "Other Income Expense": "0.929", "Pretax Income": "-324.586", "Tax Provision": "0.8", "Net Income Common Stockholders": "-325.386", "Diluted NI Available to Com Stockholders": "-325.386", "Basic EPS": "-", "Diluted EPS": "-", "Basic Average Shares": "-", "Diluted Average Shares": "-", "Total Operating Income as Reported": "-297.921", "Total Expenses": "517.654", "Net Income from Continuing & Discontinued Operation": "-325.386", "Normalized Income": "-325.386", "Interest Expense": "-", "Net Interest Income": "-", "EBIT": "-298.79", "EBITDA": "-275.242", "Reconciled Cost of Revenue": "31.279", "Reconciled Depreciation": "23.548", "Net Income from Continuing Operation Net Minority Interest": "-325.386", "Normalized EBITDA": "-275.242", "Tax Rate for Calcs": "0", "Tax Effect of Unusual Items": "0"}, "12/31/2018": {"Duration": "12/31/2018", "Total Revenue": "204.57", "Cost of Revenue": "34.611", "Gross Profit": "169.959", "Operating Expense": "500.432", "Operating Income": "-330.473", "Net Non Operating Interest Income Expense": "-27.594", "Other Income Expense": "-0.869", "Pretax Income": "-358.936", "Tax Provision": "0.8", "Net Income Common Stockholders": "-359.736", "Diluted NI Available to Com Stockholders": "-359.736", "Basic EPS": "-0.03", "Diluted EPS": "-0.03", "Basic Average Shares": "14,342", "Diluted Average Shares": "14,342", "Total Operating Income as Reported": "-330.473", "Total Expenses": "535.043", "Net Income from Continuing & Discontinued Operation": "-359.736", "Normalized Income": "-359.736", "Interest Expense": "27.594", "Net Interest Income": "-27.594", "EBIT": "-331.342", "EBITDA": "-", "Reconciled Cost of Revenue": "34.611", "Reconciled Depreciation": "25.371", "Net Income from Continuing Operation Net Minority Interest": "-359.736", "Normalized EBITDA": "-305.971", "Tax Rate for Calcs": "0", "Tax Effect of Unusual Items": "0"}}, "bs": {"12/31/2018": {"Duration": "12/31/2018", "Total Assets": "862.814", "Total Liabilities Net Minority Interest": "2,153", "Total Equity Gross Minority Interest": "-1,290", "Total Capitalization": "-1,180", "Common Stock Equity": "-1,290", "Net Tangible Assets": "-1,290", "Working Capital": "-1,543", "Invested Capital": "-641.217", "Tangible Book Value": "-1,290", "Total Debt": "648.881", "Net Debt": "645.585", "Share Issued": "14,342", "Ordinary Shares Number": "14,342"}}, "cf": {"TTM": {"Duration": "TTM", "Operating Cash Flow": "-15.435", "Investing Cash Flow": "-2.854", "Financing Cash Flow": "-9.632", "End Cash Position": "6.522", "Issuance of Capital Stock": "4.453", "Repayment of Debt": "-14.085", "Free Cash Flow": "-18.885"}, "12/31/2018": {"Duration": "12/31/2018", "Operating Cash Flow": "8.681", "Investing Cash Flow": "0.596", "Financing Cash Flow": "-12.967", "End Cash Position": "3.296", "Issuance of Capital Stock": "4.453", "Repayment of Debt": "-17.42", "Free Cash Flow": "8.681"}}}}, {"LVCA": {"quote": {"03/29/2021": {"value": "0.0260", "Market Cap": "1.001M", "Beta (5Y Monthly)": "2.40", "PE Ratio (TTM)": "N/A", "EPS (TTM)": "-0.0110", "Earnings Date": "N/A", "Forward Dividend & Yield": "N/A (N/A)", "Ex-Dividend Date": "N/A", "1y Target Est": "N/A"}}, "fin": {}, "bs": {}, "cf": {}}}, {"CTGO": {"quote": {"03/29/2021": {"value": "19.00", "Market Cap": "116.887M", "Beta (5Y Monthly)": "1.24", "PE Ratio (TTM)": "4.74", "EPS (TTM)": "4.01", "Earnings Date": "Feb 11, 2021", "Forward Dividend & Yield": "N/A (N/A)", "Ex-Dividend Date": "N/A", "1y Target Est": "29.40"}}, "fin": {"TTM": {"Duration": "TTM", "Total Revenue": "0", "Operating Expense": "9,662", "Operating Income": "-9,662", "Net Non Operating Interest Income Expense": "13.804", "Other Income Expense": "37,252", "Pretax Income": "27,603", "Tax Provision": "1,835", "Net Income Common Stockholders": "25,768", "Diluted NI Available to Com Stockholders": "25,768", "Basic EPS": "-", "Diluted EPS": "-", "Basic Average Shares": "-", "Diluted Average Shares": "-", "Rent Expense Supplemental": "-", "Total Expenses": "9,662", "Interest Income": "13.804", "Net Interest Income": "13.804", "Net Income from Continuing & Discontinued Operation": "25,768", "Normalized Income": "25,768", "EBIT": "-9,662", "EBITDA": "-9,662", "Net Income from Continuing Operation Net Minority Interest": "25,768", "Normalized EBITDA": "-9,662", "Tax Rate for Calcs": "0", "Tax Effect of Unusual Items": "0"}, "6/30/2020": {"Duration": "6/30/2020", "Total Revenue": "0", "Operating Expense": "5,595", "Operating Income": "-5,595", "Net Non Operating Interest Income Expense": "74.954", "Other Income Expense": "-3,720", "Pretax Income": "-9,240", "Tax Provision": "0", "Net Income Common Stockholders": "-9,240", "Diluted NI Available to Com Stockholders": "-9,240", "Basic EPS": "-1.43", "Diluted EPS": "-1.43", "Basic Average Shares": "6,476", "Diluted Average Shares": "6,476", "Rent Expense Supplemental": "-", "Total Expenses": "5,595", "Interest Income": "74.954", "Net Interest Income": "74.954", "Net Income from Continuing & Discontinued Operation": "-9,240", "Normalized Income": "-9,240", "EBIT": "-5,595", "EBITDA": "-", "Net Income from Continuing Operation Net Minority Interest": "-9,240", "Normalized EBITDA": "-5,595", "Tax Rate for Calcs": "0", "Tax Effect of Unusual Items": "0"}, "6/30/2019": {"Duration": "6/30/2019", "Total Revenue": "0", "Operating Expense": "4,441", "Operating Income": "-4,441", "Net Non Operating Interest Income Expense": "224.707", "Other Income Expense": "-4,140", "Pretax Income": "-8,356", "Tax Provision": "0", "Net Income Common Stockholders": "-8,356", "Diluted NI Available to Com Stockholders": "-8,356", "Basic EPS": "-1.33", "Diluted EPS": "-1.33", "Basic Average Shares": "6,282", "Diluted Average Shares": "6,282", "Rent Expense Supplemental": "-", "Total Expenses": "4,441", "Interest Income": "224.707", "Net Interest Income": "224.707", "Net Income from Continuing & Discontinued Operation": "-8,356", "Normalized Income": "-8,356", "EBIT": "-4,441", "EBITDA": "-", "Net Income from Continuing Operation Net Minority Interest": "-8,356", "Normalized EBITDA": "-4,441", "Tax Rate for Calcs": "0", "Tax Effect of Unusual Items": "0"}, "6/30/2018": {"Duration": "6/30/2018", "Total Revenue": "0", "Operating Expense": "3,768", "Operating Income": "-3,768", "Net Non Operating Interest Income Expense": "158.776", "Other Income Expense": "-2,580", "Pretax Income": "-6,189", "Tax Provision": "0", "Net Income Common Stockholders": "-6,189", "Diluted NI Available to Com Stockholders": "-6,189", "Basic EPS": "-1.09", "Diluted EPS": "-1.09", "Basic Average Shares": "5,675", "Diluted Average Shares": "5,675", "Rent Expense Supplemental": "-", "Total Expenses": "3,768", "Interest Income": "158.776", "Net Interest Income": "158.776", "Net Income from Continuing & Discontinued Operation": "-6,189", "Normalized Income": "-6,189", "EBIT": "-3,768", "EBITDA": "-", "Net Income from Continuing Operation Net Minority Interest": "-6,189", "Normalized EBITDA": "-3,768", "Tax Rate for Calcs": "0", "Tax Effect of Unusual Items": "0"}}, "bs": {"6/30/2020": {"Duration": "6/30/2020", "Total Assets": "3,084", "Total Liabilities Net Minority Interest": "1,089", "Total Equity Gross Minority Interest": "1,995", "Total Capitalization": "1,995", "Common Stock Equity": "1,995", "Net Tangible Assets": "1,995", "Working Capital": "1,995", "Invested Capital": "1,995", "Tangible Book Value": "1,995", "Share Issued": "6,590", "Ordinary Shares Number": "6,557", "Treasury Shares Number": "32.874"}, "6/30/2019": {"Duration": "6/30/2019", "Total Assets": "8,762", "Total Liabilities Net Minority Interest": "419.289", "Total Equity Gross Minority Interest": "8,343", "Total Capitalization": "8,343", "Common Stock Equity": "8,343", "Net Tangible Assets": "8,343", "Working Capital": "8,343", "Invested Capital": "8,343", "Tangible Book Value": "8,343", "Share Issued": "6,357", "Ordinary Shares Number": "6,357", "Treasury Shares Number": "-"}, "6/30/2018": {"Duration": "6/30/2018", "Total Assets": "13,966", "Total Liabilities Net Minority Interest": "256.404", "Total Equity Gross Minority Interest": "13,710", "Total Capitalization": "13,710", "Common Stock Equity": "13,710", "Net Tangible Assets": "13,710", "Working Capital": "13,710", "Invested Capital": "13,710", "Tangible Book Value": "13,710", "Share Issued": "6,153", "Ordinary Shares Number": "6,153", "Treasury Shares Number": "-"}}, "cf": {"TTM": {"Duration": "TTM", "Operating Cash Flow": "-4,913", "Investing Cash Flow": "28,809", "Financing Cash Flow": "2,689", "End Cash Position": "31,940", "Free Cash Flow": "-4,913"}, "6/30/2020": {"Duration": "6/30/2020", "Operating Cash Flow": "-1,392", "Investing Cash Flow": "-3,720", "Financing Cash Flow": "-476.672", "End Cash Position": "3,012", "Free Cash Flow": "-1,392"}, "6/30/2019": {"Duration": "6/30/2019", "Operating Cash Flow": "-1,070", "Investing Cash Flow": "-4,140", "Financing Cash Flow": "0", "End Cash Position": "8,601", "Free Cash Flow": "-1,070"}, "6/30/2018": {"Duration": "6/30/2018", "Operating Cash Flow": "-1,001", "Investing Cash Flow": "-2,580", "Financing Cash Flow": "12,200", "End Cash Position": "13,811", "Free Cash Flow": "-1,001"}}}}, {"USCS": {"quote": {"03/29/2021": {"value": "0.0145", "Market Cap": "5.072M", "Beta (5Y Monthly)": "-1.40", "PE Ratio (TTM)": "", "EPS (TTM)": "0.0000", "Earnings Date": "N/A", "Forward Dividend & Yield": "N/A (N/A)", "Ex-Dividend Date": "N/A", "1y Target Est": "N/A"}}, "fin": {}, "bs": {}, "cf": {}}}, {"AIVN": {"quote": {"03/29/2021": {"value": "0.0211", "Market Cap": "2.09M", "Beta (5Y Monthly)": "2.58", "PE Ratio (TTM)": "N/A", "EPS (TTM)": "-0.0030", "Earnings Date": "N/A", "Forward Dividend & Yield": "N/A (N/A)", "Ex-Dividend Date": "N/A", "1y Target Est": "N/A"}}, "fin": {"TTM": {"Duration": "TTM", "Total Revenue": "0", "Cost of Revenue": "-131.718", "Gross Profit": "131.718", "Operating Expense": "1,134", "Operating Income": "-1,002", "Net Non Operating Interest Income Expense": "-0.766", "Pretax Income": "-1,003", "Tax Provision": "0", "Net Income Common Stockholders": "-927.738", "Diluted NI Available to Com Stockholders": "-927.738", "Basic EPS": "-", "Diluted EPS": "-", "Basic Average Shares": "-", "Diluted Average Shares": "-", "Total Operating Income as Reported": "-1,002", "Total Expenses": "1,002", "Interest Income": "-", "Interest Expense": "0.766", "Net Interest Income": "-0.766", "Net Income from Continuing & Discontinued Operation": "-927.738", "Normalized Income": "-927.738", "EBIT": "-1,002", "EBITDA": "-911.878", "Reconciled Cost of Revenue": "-131.718", "Reconciled Depreciation": "90.266", "Net Income from Continuing Operation Net Minority Interest": "-927.738", "Total Unusual Items Excluding Goodwill": "-", "Total Unusual Items": "-", "Normalized EBITDA": "-911.878", "Tax Rate for Calcs": "0", "Tax Effect of Unusual Items": "0"}, "5/31/2018": {"Duration": "5/31/2018", "Total Revenue": "41.31", "Cost of Revenue": "62.708", "Gross Profit": "-21.398", "Operating Expense": "688.877", "Operating Income": "-710.275", "Net Non Operating Interest Income Expense": "-16.356", "Pretax Income": "-726.631", "Tax Provision": "0", "Net Income Common Stockholders": "-587.22", "Diluted NI Available to Com Stockholders": "-587.22", "Basic EPS": "-0.00", "Diluted EPS": "-0.00", "Basic Average Shares": "277,120", "Diluted Average Shares": "277,120", "Total Operating Income as Reported": "-710.275", "Total Expenses": "751.585", "Interest Income": "0", "Interest Expense": "16.356", "Net Interest Income": "-16.356", "Net Income from Continuing & Discontinued Operation": "-587.22", "Normalized Income": "-587.22", "EBIT": "-710.275", "EBITDA": "-", "Reconciled Cost of Revenue": "62.708", "Reconciled Depreciation": "80.941", "Net Income from Continuing Operation Net Minority Interest": "-587.22", "Total Unusual Items Excluding Goodwill": "-", "Total Unusual Items": "-", "Normalized EBITDA": "-629.334", "Tax Rate for Calcs": "0", "Tax Effect of Unusual Items": "0"}}, "bs": {"5/31/2018": {"Duration": "5/31/2018", "Total Assets": "1,495", "Total Liabilities Net Minority Interest": "143.824", "Total Equity Gross Minority Interest": "1,352", "Total Capitalization": "1,572", "Common Stock Equity": "1,572", "Net Tangible Assets": "282.638", "Working Capital": "-90.359", "Invested Capital": "1,572", "Tangible Book Value": "282.638", "Total Debt": "-", "Share Issued": "332,400", "Ordinary Shares Number": "332,400"}}, "cf": {"TTM": {"Duration": "TTM", "Operating Cash Flow": "288.015", "Investing Cash Flow": "13.762", "Financing Cash Flow": "-327.15", "End Cash Position": "8.608", "Capital Expenditure": "-", "Issuance of Capital Stock": "-", "Issuance of Debt": "-", "Repayment of Debt": "-27.15", "Repurchase of Capital Stock": "-", "Free Cash Flow": "301.777"}, "5/31/2018": {"Duration": "5/31/2018", "Operating Cash Flow": "-107.402", "Investing Cash Flow": "-6.31", "Financing Cash Flow": "-29.481", "End Cash Position": "12.555", "Capital Expenditure": "-6.31", "Issuance of Capital Stock": "-", "Issuance of Debt": "0", "Repayment of Debt": "-29.481", "Repurchase of Capital Stock": "-", "Free Cash Flow": "-113.712"}}}}, {"CGCO": {"quote": {"03/29/2021": {"value": "0.0679", "Market Cap": "307,508", "Beta (5Y Monthly)": "-0.16", "PE Ratio (TTM)": "N/A", "EPS (TTM)": "-0.1760", "Earnings Date": "N/A", "Forward Dividend & Yield": "N/A (N/A)", "Ex-Dividend Date": "N/A", "1y Target Est": "N/A"}}, "fin": {}, "bs": {}, "cf": {}}}, {"IMII": {"quote": {"03/29/2021": {"value": "0.0330", "Market Cap": "2.422M", "Beta (5Y Monthly)": "1.10", "PE Ratio (TTM)": "8.25", "EPS (TTM)": "0.0040", "Earnings Date": "N/A", "Forward Dividend & Yield": "N/A (N/A)", "Ex-Dividend Date": "N/A", "1y Target Est": "0.19"}}, "fin": {"TTM": {"Duration": "TTM", "Total Revenue": "4,398", "Cost of Revenue": "3,725", "Gross Profit": "672.784", "Operating Expense": "1,311", "Operating Income": "-638.179", "Net Non Operating Interest Income Expense": "12,952", "Other Income Expense": "-18.53", "Pretax Income": "12,296", "Tax Provision": "0", "Net Income Common Stockholders": "12,296", "Diluted NI Available to Com Stockholders": "12,296", "Basic EPS": "-", "Diluted EPS": "-", "Basic Average Shares": "-", "Diluted Average Shares": "-", "Total Operating Income as Reported": "-638.179", "Total Expenses": "5,036", "Net Income from Continuing & Discontinued Operation": "12,296", "Normalized Income": "12,399", "Interest Expense": "-12,952", "Net Interest Income": "12,952", "EBIT": "-656.709", "EBITDA": "-569.227", "Reconciled Cost of Revenue": "3,725", "Reconciled Depreciation": "87.482", "Net Income from Continuing Operation Net Minority Interest": "12,296", "Total Unusual Items Excluding Goodwill": "-102.636", "Total Unusual Items": "-102.636", "Normalized EBITDA": "-466.591", "Tax Rate for Calcs": "0", "Tax Effect of Unusual Items": "0"}, "12/31/2019": {"Duration": "12/31/2019", "Total Revenue": "4,955", "Cost of Revenue": "3,692", "Gross Profit": "1,263", "Operating Expense": "2,067", "Operating Income": "-803.704", "Net Non Operating Interest Income Expense": "-8,488", "Other Income Expense": "2,318", "Pretax Income": "-6,974", "Tax Provision": "0", "Net Income Common Stockholders": "-6,975", "Diluted NI Available to Com Stockholders": "-6,975", "Basic EPS": "-0.12", "Diluted EPS": "-0.12", "Basic Average Shares": "57,057", "Diluted Average Shares": "57,057", "Total Operating Income as Reported": "-803.704", "Total Expenses": "5,759", "Net Income from Continuing & Discontinued Operation": "-6,975", "Normalized Income": "-9,225", "Interest Expense": "8,488", "Net Interest Income": "-8,488", "EBIT": "1,514", "EBITDA": "-", "Reconciled Cost of Revenue": "3,692", "Reconciled Depreciation": "212.006", "Net Income from Continuing Operation Net Minority Interest": "-6,975", "Total Unusual Items Excluding Goodwill": "2,250", "Total Unusual Items": "2,250", "Normalized EBITDA": "-523.71", "Tax Rate for Calcs": "0", "Tax Effect of Unusual Items": "0"}, "12/31/2018": {"Duration": "12/31/2018", "Total Revenue": "3,968", "Cost of Revenue": "3,779", "Gross Profit": "188.924", "Operating Expense": "2,035", "Operating Income": "-1,846", "Net Non Operating Interest Income Expense": "-4,757", "Other Income Expense": "975.993", "Pretax Income": "-5,627", "Tax Provision": "0", "Net Income Common Stockholders": "-5,626", "Diluted NI Available to Com Stockholders": "-5,626", "Basic EPS": "-0.11", "Diluted EPS": "-0.11", "Basic Average Shares": "53,501", "Diluted Average Shares": "53,501", "Total Operating Income as Reported": "-1,846", "Total Expenses": "5,814", "Net Income from Continuing & Discontinued Operation": "-5,626", "Normalized Income": "-6,597", "Interest Expense": "4,757", "Net Interest Income": "-4,757", "EBIT": "-870.286", "EBITDA": "-", "Reconciled Cost of Revenue": "3,779", "Reconciled Depreciation": "225.395", "Net Income from Continuing Operation Net Minority Interest": "-5,626", "Total Unusual Items Excluding Goodwill": "971.051", "Total Unusual Items": "971.051", "Normalized EBITDA": "-1,616", "Tax Rate for Calcs": "0", "Tax Effect of Unusual Items": "0"}}, "bs": {"12/31/2019": {"Duration": "12/31/2019", "Total Assets": "1,416", "Total Liabilities Net Minority Interest": "24,412", "Total Equity Gross Minority Interest": "-22,996", "Total Capitalization": "-21,421", "Preferred Stock Equity": "0.001", "Common Stock Equity": "-22,988", "Net Tangible Assets": "-22,988", "Working Capital": "-21,396", "Invested Capital": "-13,873", "Tangible Book Value": "-22,988", "Total Debt": "9,115", "Net Debt": "9,067", "Share Issued": "60,035", "Ordinary Shares Number": "60,035"}, "12/31/2018": {"Duration": "12/31/2018", "Total Assets": "1,354", "Total Liabilities Net Minority Interest": "19,438", "Total Equity Gross Minority Interest": "-18,084", "Total Capitalization": "-18,075", "Preferred Stock Equity": "0.001", "Common Stock Equity": "-18,075", "Net Tangible Assets": "-18,075", "Working Capital": "-18,443", "Invested Capital": "-9,806", "Tangible Book Value": "-18,075", "Total Debt": "8,269", "Net Debt": "8,218", "Share Issued": "54,094", "Ordinary Shares Number": "54,094"}}, "cf": {"TTM": {"Duration": "TTM", "Operating Cash Flow": "230.101", "Investing Cash Flow": "619.104", "Financing Cash Flow": "-908.706", "End Cash Position": "150.043", "Interest Paid Supplemental Data": "680.951", "Capital Expenditure": "-", "Issuance of Capital Stock": "0", "Issuance of Debt": "2,242", "Repayment of Debt": "-3,150", "Free Cash Flow": "179.454"}, "12/31/2019": {"Duration": "12/31/2019", "Operating Cash Flow": "-429.845", "Investing Cash Flow": "-1.723", "Financing Cash Flow": "428.982", "End Cash Position": "47.996", "Interest Paid Supplemental Data": "1,387", "Capital Expenditure": "-1.723", "Issuance of Capital Stock": "48.75", "Issuance of Debt": "5,764", "Repayment of Debt": "-5,384", "Free Cash Flow": "-431.568"}, "12/31/2018": {"Duration": "12/31/2018", "Operating Cash Flow": "-175.029", "Investing Cash Flow": "-30.499", "Financing Cash Flow": "199.65", "End Cash Position": "50.857", "Interest Paid Supplemental Data": "1,058", "Capital Expenditure": "-30.499", "Issuance of Capital Stock": "131.01", "Issuance of Debt": "4,468", "Repayment of Debt": "-4,399", "Free Cash Flow": "-205.528"}}}}, {"AKG": {"fin": {}, "bs": {}, "cf": {}}}, {"PGLC": {"fin": {}, "bs": {}, "cf": {}}}, {"EGI": {"fin": {}, "bs": {}, "cf": {}}}, {"GG": {"fin": {}, "bs": {}, "cf": {}}}, {"SBGL": {"fin": {}, "bs": {}, "cf": {}}}, {"GRZG": {"fin": {}, "bs": {}, "cf": {}}}, {"BFGC": {"fin": {}, "bs": {}, "cf": {}}}, {"RNGC": {"fin": {}, "bs": {}, "cf": {}}}, {"BSRAF": {"fin": {}, "bs": {}, "cf": {}}}, {"LSTG": {"fin": {}, "bs": {}, "cf": {}}}]